2020 3342
278 242 347 282 516
785 243 1011 280 LITTERAE
1037 251 1394 285 QUADRIMESTRES

277 340 391 380 satis
411 340 606 379 honesto
622 340 723 378 loco
746 343 884 377 natus
905 337 1194 386 adolescens,
1216 337 1274 376 ab
1293 337 1383 376 alio
1401 347 1494 376 non
1513 337 1706 376 multum
1725 343 1894 387 aetate,

276 410 481 450 moribus
503 416 656 449 autem
677 410 815 459 longe
837 407 1063 457 dissimili,
1087 413 1226 459 atque
1248 407 1312 447 ita
1339 408 1627 457 uulneratuS,
1652 414 1700 447 ut
1724 407 1780 447 de
1800 408 1898 447 eius

274 481 369 520 uita
388 492 531 531 prope
548 480 845 530 desperatum
862 484 998 518 esset.
1017 477 1347 529 Quamobrem,
1367 478 1444 528 qui
1461 477 1684 529 maleficii
1701 477 1709 496 ¹
1733 477 1899 518 author

274 551 437 601 fuerat,
462 562 518 590 ne
547 562 573 589 a
597 549 828 590 uulnerati
850 548 994 588 fratre
1021 548 1067 588 in
1088 548 1159 588 ius
1180 555 1428 588 uocaretur
1450 548 1640 597 ueritus,
1662 548 1892 595 latitabat.

273 633 509 672 nunquam
536 621 673 660 domo
702 619 863 671 egredi
889 630 1044 670 ausus;
1073 618 1154 659 sed
1171 625 1352 659 tantum
1369 619 1513 669 abest,
1537 625 1586 659 ut
1604 619 1729 659 caesi
1749 619 1894 659 frater

273 703 376 732 eum
398 692 501 731 odio
524 696 898 742 prosequeretur,
922 696 971 730 ut
992 691 1133 730 etiam
1149 690 1277 729 illum
1299 689 1374 729 diu
1396 689 1662 741 quaesierit,
1682 690 1896 741 quaesito

272 774 383 802 uero
418 769 460 802 et
496 762 700 811 inuento,
729 773 903 801 noxam
932 761 1267 801 humanissime
1289 760 1579 800 condonarit.
1610 759 1715 800 Non
1746 760 1900 800 minus

273 839 639 873 commemoratu
670 831 862 883 dignum
890 838 974 881 est,
1005 831 1128 883 quod
1158 832 1213 870 de
1241 831 1443 882 quodam
1473 831 1566 870 alio
1589 831 1760 881 fertur
1782 830 1867 881 qui
1887 830 1901 849 ‘³
1942 833 1944 835 ’

272 915 376 943 cum
397 915 488 943 non
511 903 729 954 ignobilis
750 909 872 942 esset
893 902 1190 953 conditionis,
1214 902 1278 941 ita
1300 914 1447 954 aequo
1469 902 1623 941 animo
1654 907 1900 953 acceptum

271 974 520 1025 colaphum
542 973 775 1023 sustinuit,
799 973 953 1024 utqui
974 973 1220 1013 lacessitus
1242 979 1357 1022 erat,
1383 984 1410 1012 a
1432 974 1690 1012 lacessente
1711 972 1896 1012 ueniam

274 1045 618 1096 deprecaretur,
645 1044 703 1085 ad
726 1044 824 1084 eius
844 1054 999 1094 genua
1027 1045 1316 1095 prouolutus.

351 1115 472 1166 Quid
492 1127 603 1155 uero
621 1115 677 1155 de
698 1115 754 1155 iis
775 1115 943 1165 dicam,
968 1126 1085 1166 quos
1102 1114 1297 1154 dextera
1313 1114 1498 1155 Excelsi
1516 1114 1775 1155 incredibili
1792 1126 1900 1166 qua-

271 1186 377 1226 dam
398 1186 570 1225 uirtute
592 1186 655 1225 ita
677 1185 889 1235 mutauit,
913 1192 962 1225 ut
983 1196 1182 1225 excusso
1200 1185 1345 1226 durae
1366 1185 1606 1225 seruitutis
1624 1185 1750 1236 iugo,
1775 1185 1899 1237 quod

269 1258 351 1297 sub
376 1257 619 1307 daemone,
643 1256 816 1297 mundo
839 1268 895 1296 ac
913 1268 1055 1296 carne
1078 1256 1385 1305 sustinebant,
1405 1255 1708 1296 blandissimo
1727 1255 1901 1297 Christi

270 1328 379 1379 iugo
403 1329 523 1368 colla
553 1328 902 1379 supposuerint?
930 1327 1017 1368 Vir
1047 1334 1147 1367 erat
1175 1327 1365 1379 quidam
1395 1327 1484 1367 hac
1506 1327 1552 1366 in
1582 1327 1695 1367 urbe
1716 1327 1773 1367 ob
1796 1339 1900 1368 exe-

271 1399 446 1439 cranda
468 1398 644 1450 flagitia
673 1399 886 1439 omnibus
915 1399 1109 1448 inuisus,
1139 1410 1230 1450 quo
1260 1398 1399 1438 etiam
1426 1398 1611 1438 nomine
1633 1399 1690 1438 ab
1721 1399 1833 1438 urbe
1854 1398 1900 1438 in

274 1470 467 1510 exilium
488 1471 722 1520 relegatus
743 1469 909 1519 fuerat,
942 1469 1019 1509 vbi
1051 1469 1410 1520 expilationibus
1435 1475 1480 1509 et
1510 1468 1774 1509 homicidiis
1794 1468 1900 1509 insi-

269 1541 378 1592 gnis
398 1541 479 1581 diu
501 1552 606 1580 cum
622 1541 831 1590 uixisset,
849 1541 999 1580 nostri
1016 1539 1259 1580 cuiusdam
1279 1539 1434 1580 Patris
1455 1551 1613 1591 opera,
1633 1539 1706 1580 cui
1723 1551 1808 1580 sua
1825 1539 1900 1580 ille

268 1618 462 1663 peccata
480 1612 722 1652 confessus
745 1611 910 1661 fuerat,
936 1610 1151 1651 effectum
1175 1618 1243 1651 est
1263 1617 1327 1660 ut,
1362 1610 1574 1661 deposito
1596 1622 1650 1650 eo
1671 1610 1796 1651 uitae
1817 1620 1899 1661 ge-

268 1694 394 1732 nere,
417 1683 637 1722 tutiorem
665 1682 854 1723 uiuendi
885 1682 1113 1722 rationem
1137 1682 1379 1733 arriperet.
1404 1679 1477 1721 Nil
1497 1681 1572 1721 ille
1604 1687 1829 1728 moratur,
1853 1686 1898 1721 et

272 1753 482 1804 corporis
503 1753 738 1804 animique
758 1759 936 1793 mutato
954 1753 1130 1803 habitu,
1155 1764 1204 1792 se
1226 1751 1329 1792 Deo
1346 1758 1494 1792 totum
1515 1751 1773 1792 monachus
1792 1750 1896 1792 effe-

271 1830 387 1873 ctus,
418 1824 620 1864 deuouit.
654 1824 862 1875 Dignum
893 1812 1104 1875 profecto
1135 1823 1238 1863 uiro
1269 1823 1465 1863 facinus.
1497 1822 1714 1863 Ceterum
1744 1834 1899 1863 nonne

270 1896 424 1935 animo
460 1896 563 1946 plus
594 1907 734 1946 quam
754 1895 878 1935 uirili
898 1894 983 1935 suit
1011 1894 1227 1935 foeminei
1257 1894 1515 1945 infirmique
1552 1905 1690 1934 sexus
1711 1893 1895 1944 mulier,

271 1978 388 2017 quae
410 1978 515 2006 cum
537 1966 808 2017 compositis
836 1966 929 2006 iam
957 1965 1222 2006 foederibus
1244 1971 1437 2016 accepta
1470 1972 1592 2004 esset
1623 1965 1669 2004 in
1700 1975 1899 2004 uxorem

271 2037 328 2076 ab
350 2048 537 2088 sponso,
562 2044 816 2088 posteaque
835 2037 892 2076 ab
914 2037 1015 2088 ipso
1038 2047 1153 2087 repu
1166 2036 1298 2086 liata,
1323 2037 1470 2076 altera
1493 2035 1657 2085 ascita,
1680 2047 1772 2075 non
1793 2046 1899 2075 eum

270 2108 315 2147 in
332 2108 402 2147 ius
418 2109 621 2158 uocauit,
640 2108 721 2148 sed
737 2108 912 2148 omisso
926 2107 1112 2147 mortali
1124 2118 1313 2158 sponso,
1328 2106 1514 2147 Christo
1527 2118 1628 2146 sese
1642 2106 1895 2157 copulauit,

269 2179 444 2218 nullam
465 2190 664 2230 passura
694 2179 892 2230 amplius
921 2179 1176 2229 repulsam,
1208 2177 1299 2217 nisi
1324 2189 1373 2217 se
1400 2177 1501 2229 ipsa
1531 2189 1556 2217 a
1583 2188 1754 2228 sponso
1776 2187 1861 2217 suo
1883 2175 1897 2195 ³

270 2256 435 2301 sponte
456 2249 723 2290 subtrahat?

347 2319 486 2359 Plura
510 2320 582 2360 his
611 2331 730 2371 quae
748 2320 951 2360 scribam
980 2331 1075 2360 non
1105 2320 1398 2369 Succurrunt‚
1428 2317 1481 2358 R.
1512 2317 1579 2368 P„
1604 2324 1647 2358 et
1673 2317 1892 2369 quoniam

269 2390 552 2441 paucissima
576 2396 697 2440 sunt,
724 2401 947 2441 rogamus
974 2390 1026 2431 R.
1050 2390 1099 2430 Ρ.
1123 2390 1174 2431 T.
1200 2396 1251 2430 ut
1270 2401 1354 2441 pro
1375 2389 1507 2429 nobis
1525 2388 1647 2440 apud
1664 2387 1814 2428 Deum
1832 2388 1895 2428 in-

271 2461 479 2501 tercedat
496 2472 587 2512 quo
613 2461 856 2511 grauiores
873 2462 1037 2501 uineae
1054 2461 1187 2501 nobis
1208 2460 1487 2501 commissae
1509 2459 1710 2499 cultores
1730 2459 1890 2498 simus.

347 2531 607 2582 Messanae,
631 2531 683 2571 24
705 2532 777 2571 die
800 2530 1059 2584 Septembr.
1087 2531 1202 2572 1556.

350 2601 420 2642 De
440 2602 766 2642 commissione
787 2602 829 2641 d'
850 2603 880 2642 il
902 2601 951 2642 P.
974 2602 1180 2643 Rettore.

348 2672 401 2713 R.
426 2672 472 2713 P.
497 2672 549 2712 T.
574 2673 793 2724 indignus
813 2684 978 2713 seruus
1000 2685 1055 2714 ac
1076 2673 1197 2714 filius
1218 2673 1265 2713 in
1284 2673 1394 2725 Jesu
1414 2671 1624 2723 Christo,

1118 2815 1406 2856 FRANC1sCUs
1434 2813 1724 2855 STEPHANUS.

323 2948 333 2968 ²
372 2949 504 2976 delicti.
521 2949 706 2976 Pomncus.

323 2996 337 3016 2
374 2997 531 3031 quidam.
546 2995 600 3024 10.

322 3043 334 3063 ³
373 3043 444 3077 X.⁰,
459 3044 491 3071 id
506 3048 569 3078 est,
586 3041 732 3076 Christo,
747 3042 876 3070 addidit
892 3041 1072 3070 Polancus.
