2020 3342
267 216 339 256 588
774 213 1000 252 LITTERAE
1027 220 1384 256 QUADRIMESTRES

290 299 294 303 ¹
345 314 455 356 Inde
476 318 580 365 post
615 312 662 352 15
688 311 786 352 dies
815 309 872 350 ad
898 308 1192 350 Mateolanos
1219 307 1502 359 (Matelicam
1533 307 1706 358 dicunt)
1736 306 1887 359 profe-

268 386 343 437 cti,
369 384 626 426 incredibili
647 392 807 422 amore
829 387 967 433 atque
988 381 1165 421 honore
1187 392 1213 420 a
1234 378 1490 419 Praefectis
1521 389 1684 419 eorum
1714 378 1902 419 aduen³

267 463 340 498 tus
362 462 431 497 est
452 460 690 506 exceptus.
712 452 793 504 Ibi,
818 453 925 493 licet
959 453 1221 504 importune
1250 451 1554 491 concionator
1575 450 1764 502 quidam
1792 462 1891 490 mo*

266 528 462 577 nachus,
484 526 643 566 nescio
664 536 755 577 quo
777 524 929 565 studio
961 524 1141 573 ductus,
1172 533 1344 574 magna
1375 527 1561 562 nostros
1589 522 1886 562 contentione

267 603 575 651 oppugnaret,
599 597 707 637 dum
728 596 794 636 sic
822 594 1103 635 venerabilis
1131 600 1175 634 et
1201 599 1535 634 sacrosanctae
1560 593 1885 633 Eucharistiae

265 670 490 710 honorem
511 674 555 709 et
577 668 751 708 cultum
772 667 924 717 magis
945 665 1065 706 tueri
1086 677 1141 705 ac
1163 665 1363 705 retinere
1384 669 1584 716 putaret,
1609 664 1648 704 si
1673 663 1742 704 fre
1752 662 1884 716 quen-

264 748 355 781 tem
378 741 477 781 eius
498 740 668 791 populo
692 739 986 779 iterationem
1014 736 1454 788 perceptionemque
1485 735 1716 776 obstinate
1747 747 1885 787 nega-

264 819 349 863 ret,
374 818 417 852 et
440 824 466 851 a
487 811 659 851 nostris
679 810 853 862 passim
875 808 1210 861 praedicatam,
1235 813 1421 848 strenue
1441 806 1715 858 fortiterque
1741 806 1901 858 impu--

261 889 450 935 gnaret:
474 894 568 922 non
589 882 744 922 minor
766 886 921 921 tamen
943 892 1000 920 ex
1021 891 1090 930 eo,
1114 890 1254 930 quam
1276 890 1334 919 ex
1356 878 1457 918 aliis
1478 877 1676 930 populis
1705 878 1884 918 fructus

262 955 448 996 Christo
469 951 690 1006 vindi[ce]
712 951 1017 1005 praesideque
1039 957 1284 1003 perceptus
1305 956 1390 990 est.

341 1025 577 1076 Fabriani,
602 1030 787 1077 praeter
808 1034 1096 1064 communem
1118 1022 1261 1063 totius
1294 1021 1451 1073 populi
1470 1021 1685 1071 fructum,
1711 1021 1794 1072 qui
1819 1032 1881 1061 ce-

260 1097 402 1137 lebris
436 1100 523 1147 est,
554 1109 612 1137 ex
642 1095 950 1145 contionibus,
984 1107 1041 1135 ex
1073 1094 1284 1134 doctrina
1318 1093 1589 1143 christiana,
1621 1105 1677 1133 ex
1700 1099 1882 1133 sancto-

260 1180 364 1209 rum
380 1171 788 1208 sacramentorum
799 1165 1206 1218 frequentatz'orsze,
1228 1164 1317 1204 duo
1335 1164 1396 1204 ibi
1417 1164 1642 1205 coenobia
1664 1164 1710 1204 in
1731 1164 1881 1216 pristi-

260 1251 369 1279 nam
390 1239 629 1290 religionis
652 1238 965 1289 integritatem
988 1243 1031 1277 et
1060 1238 1185 1277 vitae
1215 1236 1593 1276 communitatem
1621 1241 1728 1276 sunt
1753 1235 1882 1276 resti-

260 1318 375 1352 tuta.
811 1356 817 1367 ³

339 1383 588 1423 Praeclara
610 1393 721 1422 uero
757 1387 800 1421 et
828 1380 1136 1429 admirabilia,
1166 1391 1282 1432 quae
1314 1380 1359 1420 in
1387 1380 1560 1421 Sancto
1589 1379 1790 1420 Genesio
1821 1380 1881 1430 (in

259 1453 526 1505 praecipuis
548 1465 602 1493 ea
623 1459 691 1492 est
714 1451 869 1492 Piceni
893 1451 1190 1502 ciuitatibus),
1214 1451 1491 1503 praesertim
1519 1450 1563 1491 in
1593 1451 1748 1491 multis
1776 1451 1880 1491 hae-

259 1524 416 1564 reticis
443 1530 581 1575 atque
609 1524 664 1562 ab
692 1523 932 1563 Ecclesiae
961 1523 1233 1573 transfugiS,
1266 1529 1371 1563 acta
1400 1528 1520 1563 sunt.
1545 1523 1718 1564 Omnes
1739 1523 1803 1563 illi
1824 1524 1879 1563 si-

259 1595 459 1647 quidem,
477 1595 620 1646 pm‘zcs
643 1595 858 1634 obdurati
880 1595 956 1635 diu
978 1600 1022 1634 et
1043 1595 1286 1635 excaecati
1308 1595 1353 1635 in
1370 1607 1423 1635 ea
1441 1594 1649 1646 perfidia,
1669 1598 1879 1645 cunctos,

260 1667 424 1719 quibus
451 1666 756 1717 ducebantur,
788 1677 972 1706 errores
1002 1666 1193 1706 insanos
1221 1666 1402 1717 eiurati,
1433 1667 1494 1705 ad
1521 1670 1878 1706 sacrosanctam

258 1750 359 1778 sese
381 1737 968 1788 Ecclesiamreuocarun13
993 1744 1131 1789 atque
1163 1750 1255 1778 vno
1287 1749 1447 1778 omnes
1479 1749 1725 1789 consensu,
1758 1749 1877 1789 quae

257 1809 315 1850 ad
337 1809 674 1849 subuertendos
703 1821 894 1849 suorum
926 1809 1098 1849 ciuium
1129 1810 1311 1850 animos
1340 1809 1519 1849 nefaria
1552 1809 1876 1850 conuenticula

257 1881 442 1921 assidue
477 1881 845 1931 celebrauerant,
884 1882 929 1921 in
964 1881 1145 1921 fidelem
1181 1889 1225 1922 et
1261 1888 1473 1922 sanctam
1509 1882 1780 1922 societatem
1818 1881 1876 1921 ad

255 1964 387 1993 suam
410 1964 793 2003 communemque
816 1953 987 1993 ciuium
1015 1954 1227 2003 salutem,
1258 1965 1315 1993 ex
1351 1953 1632 1993 authoritate
1667 1959 1711 1993 et
1747 1964 1876 2004 prae-

256 2023 429 2074 scripto
451 2029 732 2074 nostrorum,
757 2024 840 2063 sub
863 2035 1022 2064 eorum
1045 2024 1189 2064 oculis
1211 2025 1521 2074 contulerunt,
1547 2030 1591 2064 et
1611 2025 1658 2064 in
1680 2024 1877 2075 singulis

256 2094 492 2134 mensibus
528 2095 734 2134 solemne
774 2094 1055 2134 dominicum
1093 2095 1329 2135 celebrare
1365 2095 1632 2135 conuiuium
1672 2095 1876 2135 institue-

255 2171 375 2205 runt.
399 2165 500 2205 Hoc
522 2176 634 2205 uero
657 2166 905 2216 negocium
928 2172 1022 2206 tam
1045 2166 1344 2206 memorabile
1356 2166 1479 2217 snit,
1501 2170 1553 2206 vt
1583 2167 1740 2207 multis
1769 2159 1875 2207 ante

255 2237 389 2276 annis
415 2237 461 2276 in
488 2236 656 2277 Piceno
684 2237 795 2288 quid
824 2238 977 2277 simile
998 2250 1090 2277 non
1113 2237 1381 2289 coutsgem't.
1410 2238 1583 2289 Magna
1606 2244 1705 2278 erat
1727 2238 1874 2289 perdi-

254 2314 406 2347 torum
429 2308 668 2349 hominum
691 2309 950 2359 multitudo,
975 2320 1145 2359 graues
1163 2315 1206 2349 et
1223 2309 1445 2360 flagitiosi
1462 2320 1661 2349 errores:
1681 2310 1782 2361 ipsa
1801 2309 1874 2350 de-

253 2379 390 2430 nique
413 2379 592 2430 ciuitas,
623 2391 705 2430 per
734 2381 963 2431 insignem
992 2381 1231 2420 infamiam
1262 2381 1580 2432 improborum
1610 2381 1873 2432 perfugium

255 2457 392 2501 atque
415 2451 595 2502 asylum
625 2452 1001 2492 Lutheranorum
1028 2453 1185 2503 uulgo,
1219 2452 1264 2492 id
1296 2452 1420 2504 quod
1451 2458 1564 2502 erat,
1598 2452 1869 2492 habebatur.

268 2521 374 2560 Vere
396 2522 569 2571 digitus
590 2522 693 2573 Dei,
717 2521 868 2562 Patris
889 2523 1205 2563 Emmanuelis
1227 2529 1271 2563 et
1298 2523 1519 2563 comitum
1549 2524 1595 2563 in
1624 2523 1786 2563 sancta
1818 2535 1872 2563 ea

253 2592 628 2642 peregrinatione
651 2605 838 2633 cursum
861 2594 1052 2645 uiasque
1074 2594 1257 2645 direxit,
1282 2606 1479 2646 quorum
1507 2596 1649 2646 opera
1682 2606 1757 2634 res
1778 2600 1874 2634 tam

254 2663 426 2702 arduas
448 2675 502 2702 ac
524 2663 731 2704 difficiles
752 2665 888 2704 toties
909 2656 1133 2716 tantoque
1156 2665 1248 2705 iam
1276 2665 1384 2705 olim
1408 2665 1570 2705 labore
1598 2677 1625 2705 a
1652 2665 1873 2716 grauissi-

253 2734 339 2773 mis
375 2735 657 2785 summisque
695 2735 807 2775 uiris
842 2737 1150 2787 nequicquam
1186 2736 1390 2786 agitatas
1418 2736 1709 2787 omnipotens
1742 2735 1872 2776 Deus

252 2804 464 2855 confecit,
489 2805 546 2845 ad
569 2805 811 2858 exitusque
833 2812 1018 2858 optatos
1040 2814 1082 2847 et
1104 2806 1263 2847 felices
1284 2807 1514 2858 perduxit.
1535 2806 1630 2847 Nec
1647 2807 1708 2846 ibi
1726 2806 1871 2847 defuit

251 2876 564 2926 reparandum
581 2878 929 2925 monasterium,
950 2879 1087 2929 longe
1105 2878 1323 2927 omnium,
1343 2889 1463 2929 quae
1478 2878 1697 2918 Picenum
1715 2877 1868 2926 habet,

252 2935 677 2997 dissolutissimum3
703 2949 916 2999 quamuis
937 2953 1093 2989 antem
1115 2948 1450 3000 deplorandum
1468 2949 1618 2996 magis
1636 2960 1774 2999 quam
1792 2936 1870 2988 exss

253 3017 490 3060 citandum
513 3017 771 3069 uidebatur,
797 3023 1124 3070 recuperatmn
1146 3024 1302 3060 tamen
1323 3019 1396 3060 X!
1423 3019 1589 3069 gratia
1610 3023 1652 3059 et
1669 3018 1797 3060 velut
1815 3019 1870 3059 ab
