2020 3342
291 285 357 323 104
799 286 1022 324 LITTERAE
1049 297 1404 330 QUADRIMESTRES

549 381 618 422 De
641 382 860 422 mandato
882 382 1035 422 Patris
1055 383 1204 422 nostri
1222 382 1330 423 M.tri
1359 381 1616 424 Paschasii.

923 453 977 493 R.
1002 453 1050 493 P.
1074 453 1125 493 T.

972 523 1145 564 Seruus
1166 524 1534 576 indignissimus,

1218 665 1453 707 N1c0LAUs
1484 666 1798 709 BELLEFILLE.

359 880 709 932 Superscmptso
740 880 788 920 sn
820 882 992 931 quarta
1017 879 1229 931 pagina:
1259 879 1360 919 R.d0
1389 880 1434 920 in
1470 879 1592 931 Xpo.
1627 879 1757 921 Patri
1790 881 1897 922 D.¹¹0

278 953 460 1003 ignatio
482 952 538 992 de
560 951 753 1003 Layola,
777 952 1048 1003 Praeposito
1069 952 1277 1002 generali
1296 950 1542 992 Societatis
1560 952 1761 992 nominis
1776 951 1902 1005 Jesu,

279 1025 325 1063 in
347 1023 538 1064 aedibus
559 1023 732 1063 Beatae
754 1022 930 1063 Mariae
953 1022 1071 1062 della
1094 1021 1277 1074 Strada,
1301 1022 1492 1063 Romae.

356 1095 415 1134 Di
437 1101 570 1146 porto
596 1107 655 1134 vn
677 1106 836 1134 mezzo
856 1094 991 1147 Julio.

356 1166 466 1205 Alia
487 1177 648 1205 anana:
675 1165 786 1205 1556.
812 1164 1018 1204 Parisiis.
1044 1164 1419 1215 Quadrimestres
1439 1165 1490 1205 27
1514 1165 1705 1216 Aprilis.

368 1236 628 1287 Vestigium
649 1247 781 1275 cerae
800 1235 969 1286 sigilli.

337 1662 584 1689 Prae-:edentes
600 1662 729 1690 Nicolai
747 1662 909 1690 Bellefille
928 1663 1066 1689 litterae
1082 1670 1101 1689 a
1114 1662 1148 1689 P.
1165 1662 1310 1690 Polanco
1326 1663 1527 1691 decurtatae
1545 1668 1576 1691 et
1593 1663 1791 1691 emendatae
1808 1663 1831 1691 ¹.

1006 1808 1155 1860 Jesus.

348 1953 418 1993 Ex
448 1953 613 1992 litteris
642 1952 854 2002 Magistri
887 1951 1064 1991 Nicolai
1093 1951 1338 1991 Bellcfillae
1383 1950 1573 1991 Parisiis
1610 1951 1797 2003 scriptis
1835 1952 1884 1991 27

270 2024 445 2075 Aprilis
474 2023 569 2062 1550
591 2024 618 2063 ².

351 2095 516 2134 Gratia
538 2099 580 2134 et
598 2100 705 2145 pax
733 2094 924 2144 Christi,
946 2097 1027 2133 etc,

343 2166 567 2206 Sanctum
599 2166 886 2206 Germanum
920 2177 1004 2216 pro
1033 2177 1162 2205 more
1191 2165 1538 2216 frequentamus
1574 2175 1680 2204 cum
1714 2175 1887 2216 magna

264 2248 425 2277 eorum
447 2235 769 2277 aedificatione
791 2243 930 2288 atque
952 2236 1287 2284 consolatione,
1313 2236 1394 2286 qus
1405 2235 1640 2286 puritatis
1658 2238 1772 2275 szmt
1788 2239 1887 2275 stu-

263 2307 401 2357 diosi,
423 2319 528 2347 cum
551 2308 839 2347 aemulorum
867 2312 1021 2346 autem
1048 2307 1183 2358 graui
1215 2305 1506 2356 offendiculo,
1533 2317 1729 2357 quorum
1760 2305 1888 2346 effre-

262 2379 333 2418 nis
353 2378 507 2418 rabies
529 2378 825 2418 sanctissima
854 2389 1064 2429 quaeque
1091 2377 1280 2428 vipereo
1310 2388 1488 2416 veneno
1510 2384 1706 2416 conatur
1728 2375 1885 2416 infice--

262 2461 323 2489 re.
349 2448 554 2500 Rugiunt
571 2455 696 2488 certe
714 2460 769 2488 ac
786 2448 999 2488 frendent
1017 2448 1062 2487 in
1084 2460 1170 2487 nos
1186 2448 1405 2487 continuo
1422 2449 1592 2497 leones,
1614 2454 1662 2487 vt
1683 2447 1885 2487 vixdum

260 2520 455 2560 emissos
476 2519 626 2559 foetus
647 2519 930 2569 interimant,
962 2522 1006 2558 et
1026 2518 1209 2569 quidem
1238 2530 1286 2558 eo
1319 2518 1496 2568 magz‘s’,
1524 2518 1646 2569 quod
1674 2529 1783 2558 suos
1812 2530 1883 2558 co-

260 2597 412 2640 natus,
437 2591 601 2641 quibus
622 2602 708 2630 nos
738 2590 891 2630 delere
918 2590 1241 2638 moliebantur,
1275 2591 1434 2640 quales
1467 2589 1704 2640 optabant,
1735 2589 1886 2629 exitus

259 2672 352 2701 non
369 2661 586 2700 habuisse
603 2662 809 2701 videant.
829 2660 1123 2712 Quapropter
1141 2661 1277 2710 longe
1296 2659 1560 2700 acerbiores
1579 2671 1716 2711 quam
1730 2666 1883 2710 antea,

259 2733 298 2772 si
326 2732 391 2772 eis
427 2738 549 2772 esset
577 2733 811 2783 integrum
839 2732 1135 2772 occasionem
1165 2736 1213 2771 ut
1242 2731 1450 2771 nancisci
1480 2736 1691 2782 possent,
1723 2729 1883 2770 aduer-

259 2814 361 2843 sum
382 2814 466 2843 nos
487 2802 746 2842 excitarent
774 2802 1053 2853 tragoedias;
1079 2802 1161 2841 sed
1184 2808 1391 2841 metuunt
1420 2813 1476 2841 ne
1505 2813 1624 2852 quae
1645 2800 1691 2841 in
1712 2812 1798 2841 nos
1819 2801 1882 2841 vi-

312 2962 320 2981 ¹
361 2961 444 2988 Bina
459 2967 536 2989 sunt
552 2962 672 2989 harum
690 2962 885 2988 litterarum
900 2962 947 2989 sic
963 2961 1220 2988 emendatarum
1236 2961 1447 2995 apographa,
1464 2960 1556 2988 aliud
1573 2960 1605 2987 in
1620 2960 1676 2987 fol.
1692 2968 1722 2987 n.
1734 2960 1779 2993 37,
1790 2960 1880 2987 aliud

257 3017 286 3037 n.
302 3009 478 3042 AO.—·Quae
494 3009 626 3036 italiczs
641 3009 694 3036 hic
710 3009 942 3043 describimus,
960 3017 1060 3036 manu
1085 3009 1222 3043 propria
1239 3009 1394 3043 apposuit
1411 3008 1577 3035 Polancus
1592 3008 1626 3035 in
1647 3008 1874 3043 autographo.

310 3058 323 3075 ·-'
360 3056 488 3084 Horum
503 3058 576 3084 loco
592 3057 623 3083 in
638 3057 852 3090 autographo
874 3057 915 3083 ad
930 3057 1075 3091 paginae
1091 3064 1185 3084 oram
1208 3057 1392 3091 scripserat
1415 3055 1592 3083 Polancus:
1612 3054 1665 3081 Ex
1685 3055 1768 3082 aliis
1791 3055 1879 3083 eius-

257 3107 336 3133 dem
349 3104 394 3132 '27
410 3104 546 3140 Aprilis
562 3105 647 3132 1556
656 3124 663 3131 .
