2020 3342
220 261 293 298 712
844 258 1076 294 Appmmx
1101 266 1235 293 PRIMA

302 357 373 397 Vt=
387 357 447 397 ad
468 355 517 396 P.
541 356 591 396 T.
617 367 671 395 ea
692 366 815 394 nunc
833 353 1049 401 scribam,
1069 364 1189 404 quae
1202 352 1273 391 his
1289 352 1608 403 superioribus
1625 351 1708 391 4.οΓ
1724 363 1838 392 men

220 429 348 469 sibus
368 440 451 480 per
471 427 607 467 huius
629 424 814 475 collegii
835 424 1076 475 operarios
1096 422 1327 463 Dominus
1354 422 1575 473 dignatus
1602 430 1672 462 est
1701 422 1851 463 effice-

219 511 285 546 re,
309 499 461 539 dicam
483 496 709 547 imprimis
731 495 786 535 de
808 494 1023 534 Patribus
1043 493 1344 533 Emmanuele
1364 492 1662 533 Ferdinando
1681 499 1724 532 et
1746 493 1851 533 eius

220 571 347 611 socio
369 569 506 609 Petro
528 567 730 608 Sanctae
760 565 939 612 Crucis,
962 565 1040 616 qui
1060 570 1165 615 post
1186 575 1320 604 suum
1344 564 1546 615 primum
1576 563 1704 603 Eluis
1731 563 1849 603 redi—

219 649 315 681 tum
338 640 408 690 (eo
430 639 552 679 enirn
574 651 600 678 a
622 637 671 678 Ρ.
702 637 821 677 M.t¹’0
843 636 1040 687 Myrone
1069 634 1222 685 missi,
1246 634 1460 686 Principe
1491 634 1740 674 Cardinale
1770 645 1849 685 po·

219 712 435 760 stulante‚
460 710 657 757 iuerant,
681 714 732 748 vt
755 720 813 748 ex
835 707 938 747 aliis
958 706 1104 746 literis
1125 705 1174 746 P.
1197 705 1249 746 T.
1274 706 1423 756 potuit
1443 705 1716 756 intelligere)
1737 705 1744 723 ¹
1767 705 1847 745 ite-

217 794 320 822 rum
341 781 503 821 eodem
526 780 583 820 ab
605 779 768 819 eodem
790 777 926 817 Patre
944 777 1073 817 missi
1089 783 1210 824 sunt,
1230 776 1416 816 ineunte
1434 787 1592 816 mense
1610 776 1847 827 Augusto,

218 853 388 893 etenim
409 851 572 903 pietati
594 861 647 890 ac
671 849 909 889 deuotioni
930 848 1188 888 incolarum
1210 847 1334 887 illius
1357 847 1484 886 vrbis
1505 847 1590 886 fuit
1617 847 1851 898 obtempe-

217 923 429 972 randum,
454 934 511 961 ex
533 921 697 973 quibus
717 919 926 959 nonnulli
947 918 1035 958 uiri
1057 918 1234 957 nobiles
1256 917 1315 957 ad
1333 918 1455 957 hanc
1471 918 1634 957 vrbem
1651 927 1847 965 venere,

218 995 295 1045 qui
315 994 404 1033 hoc
436 993 585 1044 ipsum
613 1003 639 1030 a
668 990 884 1041 Principe
916 989 1154 1029 Cardinali
1182 994 1512 1039 exposcerent,
1544 999 1740 1039 quorum
1770 987 1849 1027 ille

215 1065 431 1116 precibus
472 1068 731 1102 commotus
752 1094 759 1110 ‚
802 1060 923 1100 idem
964 1060 1131 1099 iterum
1171 1072 1197 1099 a
1238 1057 1285 1098 P.
1326 1058 1523 1110 Myrone
1562 1058 1738 1110 petiuit.
1775 1057 1848 1098 De

216 1135 454 1176 commodo
476 1137 518 1173 et
541 1132 771 1184 spirituali
790 1132 963 1180 fructu,
983 1142 1116 1181 quem
1128 1133 1418 1180 praepotens
1435 1130 1566 1169 Deus
1582 1129 1746 1168 ibidem
1757 1134 1848 1180 per

216 1206 327 1246 illos
344 1208 569 1257 operatus
586 1207 657 1243 est
679 1202 707 1251 ²,
731 1203 892 1242 literas
914 1202 1180 1252 accepimus
1208 1212 1234 1240 a
1258 1200 1306 1240 Ρ.
1337 1200 1474 1240 Petro
1503 1199 1704 1240 Sanctae
1732 1198 1845 1240 Cru-

218 1279 299 1327 cis,
324 1276 488 1328 quibus
510 1275 626 1315 haec
647 1273 744 1313 fere
767 1284 884 1324 quae
914 1275 1178 1323 sequuntur
1192 1271 1446 1322 praeciptte
1471 1271 1844 1310 continebantur.

296 1348 539 1396 Venimus,
564 1344 829 1385 charissimi
845 1345 1028 1391 fratres,
1050 1343 1095 1382 in
1112 1343 1233 1382 hanc
1251 1342 1415 1381 vrbem
1430 1341 1574 1382 Eluas
1592 1342 1736 1381 altera
1754 1340 1841 1391 die,

217 1431 356 1471 quam
380 1419 485 1458 inde
507 1415 703 1468 profecti
720 1427 893 1463 sumus,
913 1415 989 1454 ubi
1008 1425 1178 1464 magna
1196 1413 1431 1453 hilaritate
1448 1418 1492 1452 et
1509 1412 1683 1463 gaudio
1703 1412 1851 1452 totius

216 1489 373 1542 populi
394 1488 576 1539 excepti
597 1498 776 1531 sumus,
801 1485 1076 1537 praesertim
1097 1485 1280 1536 piorum
1309 1483 1549 1523 hominum
1575 1483 1709 1523 nobis
1739 1482 1848 1522 cha-

216 1561 521 1604 rissimorum.
547 1559 622 1609 qui
645 1569 751 1597 cum
772 1559 974 1608 primum
996 1556 1069 1596 die
1090 1567 1181 1595 vno
1205 1562 1342 1595 antea
1360 1555 1612 1594 aduentum
1633 1559 1843 1593 nostrum

217 1632 565 1682 cognouissent,
589 1629 771 1669 ardenti
791 1627 933 1668 animi
960 1626 1190 1667 desiderio
1226 1626 1359 1666 nobis
1388 1625 1575 1665 obuiam
1601 1624 1651 1664 in
1677 1624 1846 1664 itinere

219 1702 429 1749 veniunt,
450 1701 496 1740 in
517 1711 606 1751 quo
628 1699 641 1717 ³
663 1705 811 1739 totum
831 1705 1014 1749 tempus
1034 1698 1154 1737 illius
1176 1697 1266 1736 diei
1288 1696 1607 1748 vespertinum
1635 1701 1844 1747 praesto-

215 1775 390 1823 lantur,
423 1772 570 1812 donec
597 1770 899 1821 desperantes
927 1769 1113 1808 domum
1143 1768 1360 1817 redeunt3
1392 1767 1473 1807 sed
1507 1773 1637 1807 tanta
1664 1766 1841 1806 laetitia

215 1851 403 1896 postera
425 1843 497 1883 die
519 1842 671 1882 affecti
693 1848 813 1891 sunt,
838 1841 947 1881 dum
974 1851 1060 1880 nos
1092 1839 1279 1889 vident,
1308 1844 1359 1878 vt
1387 1838 1447 1878 ad
1478 1838 1654 1878 amicos
1683 1837 1841 1877 statim

216 1915 487 1956 cursitarint
508 1947 515 1963 ,
556 1914 664 1953 boni
703 1912 861 1953 nuncii
895 1911 1102 1963 praemia
1149 1911 1438 1961 postulantes
1459 1921 1466 1956 ;
1507 1909 1688 1949 intense
1724 1920 1844 1948 sane

215 1997 378 2027 omnes
399 1984 567 2036 ganisi
583 1987 720 2032 sunt,·
741 1993 821 2022 nec
841 1982 998 2022 minus
1020 1993 1108 2021 nos
1122 1980 1236 2030 illis,
1258 1991 1397 2031 quam
1414 1979 1634 2019 illiuobss
1649 1978 1849 2018 incundi

211 2057 262 2097 in
281 2056 483 2096 Domino
505 2055 728 2103 extitere,·
748 2053 1011 2093 inuenimus
1031 2053 1188 2103 itaque
1218 2051 1455 2091 ciuitatem
1486 2050 1635 2089 nullis
1651 2053 1842 2100 pertur-

213 2127 476 2168 batiombns
496 2126 752 2176 agitatam,
774 2135 889 2176 pace
911 2130 954 2163 et
974 2123 1308 2174 tranquillitate
1339 2121 1583 2171 fruentem,
1607 2120 1707 2161 Deo
1738 2132 1845 2171 gra-

214 2200 317 2247 tias3
343 2205 387 2238 et
409 2209 690 2249 quamquam
711 2208 737 2235 a
760 2195 1003 2235 deuotione
1032 2194 1324 2244 frequentum
1346 2192 1691 2232 confessionum
1720 2191 1843 2231 defe-

214 2276 376 2311 cerant
396 2268 617 2317 nonnulli,
642 2267 757 2307 alios
779 2273 934 2306 tamen
955 2266 1200 2316 plerosque
1231 2263 1493 2303 inuenimus
1514 2262 1601 2302 Dei
1633 2263 1845 2302 bonitate

213 2342 411 2381 aliorum
427 2339 741 2379 infirmitatem
757 2337 1054 2385 sustinentes,
1075 2342 1118 2375 et
1136 2335 1182 2375 in
1199 2334 1437 2386 proposito
1459 2339 1838 2384 perseuerantes,

212 2411 382 2463 partim
404 2417 570 2450 octauo
591 2420 773 2460 quoque
795 2407 882 2456 die,
906 2407 1075 2458 partim
1095 2405 1290 2455 singulis
1307 2405 1563 2456 quibusque
1584 2403 1835 2454 mensibUS,

214 2482 385 2533 partim
402 2481 541 2521 etiarn
560 2479 861 2531 frequentius⁴
880 2478 1124 2529 Capsulae,
1144 2477 1190 2516 in
1207 2476 1371 2527 quibus
1393 2485 1567 2524 eorum,
1592 2474 1669 2525 qui
1690 2474 1843 2514 iuras-

215 2559 317 2593 sent
338 2552 537 2592 mulctae
558 2549 748 2590 recondi
767 2548 930 2589 solitae
952 2553 1099 2598 erant,
1128 2558 1220 2586 non
1249 2551 1429 2586 tantum
1450 2544 1621 2584 habent
1642 2544 1837 2595 reditus,

215 2624 277 2674 id,
300 2623 422 2674 quod
443 2623 628 2673 signum
649 2620 986 2661 emendationis
1008 2618 1257 2658 credimus

269 2781 280 2802 ¹
319 2781 425 2813 Haec,
438 2789 523 2815 quae
537 2782 569 2808 in
585 2779 805 2813 autographo
817 2778 948 2805 uncinis
963 2778 1081 2804 clausa
1094 2781 1183 2807 sunt,
1199 2776 1301 2809 linea,
1318 2774 1444 2809 partim
1456 2773 1582 2805 subter,
1596 2776 1729 2806 partem
1739 2777 1844 2806 super

215 2829 318 2856 ducta
339 2829 509 2860 visuntur,
531 2828 626 2862 quasi
651 2827 683 2854 in
705 2826 962 2853 transcribendo
978 2814 1285 2859 praetermittenda
1302 2825 1425 2849 essent:
1441 2825 1476 2848 at
1494 2820 1594 2847 facile
1608 2823 1704 2854 patet
1714 2820 1849 2854 legent?

214 2876 256 2903 iis
271 2876 527 2910 praetermissis
542 2874 747 2901 sententiam
763 2880 917 2900 mancam
933 2873 1017 2899 fore.

267 2923 281 2942 2
320 2922 445 2949 Horum
462 2923 534 2949 loco
548 2922 736 2956 scripserat
753 2920 921 2947 Polancus
934 2920 1024 2947 inter
1037 2919 1144 2946 lineas
1159 2918 1389 2952 subsequuto,·
1404 2916 1472 2950 sed,
1493 2922 1531 2942 eo
1545 2915 1667 2947 deleto,
1683 2914 1841 2948 apposuit

216 2971 248 2997 in
258 2977 323 2997 -ora
339 2970 481 2996 chartae
496 2971 557 3003 qm'
571 2973 677 3003 opera
692 2969 836 2995 illorum
851 2968 902 2994 ibi
915 2969 1036 3001 ceptus
1052 2968 1115 2994 est.

266 3018 280 3038 5
300 3024 305 3031 ‘
319 3017 411 3044 Haec
428 3025 490 3043 non
506 3017 641 3044 Polanci
657 3016 715 3043 sed
730 3016 848 3050 ignota
862 3015 1006 3049 quadam
1023 3021 1124 3041 manu
1144 3014 1193 3041 ita
1207 3012 1490 3040 emendata-sunt:
1511 3010 1764 3045 processerunt
1779 3008 1842 3036 ob·

212 3066 309 3093 viam
326 3072 365 3091 ac
381 3064 412 3091 in
428 3065 499 3090 via.
