2020 3342
845 246 927 285 ΑΝ.
957 246 1047 285 1556
1687 250 1758 287 565

132 343 319 385 modum
349 349 623 395 stupescunt
650 344 872 396 plerique,
906 355 1011 384 cum
1041 343 1200 384 vident
1229 354 1329 394 nos,
1361 343 1486 383 nulla
1512 354 1593 395 spe
1623 345 1758 395 pretii

133 421 212 456 aut
232 415 459 456 mercedis
487 415 690 466 adducti,
722 415 1091 455 confessionibus
1119 414 1314 466 aliisque
1345 413 1492 454 solitis
1512 411 1759 455 Societatis

133 492 321 527 nostrae
356 485 624 526 ministeriis
659 498 848 527 vacare:
885 485 1002 526 adeo
1037 487 1161 526 enim
1199 485 1437 526 contraria
1471 485 1758 526 consuetudo

131 556 357 606 inualuit,
377 562 426 596 ut
446 556 657 597 nonnulli
679 557 963 597 arbitrentur
984 568 1077 597 non
1098 561 1224 596 recte
1241 560 1541 608 peccatorum
1562 556 1759 596 nexibus

133 638 181 667 se
210 627 433 667 liberatos
463 627 551 668 nisi
582 627 777 680 pecunia
809 627 1140 668 intercesserit.
1169 626 1265 667 Nec
1296 626 1462 667 desunt
1499 627 1576 678 qui
1603 627 1760 668 dicant

132 698 340 739 crebrius
360 710 409 739 se
431 697 490 739 ad
510 698 854 739 confessionem
875 708 1166 749 accessuros,
1197 698 1236 738 si
1257 698 1469 749 pecunia,
1501 709 1620 749 quae
1641 698 1760 739 solui

131 770 261 818 solet,
286 769 374 809 illis
405 769 749 821 suppeditaret:
771 769 801 809 ii
829 781 957 819 uero,
991 769 1180 820 cognita
1209 772 1378 809 nostra
1408 770 1760 820 consuetudine,

131 852 223 881 non
245 852 353 881 raro
376 840 669 881 confitentur.

208 910 305 952 Nec
327 912 478 952 solum
499 911 624 953 domi
644 918 725 953 aut
742 912 788 953 in
809 912 1009 953 ecclesia
1027 912 1400 954 confessionibus
1421 911 1664 953 audiendis
1682 923 1759 952 va-

130 988 278 1033 catur,
301 982 393 1022 imo
420 986 464 1023 et
486 982 545 1023 ab
575 982 784 1032 aegrotis
811 994 951 1034 saepe
978 981 1142 1024 Patres
1167 990 1491 1024 accersuntur.
1524 983 1759 1024 Nonnum-

129 1065 268 1105 quam
296 1060 340 1094 et
367 1054 425 1093 ab
457 1053 544 1104 his,
574 1053 652 1106 qui
680 1054 728 1094 in
756 1054 1023 1094 triremibus
1050 1060 1423 1096 commorantur:
1455 1055 1502 1095 in
1530 1054 1601 1095 his
1623 1053 1677 1094 R.
1708 1053 1758 1094 Ρ.

132 1124 313 1165 Doctor
334 1123 508 1165 Loarte
533 1123 560 1172 ¹,
593 1124 850 1165 accersitus
872 1137 897 1165 a
927 1124 1069 1165 nobili
1091 1125 1294 1176 quodam
1321 1137 1376 1166 ac
1396 1126 1606 1176 ingenuo
1638 1125 1757 1175 uiro,

131 1195 210 1236 cui
227 1206 394 1236 nomen
415 1199 486 1236 est
506 1196 739 1247 Pz‘zarro,
760 1195 993 1247 integram
1018 1196 1068 1236 in
1090 1197 1214 1237 vitae
1241 1196 1362 1237 illius
1389 1197 1558 1237 seriem
1580 1195 1760 1237 confes-

133 1267 261 1307 sione
283 1266 476 1307 audiuit.
501 1267 592 1307 Hic
621 1266 715 1317 vir,
745 1278 849 1307 cum
869 1267 1041 1319 paucis
1069 1267 1236 1307 abhinc
1261 1267 1402 1308 cmm‘s
1422 1268 1645 1308 indorum
1673 1267 1761 1308 Re-

131 1349 283 1388 gnum
304 1338 608 1389 affectasset,
639 1338 979 1390 deprehensus,
1007 1338 1056 1378 in
1078 1338 1298 1379 triremes
1320 1339 1425 1389 fm‘t
1457 1338 1704 1388 relegatus
1728 1338 1757 1376 ².

211 1409 273 1449 Et
300 1409 522 1460 quoniam
552 1410 606 1449 de
633 1409 988 1460 confessionum
1020 1410 1292 1461 frequentia
1323 1409 1454 1450 nobis
1488 1414 1558 1450 est
1587 1421 1760 1460 sermo,

129 1480 319 1520 minime
357 1479 545 1520 silentio
579 1480 1059 1532 praetermittendum
1099 1480 1342 1530 existimo,
1381 1492 1585 1532 quonam
1618 1484 1758 1532 pacto

129 1551 190 1591 R.
225 1551 286 1592 P.
319 1551 495 1591 Rector
521 1563 657 1603 opem
686 1552 845 1592 tulerit
875 1551 1060 1592 cuidam
1090 1542 1234 1592 nobili
1266 1552 1382 1603 uiro,
1416 1552 1547 1593 cuius
1575 1552 1759 1593 animae

128 1622 264 1663 salus
286 1622 493 1663 omnium
510 1622 607 1663 fere
629 1623 859 1664 sententia
877 1623 1227 1675 desperabatur.
1252 1623 1371 1664 Nam
1388 1636 1493 1664 cum
1509 1623 1582 1663 ln‘c
1602 1624 1759 1664 multis

129 1694 438 1734 tentationum
459 1693 674 1734 fluctibus
696 1706 723 1734 a
744 1693 969 1735 daemone
991 1694 1266 1746 agitaretur,
1289 1706 1343 1735 eo
1365 1695 1584 1736 redactus
1605 1701 1688 1746 est,
1708 1700 1758 1736 ut

130 1770 328 1806 mortem
357 1765 445 1806 sibi
465 1766 760 1806 consciscere
788 1765 1066 1815 decreuerit,
1093 1765 1316 1818 optimum
1342 1766 1441 1807 fore
1461 1766 1550 1807 sibi
1569 1778 1757 1818 persua-

130 1836 244 1877 dens
260 1842 459 1878 mortem
480 1843 715 1889 oppetere,
740 1848 797 1877 ne
818 1837 955 1877 toties
975 1836 1126 1878 Deum
1151 1837 1359 1889 peccatis
1379 1838 1646 1878 lacesseret.
1668 1836 1756 1878 Na-

130 1913 233 1948 ctus
262 1907 404 1959 igitur
433 1907 635 1960 quadam
665 1907 738 1948 die
769 1908 1082 1958 occasionem,
1114 1908 1241 1949 solus
1269 1908 1317 1949 in
1346 1908 1562 1950 abditiori
1593 1909 1757 1950 domus

129 1984 261 2030 parte
274 1980 424 2020 cultro
438 1979 664 2031 pennario
680 1979 964 2031 grauissima
982 1979 1071 2020 sibi
1087 1980 1282 2020 uulnera
1298 1979 1479 2021 inflixit.
1498 1979 1585 2021 Dei
1598 1986 1757 2022 tamen

129 2049 468 2101 misericordia,
491 2062 610 2103 quae
631 2056 819 2102 praesto
841 2057 909 2091 est
933 2051 1163 2101 omnibus,
1186 2051 1251 2091 illi
1272 2051 1460 2092 omnino
1482 2063 1575 2092 non
1595 2051 1755 2103 defuit;

130 2133 235 2163 cum
263 2122 386 2162 enim
415 2121 641 2162 niteretur
668 2128 879 2174 tempora
909 2122 1010 2174 ipsa
1041 2123 1191 2163 cultro
1218 2123 1511 2174 transfigere,
1535 2129 1583 2164 ut
1603 2124 1757 2164 nullus

128 2193 258 2234 locus
298 2192 504 2233 vulneris
544 2192 777 2233 curationi
814 2193 1169 2245 relinqueretur,
1210 2193 1429 2234 continuo
1464 2193 1756 2244 (miraculum

130 2276 241 2305 sane
276 2264 530 2315 magnum)
565 2263 621 2305 de
649 2264 864 2305 manibus
895 2265 1042 2305 culter
1074 2263 1315 2317 delapsus,
1350 2264 1397 2305 in
1427 2265 1544 2306 duas
1579 2265 1757 2306 diuisus

80 2337 86 2342 '
131 2342 199 2376 est
219 2341 392 2387 parteS,
417 2335 481 2376 ita
502 2341 552 2376 ut
573 2347 666 2376 non
687 2334 918 2376 sufficeret
941 2336 1140 2388 capitale
1162 2336 1255 2376 iam
1275 2336 1445 2377 vulnus
1461 2336 1648 2378 inferre.
1671 2336 1757 2377 His

131 2406 195 2446 ita
225 2406 444 2458 peractis,
475 2406 573 2458 ipse
600 2406 803 2458 quadam
836 2406 1120 2458 poenitentia
1150 2406 1338 2457 ductus,
1369 2407 1447 2447 ubi
1472 2419 1522 2448 se
1550 2408 1754 2459 collegit,

131 2476 368 2517 admirans
390 2477 645 2517 maximam
665 2476 753 2517 Dei
770 2488 884 2529 erga
900 2477 1109 2529 seipsum
1125 2477 1509 2529 misericordiam,
1530 2490 1756 2531 suamque

130 2547 369 2588 detestans
390 2547 620 2588 insaniam
642 2554 782 2600 atque
809 2548 1030 2598 furorem,
1059 2548 1247 2589 Patrem
1276 2555 1487 2590 nostrum
1508 2548 1755 2591 Rectorem

129 2620 474 2671 quamprimum
497 2619 722 2660 accersiri
742 2619 883 2670 iubet;
906 2619 985 2671 qui
1005 2631 1112 2660 cum
1133 2620 1362 2672 celeriter,
1385 2627 1435 2661 ut
1454 2632 1531 2662 res
1551 2622 1753 2673 postula·

179 2777 190 2799 θ
230 2778 266 2807 P.
281 2777 342 2808 Dr.
357 2778 494 2814 Gaspar
506 2778 648 2813 Loarte.
664 2779 719 2815 qui
735 2779 876 2814 Collegii
890 2779 1014 2808 Rector
1030 2784 1116 2808 erat.

185 2826 197 2845 Ξ
238 2825 420 2861 Sapienter
440 2827 525 2855 haec
547 2827 675 2855 delevit
696 2827 875 2855 Polancus.
898 2827 985 2855 Nam
999 2832 1059 2855 aut
1082 2828 1138 2856 hic
1159 2829 1217 2855 vz'r
1237 2837 1300 2857 non
1315 2833 1390 2857 erat
1406 2829 1545 2857 Pizarro
1567 2833 1600 2857 et
1616 2829 1755 2857 Patrem

127 2873 318 2907 Gasparem
330 2872 457 2901 Loarte
470 2874 556 2902 fictis
569 2874 825 2902 narrationibus
837 2874 968 2906 fefellit.
978 2879 1049 2908 aut,
1061 2875 1088 2902 si
1103 2874 1240 2903 Pizarro
1252 2876 1501 2910 nominabatur,
1515 2883 1590 2904 eum
1602 2876 1637 2903 P.
1648 2875 1754 2904 Loar-

128 2925 172 2953 te,
194 2921 404 2954 cognominis
425 2922 647 2950 similitudine
672 2922 703 2949 in
727 2929 875 2949 errorem
899 2922 1075 2955 adductus,
1099 2923 1311 2951 existimavit
1335 2931 1408 2951 esse
1432 2923 1682 2951 Ferdinandum
1704 2924 1756 2952 Pi-

128 2974 238 2999 zarr0.
254 2968 308 3002 qui
331 2972 409 2996 tunc
431 2969 594 3004 temporis
610 2969 721 2997 adhuc
742 2970 883 2997 vivebat
904 2973 938 2997 et
959 2969 992 2998 in
1014 2977 1163 3004 carcere,
1179 2978 1243 2998 non
1258 2970 1291 2998 in
1312 2970 1518 3003 triremibus,
1538 2970 1754 2999 detinebatur

129 3021 254 3049 poenas
274 3015 368 3042 luens
389 3023 452 3044 non
475 3018 562 3052 quod
585 3016 755 3044 Indorum
771 3023 919 3051 regnum
937 3017 1153 3052 affectasset,
1166 3017 1224 3045 sed
1240 3018 1327 3056 quod
1348 3019 1416 3050 alia
1431 3019 1574 3050 crimina
1596 3022 1752 3057 patrasse

132 3066 312 3090 accusatus
329 3068 417 3092 erat.
