2020 3342
267 214 338 254 494
777 217 1003 256 LITTERAE
1029 226 1385 260 QUADmMEsTREs

267 313 325 353 tis
347 319 507 365 aperte
529 314 799 355 declarauit.
825 313 943 354 Nam
974 325 1080 354 cum
1100 314 1159 354 ad
1180 325 1260 354 eos
1281 314 1440 354 literas
1467 315 1684 363 mitteret,
1709 314 1888 367 quibus-

268 395 373 424 cum
400 385 531 425 nobis
557 396 632 425 res
658 391 741 435 est,
772 390 933 425 nostra
965 384 1117 424 omnia
1150 385 1412 426 arctissime
1440 385 1799 437 commendauit,
1834 398 1889 427 ac

268 466 404 506 spero
427 455 545 495 m‘lu'l
564 467 668 495 eum
694 456 719 506 ¹,
743 455 866 507 quod
888 454 946 495 ad
967 454 1103 506 hujus
1123 456 1307 507 collegii
1333 456 1692 508 amplitudinem
1713 456 1726 475 ²
1757 458 1890 509 perti-

267 532 389 573 neat,
424 526 474 565 iu
508 526 766 566 exhibendo
799 526 956 577 officio
988 527 1442 578 praetermissurum.
1474 526 1592 568 Nam
1620 527 1760 568 malle
1781 528 1889 569 scri-

267 596 357 648 psit
378 595 392 614 ³
413 597 500 637 sibi
521 609 703 648 panem,
727 608 867 649 quam
887 596 993 637 huic
1016 597 1213 648 collegio
1233 598 1516 649 necessaria,
1541 597 1716 639 deesse.
1744 599 1826 639 Est
1848 605 1891 639 et

267 667 456 719 quidam
476 668 680 708 liberalis
710 668 841 719 ciuis,
873 668 946 708 cui
974 680 1049 709 res
1077 675 1266 709 nostrae
1295 670 1498 710 maxime
1528 681 1667 709 curae
1699 676 1819 710 sunt:
1853 671 1892 711 is

267 749 374 779 cum
394 749 536 791 equos
557 745 600 779 et
621 739 889 780 uenatorios
912 751 1053 780 canes
1075 741 1234 791 aleret,
1264 752 1355 792 quo
1377 739 1528 781 studio
1560 740 1752 781 mirifice
1774 741 1893 782 dele-

267 815 435 860 ctatur,
459 822 508 851 se
530 811 684 851 omnia
716 811 1016 851 dimissurum
1036 812 1275 863 professus
1305 818 1389 862 est,
1414 823 1504 864 quo
1537 811 1719 852 facilius
1747 813 1894 864 possit

267 882 404 923 rebus
440 882 612 922 nostris
644 882 906 923 subuenire.
940 882 1058 922 Tum
1088 883 1349 934 Episcopus
1377 883 1566 935 eiusque
1594 884 1815 925 Vicarius
1846 895 1895 924 se

266 959 428 994 nostra
449 953 751 993 libentissime
774 959 1020 994 curaturos
1052 953 1314 1004 ostendunt,
1339 960 1397 1004 et,
1423 955 1575 1006 quoad
1596 955 1696 995 fieri
1725 960 1892 1006 potest,

268 1035 348 1064 nec
368 1023 573 1074 auxilio,
589 1036 674 1064 nec
692 1025 990 1075 authoritate,
1011 1037 1097 1065 nec
1118 1025 1443 1075 largitionibus
1465 1025 1643 1066 desunt.
1671 1024 1863 1076 Reliqui
1879 1022 1894 1042 ‘²

269 1096 396 1136 ciues
415 1101 545 1136 tanto
568 1095 717 1136 nostri
748 1095 1058 1137 incenduntur
1080 1095 1245 1146 studio,
1280 1103 1328 1136 ut
1350 1097 1523 1137 uiritim
1545 1107 1629 1147 pro
1662 1096 1795 1137 nobis
1817 1096 1890 1136 sti-

269 1178 374 1219 pem
397 1167 727 1219 quaeritantes,
748 1167 902 1208 omnia
925 1167 1107 1208 abunde
1125 1168 1391 1208 necessaria
1409 1168 1774 1209 subministrent.
1795 1167 1891 1208 Nec

268 1244 489 1279 uerentur
517 1237 689 1289 aliquid
719 1238 774 1278 de
803 1239 993 1290 propria
1022 1239 1256 1289 grauitate
1276 1239 1528 1290 remittere,
1562 1239 1699 1280 modo
1720 1240 1892 1280 nostris

269 1310 408 1350 rebus
439 1316 483 1350 et
505 1309 779 1350 utilitatibus
807 1311 1070 1350 consulant.
1102 1310 1172 1350 De
1200 1310 1403 1351 ciuitatis
1434 1311 1759 1351 Gubernatore
1781 1310 1897 1357 nihil

270 1381 389 1431 dico,
423 1381 641 1432 quoniam
672 1392 822 1421 nouus
849 1387 917 1421 est
948 1382 995 1421 in
1023 1381 1110 1422 hac
1141 1382 1274 1422 urbe:
1306 1381 1506 1422 ostendit
1536 1388 1691 1423 tamen
1726 1383 1770 1423 in
1806 1393 1892 1422 nos

270 1452 386 1492 bene
408 1450 422 1470 ⁵
443 1463 544 1492 esse
565 1451 795 1493 affectum.

349 1523 477 1563 Haec
499 1534 582 1573 pro
603 1535 705 1564 mea
737 1524 1070 1564 consuetudine
1091 1524 1295 1564 breuiter
1317 1524 1679 1576 simpliciterque
1709 1524 1891 1576 scripsi:

268 1605 385 1646 quae
406 1598 639 1645 gerentur
659 1594 874 1646 deinceps
896 1594 1180 1653 diligentius
1198 1595 1442 1635 scribenda
1464 1595 1747 1635 curabimus.
1773 1595 1892 1636 Vale

269 1665 467 1716 interim,
491 1672 534 1706 et
557 1677 641 1706 nos
663 1665 781 1706 habe
803 1666 893 1706 tuis
915 1666 1203 1706 orationibus
1225 1666 1590 1707 commendatos.
1934 1654 1937 1655 ⁷

347 1736 582 1787 Perusiae,
607 1736 803 1788 septimo
825 1737 929 1777 idus
950 1735 1251 1789 Septembris,
1276 1749 1397 1778 anno
1415 1750 1440 1777 a
1459 1737 1716 1778 Natiuitate
1737 1737 1892 1778 Domi-

269 1808 316 1847 ni
342 1807 455 1848 1556.

749 1880 801 1920 T.
826 1880 873 1920 Ρ.
899 1892 1062 1920 seruus
1083 1880 1317 1931 indignus,

1138 2022 1346 2075 JOANNES
1369 2023 1605 2065 ANTONIUS
1628 2025 1731 2065 VIP.

352 2236 705 2289 Superscrz'ptio
726 2237 775 2277 su
797 2241 969 2289 quarta
985 2237 1200 2289 pagina:
1220 2238 1251 2291 †
1274 2238 1331 2280 Al
1353 2239 1492 2278 molto
1514 2238 1614 2278 R.d0
1645 2239 1690 2278 in
1711 2237 1795 2278 X.⁰
1815 2237 1897 2278 Pa-

271 2308 352 2349 dre
373 2308 403 2348 il
424 2308 472 2348 P.
496 2308 598 2348 Μ.ΓΟ
618 2308 812 2361 Jacomo
834 2309 1038 2360 LayneZ,
1071 2309 1262 2350 Vicario
1293 2310 1512 2361 generale
1534 2309 1590 2350 de
1620 2310 1662 2349 la
1700 2309 1895 2360 Compa—

273 2380 349 2419 nia
372 2379 426 2419 de
447 2380 573 2432 Jesu,
604 2379 767 2420 Roma.

367 2450 477 2490 Alsa
500 2462 663 2491 mauu:
689 2451 800 2491 1556.
826 2451 1015 2492 Perosa.
1039 2452 1187 2502 Quad.
1211 2453 1266 2493 de
1288 2452 1403 2493 Set.e
1444 2452 1597 2492 latine.
1622 2451 1812 2492 Emend.

365 2521 626 2572 Vestz’gt’mn
647 2533 778 2562 cerae
798 2522 967 2573 sl'gt'lll'.

330 2706 337 2725 ⁸
380 2706 517 2733 nullum
534 2714 613 2734 eum
630 2706 794 2741 officium.
810 2706 997 2734 POLANcus.

326 2753 340 2773 ²
379 2756 556 2781 ornatum.
578 2753 626 2782 Io.

327 2800 340 2820 5
378 2801 515 2835 scripsit
532 2801 648 2829 malle.
665 2801 711 2829 ID.

327 2849 341 2868 ⁴
379 2849 479 2875 nobis
493 2849 628 2876 desunt.
642 2849 813 2876 Plurz'mii
829 2848 903 2876 alii.
919 2848 966 2875 Io.

326 2895 341 2916 5
379 2903 416 2923 Se
432 2896 562 2924 addidit
583 2896 762 2925 Polancus.
