2020 3342
244 245 318 282 -666
868 248 1101 284 APPENDIX
1127 257 1260 284 PRIMA

250 341 402 393 quello
424 342 508 381 che
530 353 581 381 sa
617 342 675 382 V.
712 342 765 382 R.
803 346 912 382 sara
946 342 1026 394 pisi
1055 341 1246 382 seruitio
1277 341 1321 381 d’
1349 341 1495 394 Iddio;
1524 342 1790 394 imperoche
1826 343 1873 383 io

245 423 485 463 cognosco
513 412 597 452 che
618 411 676 452 V.
700 411 755 452 R.
780 419 823 452 et
844 413 875 452 li
896 413 1004 453 miei
1029 412 1036 431 ¹
1060 412 1290 464 superiori
1311 413 1454 452 molto
1476 424 1772 464 sparennono
1792 411 1807 432 ²
1827 420 1872 454 et

251 484 407 523 hanno
435 481 614 533 grande
634 481 647 500 ³
687 494 800 523 eura
828 483 947 523 della
975 483 1068 523 mia
1097 483 1272 534 semiton
1305 486 1356 523 so
1388 483 1542 523 niente
1569 483 1752 524 dimeno
1784 484 1870 524 che

247 560 367 593 tutto
389 558 561 604 quanto
583 552 725 593 fanno
747 557 771 593 e
792 565 873 604 per
895 554 1224 593 commissione
1246 560 1289 594 et
1305 554 1499 594 volunta
1520 553 1592 594 del
1614 553 1701 594 ὅτε
1722 554 1867 604 Iddio,

249 625 279 663 il
302 625 436 676 quale
459 623 500 663 ci
521 622 597 663 dia
624 623 670 663 in
698 624 788 663 tale
817 624 956 664 modo
979 623 1224 676 adimpirla
1247 624 1332 664 che
1360 635 1543 675 sempre
1571 625 1794 665 restiamo
1821 624 1868 665 in

244 694 401 745 gratia
424 706 522 734 sua.
548 694 713 734 Amen.

328 764 399 804 De
420 764 645 815 Monreal,
670 765 747 804 alli
767 765 792 804 9
813 765 868 805 de
889 765 1058 818 Jugnio
1090 765 1204 805 1553.

1224 835 1295 876 De
1321 835 1380 876 V.
1412 835 1466 876 R.
1499 835 1548 877 P.

326 906 652 958 indignissimo
676 912 720 946 et
740 906 1034 946 inutilissimo
1056 917 1193 946 seruo
1215 907 1289 946 nel
1310 905 1398 946 ΒΕΘ
1419 918 1520 947 nro.
1543 906 1654 959 Jesu
1675 905 1757 947 X.⁰

1125 1049 1381 1089 BERNARDO
1413 1048 1653 1090 OLIUERIO.

324 1260 674 1312 Superscmptz'o
709 1260 758 1299 z'n
792 1264 965 1311 quarta
994 1260 1210 1311 pagina:
1240 1261 1272 1312 -Ι-
1301 1259 1362 1301 ΑΙ
1395 1261 1537 1301 molto
1570 1260 1671 1301 R-d0
1702 1262 1749 1301 in
1782 1260 1866 1301 Χ.Ο

244 1332 294 1373 P.
336 1333 367 1372 il
403 1332 553 1372 Padre
592 1332 652 1371 M.
694 1330 877 1381 Ignatio
917 1332 972 1372 de
1011 1331 1190 1384 Loyola
1229 1331 1472 1383 Preposito
1511 1332 1703 1382 general
1741 1331 1862 1372 della

241 1403 429 1454 Comp.a
450 1403 505 1442 de
526 1401 635 1454 Jesu
659 1402 704 1442 in
726 1401 890 1443 Roma.

333 1473 592 1523 Vestigimn
621 1483 752 1511 cerae
780 1472 952 1522 ssgsllf.

293 1610 303 1628 ¹
343 1608 440 1635 Prius
454 1608 617 1642 scriptum
633 1611 708 1635 erat
723 1608 808 1634 tutti
822 1607 849 1634 li
863 1608 961 1634 miei.

291 1658 305 1676 ἓ
342 1656 398 1684 Sic
412 1656 587 1691 perspicue
602 1656 634 1682 in
649 1663 709 1683 ms.
722 1657 866 1689 positum
882 1655 1039 1683 fortassis
1054 1663 1114 1690 pro
1132 1656 1384 1690 risparmz‘ano.

289 1704 303 1723 3
340 1703 404 1731 Ubi
420 1711 506 1731 nune
521 1707 572 1730 est
587 1703 735 1737 grande,
749 1703 937 1737 scripserat
952 1704 1059 1738 primo
1077 1703 1248 1731 Oliverius
1264 1705 1399 1737 troppo.
