2020 3342
620 258 843 296 ADDENDA
870 270 909 296 IN
939 269 1053 295 ΤοΜο
1080 268 1275 295 SECUNDO
1679 255 1749 292 00⁴)

115 353 313 405 quidem
347 354 547 402 nomine,
585 360 634 393 ut
671 353 730 393 ibi
766 365 872 393 cum
905 353 1127 393 fratribus
1161 352 1426 404 sepeliatur.
1465 350 1610 402 Signa
1646 359 1746 401 sua,

116 435 251 475 -quae
271 424 527 474 parietibus
548 424 755 474 haerent,
789 424 914 474 cupit
942 424 1118 472 tollere,
1151 430 1200 463 ut
1232 433 1400 463 nomen
1431 421 1746 462 aedificatoris

133 495 425 541 obliteretur3
449 506 542 534 non
575 495 698 534 enim
724 496 823 534 uult
851 505 935 533 sua
966 494 1162 545 pecunia
1197 504 1373 544 poenas
1407 491 1544 532 Erebi
1579 503 1750 532 emere.

134 565 236 605 Hoc
257 564 467 604 sufficere
489 565 566 614 ait,
591 576 695 604 cum
716 565 893 604 tamdiu
920 575 1030 604 suas
1056 563 1280 615 pecunias
1306 569 1350 603 et
1376 572 1557 613 tempus
1593 574 1620 602 a
1649 561 1752 602 Deo

134 636 221 676 sibi
241 646 518 675 concessum
535 635 887 686 consumpserit.
911 634 1067 675 Voluit
1085 640 1133 674 ut
1150 633 1209 673 ad
1225 645 1273 673 se
1291 634 1574 673 diuerterent
1591 643 1752 672 omncs

134 705 298 746 Patres
320 714 427 745 ante
449 717 588 756 quam
610 706 655 744 in
677 705 748 745 his
769 704 1154 749 nostrisaedibus
1175 710 1431 744 manerent.

214 776 389 816 Habuit
410 776 590 827 aliquas
611 776 860 816 conciones
882 776 941 815 ad
963 776 1184 826 populum
1206 774 1254 815 P.
1279 774 1576 824 Franciscus,
1601 780 1645 814 et
1676 775 1756 813 ali-

120 847 321 899 quando
344 847 392 886 Ρ.
417 847 765 886 'Bustamantius
790 845 816 884 ¹.
1556 899 1557 902 Ἴ

216 918 304 958 Die
326 917 462 957 diuae
483 917 780 967 Catharinae,
805 929 910 957 cum
932 923 1092 968 aptata
1122 922 1243 957 esset
1273 916 1389 956 haec
1416 917 1595 966 domus,
1630 916 1757 956 uenit

137 989 187 1030 P,
210 988 492 1029 Franciscus
514 999 620 1027 cum
641 988 830 1039 reliquis
851 987 1065 1027 Patribus
1086 987 1344 1026 habitatum
1372 987 1418 1026 in
1447 998 1523 1037 ea,
1554 993 1599 1026 et
1628 986 1756 1037 igno-

139 1066 273 1100 rante
294 1059 481 1099 domino
503 1058 688 1109 quidem
709 1058 902 1110 joanne,
932 1058 1010 1108 qui
1040 1058 1295 1108 permultos
1323 1057 1502 1108 equites
1531 1068 1758 1096 conuoca-

138 1136 272 1171 uerat
294 1140 436 1169 causa
465 1141 550 1169 nos
581 1129 839 1168 deducendi
874 1140 929 1168 ac
965 1127 1218 1167 comitandi
1253 1128 1453 1167 domum.
1490 1127 1760 1167 Inuenimus

141 1202 329 1241 domum
364 1206 594 1249 ornatam,
631 1211 749 1250 quae
785 1211 878 1238 non
912 1198 1104 1238 minoris
1139 1209 1279 1248 quam
1318 1199 1440 1237 mille
1476 1197 1673 1248 ducatis,
1712 1204 1762 1237 vt

143 1278 398 1323 aptaretur,
422 1270 647 1310 constitit.
672 1268 850 1309 Placuit
871 1268 995 1308 omni
1012 1269 1196 1319 populo.
1215 1268 1274 1308 Et
1289 1267 1490 1319 quidem,
1512 1274 1762 1318 antequam

143 1344 198 1383 de
218 1342 417 1382 filiorum
438 1340 797 1381 cordubensium
819 1351 934 1380 cura
955 1345 1188 1390 ageretur,
1214 1346 1430 1390 coeptum
1450 1345 1519 1379 est
1540 1339 1763 1390 interpre-

147 1414 238 1454 tari
259 1413 331 1453 die
353 1412 462 1452 Diui
483 1411 691 1460 Damasi,
715 1409 891 1451 Summi
912 1409 1163 1459 pontificis,
1186 1409 1275 1448 hoc
1299 1416 1382 1459 est,
1402 1410 1538 1449 tertio
1554 1408 1657 1450 idus
1673 1409 1761 1449 De-

145 1484 345 1525 cembris
372 1483 399 1532 ²3
425 1482 582 1522 habuit
604 1481 861 1521 orationem
888 1481 978 1520 hoc
1011 1481 1084 1520 die
1119 1480 1174 1520 de
1208 1492 1344 1519 mane
1380 1479 1428 1520 P.
1467 1479 1762 1530 Benedictus,

145 1566 285 1606 quam
307 1554 527 1594 officiales
548 1552 862 1603 Reipublicae,
886 1551 1252 1600 Gubernatores,
1276 1550 1577 1602 Inquisitores
1600 1559 1643 1591 et
1666 1563 1764 1603 per-

146 1626 277 1666 multi
298 1626 375 1665 alii
396 1624 487 1664 viri
507 1624 708 1663 illustres
730 1622 966 1662 audiuere.
989 1621 1168 1661 Placuit
1189 1622 1374 1672 quidem
1392 1628 1435 1661 et
1453 1623 1596 1662 multo
1614 1623 1765 1673 magis

147 1708 253 1738 cum
292 1696 473 1735 sciuere
510 1695 636 1733 illum
670 1705 839 1744 pueros
872 1693 1134 1732 rudimenta
1169 1693 1501 1742 grammatices
1536 1693 1767 1733 discentes

148 1769 411 1808 docturum.
435 1765 479 1806 A
498 1765 694 1817 prandio
717 1764 794 1804 alii
815 1764 1113 1815 interpretari
1135 1770 1401 1814 coeperunt,
1423 1771 1467 1803 et
1483 1765 1647 1815 paucis
1662 1772 1767 1816 post

149 1839 311 1879 diebus
331 1838 394 1877 ita
415 1838 634 1888 placuere
654 1836 843 1886 populo,
860 1841 911 1874 vt
928 1834 1031 1874 aliis
1048 1833 1427 1874 Cordubensibus
1458 1836 1768 1886 praeceptori-

150 1911 234 1949 bus
250 1920 308 1948 ne
325 1919 443 1948 unus
465 1906 651 1957 quidem
671 1905 976 1945 scholasticus
994 1905 1268 1944 remanserit
1285 1912 1329 1944 et
1347 1916 1372 1943 a
1390 1907 1770 1956 praeceptoribus

151 1980 246 2020 suis
267 1978 595 2019 excitabamur
616 1982 664 2015 ut
686 1976 745 2015 ad
762 1987 846 2015 nos
867 1975 1092 2015 uenirent.
1113 1974 1270 2015 Solum
1287 1982 1485 2026 quatuor
1503 1978 1771 2026 grammati-

152 2062 229 2090 ces
250 2051 425 2090 classes
446 2054 552 2087 sunt
575 2052 778 2097 apertae,
815 2052 859 2084 et
893 2047 1035 2085 semel
1070 2045 1305 2085 rhetorica
1340 2052 1522 2086 tantum
1553 2046 1773 2098 interpre-

152 2127 275 2161 tatur
296 2119 325 2157 ⁵.

232 2190 374 2231 Venit
408 2195 515 2240 post
548 2188 724 2238 aliquot
760 2186 857 2226 dies
890 2185 941 2225 P.
977 2186 1157 2226 Natalis
1192 2185 1221 2236 ⁴,
1259 2187 1337 2237 qui
1364 2187 1578 2237 precibus
1601 2188 1777 2228 domini

154 2261 348 2314 Joannis
372 2266 414 2300 et
436 2258 652 2309 Magistri
671 2256 838 2297 Auilae
859 2264 1026 2303 motus,
1049 2268 1248 2307 graecas
1276 2257 1434 2297 literas
1462 2263 1506 2297 et
1538 2260 1778 2299 conscien-

157 2333 249 2372 tiae
269 2343 424 2377 casus,
450 2341 565 2381 quos
587 2329 835 2379 appellant,
860 2327 992 2367 iussit
1014 2328 1328 2378 interpretari.

210 2442 221 2463 ¹
260 2441 296 2468 P.
312 2441 595 2468 Bartholomaeus
610 2438 846 2469 Bustamante.
858 2437 954 2465 Patri
967 2437 1141 2465 Francisci
1154 2438 1193 2464 de
1206 2438 1309 2472 Borja
1323 2439 1434 2466 socius
1446 2443 1480 2466 et
1504 2440 1636 2468 itineris
1657 2449 1780 2469 comes.

210 2490 224 2508 Ξ
262 2488 360 2515 Haud
374 2487 459 2514 certi
474 2494 589 2513 sumus·
605 2486 705 2519 hujus
718 2485 906 2512 sententiae
918 2492 1054 2512 sensum
1067 2489 1160 2512 recte
1176 2493 1309 2518 capere.
1323 2485 1408 2513 Eum
1421 2490 1534 2514 autem
1549 2488 1781 2516 existimamus

157 2544 231 2564 esse
245 2536 342 2562 hunc:
358 2536 549 2567 antequam
565 2533 705 2564 scholis,
719 2533 754 2559 in
770 2532 897 2565 quibus
911 2531 1150 2559 Cordubenses
1159 2534 1264 2567 pueri
1277 2533 1424 2560 docendi
1438 2536 1553 2565 erant,
1566 2534 1711 2562 initium
1722 2539 1782 2570 po·

158 2585 315 2616 neretur,
333 2583 511 2609 orationes
524 2581 676 2615 publice,
690 2582 727 2606 ut
745 2579 982 2614 mosferebut‚
997 2588 1017 2606 a
1034 2581 1218 2613 magistris
1232 2581 1357 2607 haberi
1376 2582 1518 2615 coeptae
1531 2583 1626 2609 sunt.
1642 2582 1784 2618 Verum,

158 2631 358 2665 quicumque
375 2629 507 2655 demum
522 2629 641 2654 horum
656 2628 839 2654 verborum
853 2634 971 2654 sensus
988 2628 1042 2659 sit,
1059 2627 1111 2653 his
1126 2628 1329 2656 corrigenda
1345 2628 1482 2655 videtur
1499 2628 1640 2656 Patrum
1662 2629 1735 2656 RoA
1749 2635 1783 2657 et

159 2678 373 2704 §unveis-az
388 2676 554 2706 narratio,
570 2675 625 2708 qui
644 2674 824 2703 orationes,
840 2674 880 2700 de
895 2674 1014 2708 quibus
1028 2675 1082 2701 hic
1098 2674 1133 2702 fit
1156 2683 1275 2705 sermo,
1292 2675 1430 2702 habitas
1448 2676 1543 2710 ajunt
1563 2676 1616 2705 die
1640 2677 1701 2703 133²
1722 2677 1785 2704 De-

160 2725 315 2758 cembris;
332 2731 392 2750 nec
408 2723 629 2750 librariorum
646 2722 753 2748 errori
769 2721 831 2748 hoe
853 2721 1043 2755 discrimen,
1069 2722 1163 2756 cujus
1181 2722 1253 2756 jam
1277 2722 1309 2748 in
1330 2722 1479 2749 ΡοιΑλεῐ
1502 2723 1678 2757 Chronico,
1698 2730 1722 2751 t.
1738 2732 1786 2757 111,

157 2780 236 2807 pag.
251 2771 314 2805 364,
330 2776 442 2798 annot.
459 2770 486 2803 2,
502 2769 724 2801 meminimus,
739 2768 887 2795 adscribi
902 2773 1025 2802 potest,
1042 2770 1164 2796 saltem
1181 2770 1212 2796 in
1228 2769 1451 2803 Snurwastsz,
1469 2769 1627 2797 Historia
1642 2779 1715 2805 ms..
1730 2772 1786 2799 ubi

158 2820 254 2848 addit
267 2820 338 2854 ipse
354 2819 442 2845 diem
459 2818 571 2849 fuisse,
586 2823 650 2850 qne
666 2816 697 2842 le
709 2815 796 2842 haze
811 2816 946 2843 celebre
963 2816 994 2842 el
1007 2817 1171 2843 martirio
1187 2817 1228 2843 cle
1243 2817 1276 2843 la
1295 2816 1512 2844 esclctrecz'da
1527 2818 1652 2851 vz'rgen
1675 2819 1786 2846 Santa

159 2866 283 2899 Lucia,
294 2866 460 2901 yfestt'vo
474 2865 508 2891 la
524 2864 690 2891 devocion
706 2870 770 2899 que
785 2863 816 2890 le
831 2863 950 2890 tienen
962 2863 1014 2890 los
1025 2864 1172 2898 pueblos
1184 2872 1278 2892 como
1290 2865 1310 2890 α’
1327 2865 1431 2898 quien
1447 2865 1617 2900 tienepor
1627 2873 1669 2893 su
1683 2874 1788 2901 cargo

150 2914 196 2941 vla
210 2914 322 2942 tutela
338 2914 446 2941 delos
461 2912 544 2947 ojos.
561 2910 600 2937 L.
616 2918 655 2943 c.,
671 2911 728 2937 lib.
743 2918 765 2944 1,
781 2918 854 2944 cap.
873 2911 914 2944 12,
930 2918 962 2937 n.
978 2911 1004 2938 6.

215 2961 229 2981 5
266 2960 334 2995 Sic;
348 2959 475 2987 rectius
491 2963 615 2991 tamen,
631 2961 666 2984 ut
682 2964 757 2984 cum
771 2957 990 2991 sequentibus
1002 2958 1197 2991 cohaereat,
1214 2956 1523 2993 interpretabatur
1535 2960 1587 2987 vel
1603 2961 1716 2994 potius
1731 2961 1790 2987 do-

156 3009 326 3036 -cebatur.

219 3057 234 3076 4
271 3055 308 3082 P.
325 3054 551 3090 Hieronymus
566 3052 710 3083 Natalis,
728 3053 760 3079 in
775 3051 940 3087 Hispania
955 3057 1034 3080 tunc
1051 3052 1322 3081 Commissarius.
