2020 3342
299 216 366 256 174
804 214 1031 256 LITTERAE
1055 225 1412 262 QUADmMEsTREs

372 316 519 367 Quem
543 322 586 356 et
607 318 737 357 auxit
765 318 905 358 foelix
935 317 1194 357 studiorum
1223 323 1488 356 nostrorum
1519 325 1782 374 successus,
1817 312 1914 366 qui-

295 388 381 428 bus
403 389 469 437 (vt
502 388 557 428 de
584 388 769 429 illorum
800 389 980 429 ratione
1011 387 1185 439 aliquid
1215 387 1440 436 dicamus)
1463 397 1620 426 mense
1643 385 1913 426 nouembris

294 466 399 510 post
421 457 622 499 Sanctae
653 459 937 499 Catharinae
964 458 1131 499 festum
1161 458 1371 498 dedimus
1400 457 1594 497 initium.
1629 457 1808 497 Verum
1835 457 1912 496 ha-

295 530 387 569 bita
419 530 571 570 fuerat
601 537 738 570 antea
767 531 916 570 oratio
947 530 1132 581 publica
1166 530 1212 569 in
1246 541 1427 569 summo
1459 530 1629 580 templo
1661 528 1746 568 sub
1776 527 1912 567 finem

294 601 469 641 mensis
497 599 728 651 OctobriS,
758 601 911 652 ibique
941 601 1077 641 affixa
1112 600 1241 641 fuere
1276 601 1474 651 plurima
1505 600 1745 639 variorum
1775 610 1911 649 gene-

296 683 402 712 rum
427 672 638 712 carmina
664 672 672 690 ¹
697 679 793 713 tum
822 684 1010 723 graeca,
1043 679 1141 712 tum
1167 672 1327 712 latina.
1359 671 1605 711 Affuerunt
1633 670 1834 710 orationi
1861 669 1913 709 ll-

295 744 453 783 lustris
475 743 532 783 D.
555 743 729 784 Suerus
759 744 814 783 de
842 743 994 794 Vega,
1026 751 1070 783 et
1101 743 1404 793 magistratus
1436 742 1655 792 ciuitatis,
1689 741 1910 790 vicarius,

295 825 455 853 omnes
476 814 700 864 theologi,
725 820 768 854 et
798 814 983 865 plurimi
1015 814 1219 854 omnium
1251 814 1528 864 religionum
1557 811 1791 862 monachi,
1824 811 1914 862 ipsi

294 884 434 924 etiam
454 890 802 936 praeceptores,
826 885 903 935 qui
925 890 1085 924 nostro
1113 885 1261 924 labori
1288 896 1381 924 non
1411 890 1596 924 cessant
1627 883 1911 933 obstrepere;

293 966 410 1005 quae
431 954 444 973 ‘²
466 966 559 995 non
580 955 877 995 mediocriter
899 955 1111 995 omnibus
1131 956 1320 1006 placuit,
1344 955 1467 1006 quod
1488 957 1609 994 recte
1630 953 1643 972 ⁵
1665 953 1806 993 totius
1837 964 1914 1004 po-

294 1026 389 1077 puli
417 1027 670 1077 applausus
698 1026 976 1077 declarauit3
1009 1025 1225 1066 absoluta
1256 1026 1377 1065 enim
1408 1025 1621 1065 oratioue
1652 1023 1680 1075 ⁴,
1714 1035 1914 1075 magnus

296 1096 482 1136 auditus
504 1103 572 1136 est
593 1096 954 1136 bombardarum
981 1097 1216 1148 strepitus,
1250 1108 1601 1147 campanarum,
1633 1106 1815 1135 necnon
1844 1105 1912 1134 or-

294 1178 526 1218 ganorum
556 1169 750 1216 sonitus,
780 1168 946 1219 quibus
977 1167 1302 1208 admirandam
1328 1168 1567 1217 laetitiam,
1593 1178 1732 1219 quam
1758 1172 1912 1207 mente

300 1245 629 1290 conceperant,
654 1239 965 1290 explicabant.
989 1238 1063 1279 Ad
1083 1239 1200 1278 haec
1233 1250 1393 1279 omnes
1421 1239 1637 1279 doctores
1668 1244 1711 1278 et
1737 1238 1912 1289 praeci-

298 1309 375 1360 pui
397 1309 524 1349 ciues
544 1309 715 1349 Illustri
734 1308 792 1348 D.
815 1308 960 1349 Suero
989 1310 1263 1360 arridentes,
1288 1309 1490 1349 maxime
1520 1309 1912 1361 congratulaban-

299 1388 388 1420 tur.
413 1379 525 1420 Post
546 1380 720 1431 aliquot
745 1392 854 1420 vero
877 1380 990 1430 dies,
1013 1380 1130 1420 festo
1152 1380 1369 1420 videlicet
1389 1379 1589 1420 Sanctae
1611 1379 1910 1430 Catharinae,

300 1451 458 1491 habita
480 1458 547 1491 est
570 1457 613 1491 et
634 1452 781 1491 altera
804 1452 952 1490 oratio
971 1452 1015 1491 in
1037 1462 1237 1502 graecae
1254 1452 1442 1502 linguae
1459 1451 1660 1501 laudem,
1678 1462 1797 1502 quae
1814 1456 1914 1490 erat

299 1522 481 1573 publice
503 1522 715 1573 legenda,
741 1522 786 1561 in
809 1522 940 1562 cuius
962 1522 1164 1562 studium
1186 1522 1371 1573 plurimi
1392 1523 1624 1571 doctores,
1654 1528 1698 1562 et
1729 1533 1912 1573 praece-

296 1599 455 1644 ptores
476 1594 631 1642 etiam,
657 1604 853 1644 quorum
888 1593 1100 1644 discipuli
1131 1605 1290 1633 omnes
1321 1593 1379 1633 ad
1408 1605 1494 1633 nos
1523 1605 1639 1644 pene
1669 1598 1911 1641 venerant,

298 1664 502 1704 animum
525 1665 817 1715 appulerunt.
844 1663 1053 1703 Recitata
1077 1671 1183 1704 sunt
1205 1670 1247 1704 et
1269 1676 1323 1704 eo
1346 1664 1418 1704 die
1444 1676 1470 1704 a
1501 1664 1778 1715 quibusdam
1805 1663 1913 1702 ado-

298 1735 576 1775 lescentibus
599 1735 802 1785 praesidi
823 1733 968 1774 Sue-ro
991 1742 1035 1774 et
1058 1735 1354 1786 magistratui
1374 1735 1573 1786 plurima
1605 1734 1912 1786 epigramma-

297 1813 358 1846 ta.
383 1806 484 1856 Quo
506 1806 569 1855 fit,
592 1813 641 1845 vt
664 1807 911 1845 multorum
935 1806 1180 1846 doctorum
1201 1813 1244 1846 et
1266 1806 1476 1846 virorum
1496 1806 1720 1846 nobilium
1748 1804 1829 1845 filii
1855 1803 1911 1844 ad

300 1884 487 1917 nostras
523 1877 709 1917 scholas
746 1876 972 1925 venerint,
1010 1888 1206 1928 quorum
1242 1877 1383 1928 aliqui
1417 1876 1699 1917 Societatem
1732 1875 1914 1927 ingredi

293 1948 601 1988 vehementer
623 1955 865 1998 exoptant3
890 1959 975 1987 nec
997 1954 1219 1999 exoptant
1241 1948 1405 1998 solum,
1429 1948 1509 1987 sed
1531 1947 1671 1987 etiam
1691 1947 1913 1986 maxime-

295 2030 384 2069 que
406 2019 694 2069 perquirunt.
720 2018 1066 2069 Discipulorum
1089 2026 1244 2058 autem
1266 2019 1313 2059 in
1334 2018 1432 2058 dies
1453 2024 1653 2069 augetur
1674 2028 1911 2057 numerus.

373 2089 546 2130 Omnes
562 2090 698 2129 huius
716 2089 844 2128 vrbis
861 2089 1041 2129 incolae
1059 2100 1172 2140 erga
1188 2089 1352 2129 Patres
1373 2096 1417 2129 et
1436 2089 1607 2129 fratres
1624 2089 1761 2128 huius
1778 2088 1914 2128 colle-

292 2161 359 2212 gii
381 2167 485 2200 sunt
510 2160 644 2200 valde
668 2159 835 2210 affecti,
858 2159 981 2211 quod
1001 2159 1191 2200 videant
1210 2172 1380 2212 pueros
1405 2160 1538 2200 bonis
1559 2160 1767 2200 moribus
1787 2159 1913 2199 insti·

293 2238 432 2282 tutos,
457 2231 625 2282 quique
646 2238 741 2270 tarn
762 2231 957 2271 libenter
985 2232 1182 2282 singulis
1213 2231 1450 2271 mensibus
1479 2231 1809 2280 confiteantur3
1834 2230 1915 2270 sed
1972 2264 1975 2265 ⁷

297 2303 447 2353 magis
470 2302 592 2353 quod
622 2313 860 2353 nunquam
888 2313 973 2341 nos
1002 2302 1188 2342 ociosos
1216 2302 1449 2353 potuerint
1479 2301 1728 2342 offendere.
1760 2300 1914 2340 Profe-

297 2374 381 2414 stis
404 2374 526 2413 enim
548 2372 708 2412 diebus
730 2373 775 2412 in
797 2372 970 2413 scholis
989 2373 1172 2424 publice
1192 2373 1404 2423 legimus,
1435 2373 1596 2412 diebus
1627 2383 1741 2412 uero
1771 2371 1914 2412 domi·

295 2445 415 2484 nicis
451 2450 496 2484 et
530 2444 660 2484 festis
695 2444 741 2483 in
777 2450 951 2483 statuta
985 2443 1211 2495 quaedam
1247 2445 1418 2495 templa
1457 2443 1782 2493 conuenimus,
1823 2453 1913 2493 quo

299 2527 476 2565 omnes,
500 2515 577 2566 qui
599 2515 829 2554 decimum
859 2515 1068 2566 quintum
1099 2526 1271 2554 annum
1301 2527 1391 2555 non
1422 2521 1630 2566 egerunt,
1663 2515 1730 2554 ire
1759 2520 1913 2554 tenen-

301 2593 390 2635 tur,
420 2586 499 2625 vbi
527 2585 635 2637 quid
664 2585 853 2636 xpiana.
884 2585 1097 2625 doctrina
1125 2585 1384 2636 praecipiat
1414 2586 1652 2636 docemus,
1685 2585 1744 2625 ad
1773 2595 1912 2636 quam

300 2657 549 2697 lectionem
568 2656 701 2695 multi
720 2656 811 2695 viri
835 2664 878 2696 et
899 2667 992 2696 non
1019 2667 1197 2707 paucae
1227 2656 1443 2696 mulieres
1474 2657 1636 2696 venire
1664 2666 1914 2696 consueue-

295 2735 429 2779 runt;
454 2727 603 2768 solent
625 2726 765 2767 etiam
787 2726 957 2767 fratres
977 2727 1024 2766 in
1046 2726 1243 2767 abbatiis
1264 2726 1277 2746 ⁵
1299 2727 1357 2767 ad
1378 2728 1604 2768 moniales
1623 2725 1895 2767 concionari

349 2841 357 2860 ¹
397 2840 599 2868 carminum
614 2847 756 2872 genera.
771 2839 957 2866 Pomxcus.

346 2888 360 2906 2
398 2895 483 2922 quae
498 2887 620 2914 oratio.
633 2886 681 2913 ID.

350 2935 363 2954 ³
400 2937 446 2961 vt.
461 2934 510 2961 ID.

347 2983 360 3002 4
399 2990 437 3008 ea
455 2982 549 3009 euim
566 2982 737 3009 absoluta.
754 2981 800 3008 ID.

348 3030 361 3049 5
399 3030 635 3056 monasteriis.
648 3029 695 3057 10.
