2020 3342
255 239 327 278 322
764 239 989 278 LITTERAE
1015 244 1371 283 QUADmMEsTRES

255 337 446 377 uissimo
469 337 668 377 iubilaeo
690 343 821 378 tanta
839 337 898 376 ad
914 347 998 376 nos
1016 336 1260 377 multitudo
1278 337 1498 387 cucurrit,
1517 343 1568 377 vt
1583 337 1663 377 uix
1680 336 1784 378 cibo
1805 348 1878 378 su—

254 408 437 456 mendo,
460 416 538 448 aut
559 408 685 448 horis
706 407 971 457 recitandis,
995 412 1176 458 tempus
1198 407 1403 448 daretur.
1431 406 1648 458 Longum
1679 415 1802 449 esset
1822 408 1879 449 si-

253 478 450 529 gillatim
484 478 638 519 dicere
669 489 809 530 quam
837 477 968 518 multi
996 477 1168 518 fuerint
1197 478 1438 529 Vtriusque
1472 489 1613 518 sexus
1649 478 1875 527 homines,

253 561 449 601 quorum
470 549 548 589 alii
566 561 593 589 a
615 555 828 600 quatuor,
851 548 929 588 alii
950 560 976 588 a
998 548 1215 600 quinque,
1245 548 1324 588 alii
1352 560 1378 588 a
1401 560 1484 589 sex
1506 550 1654 600 annis,
1688 549 1876 590 manda·

254 620 312 660 tis
331 619 569 660 Ecclesiae
588 619 597 638 ¹
615 631 708 659 non
724 625 992 670 paruerant.
1010 618 1048 659 F
1052 619 1234 660 oemina
1253 618 1498 671 quaedam,
1517 631 1609 660 non
1628 619 1874 660 attendens

254 702 391 742 quarn
412 690 723 741 periculosum
743 690 802 730 sit
824 700 993 741 corpus
1015 689 1298 729 dominicum
1319 689 1508 740 indigne
1525 701 1723 739 sumere,
1752 690 1879 731 omni

252 772 422 812 genere
441 761 649 801 sordium
670 760 1002 810 contaminata,
1025 771 1107 812 per
1128 760 1295 812 viginti
1316 761 1517 812 quinque
1538 772 1686 801 annos
1704 762 1751 802 in
1773 773 1874 813 pec·

252 840 357 872 cato
378 833 562 872 mortali
591 831 1035 882 communicauerat;
1060 842 1177 882 quae
1195 830 1383 871 tandem
1399 838 1593 883 mutata,
1622 843 1717 872 non
1742 843 1878 873 secus

251 913 305 943 ac
326 903 555 954 quaedam
576 901 589 921 ²
611 902 904 953 Magdalena,
929 908 1173 942 anteactae
1194 902 1317 942 uitae
1335 902 1670 954 turpitudinem
1691 914 1798 960 cum
1813 903 1874 944 la·

249 973 501 1014 crimarum
522 973 743 1013 effusione
764 972 1047 1013 salutariter
1068 971 1081 991 ⁵
1104 972 1304 1023 defleuit,
1328 979 1371 1012 et
1394 973 1529 1024 signa
1550 985 1692 1014 uerae
1718 974 1874 1025 poeni-

250 1045 423 1084 tentiae
444 1045 578 1085 nobis
598 1044 813 1084 ostendit.
838 1043 943 1084 Alia
965 1044 1210 1095 quaedam,
1235 1044 1357 1084 intra
1377 1055 1545 1084 nouem
1567 1056 1716 1085 annos
1732 1046 1875 1086 semel

247 1122 428 1155 tantum
448 1115 678 1166 confessa,
708 1115 884 1154 dicebat
905 1126 954 1154 se
983 1114 1136 1166 graui
1152 1115 1310 1155 morbo
1333 1114 1624 1167 compulsam
1655 1127 1757 1155 esse
1778 1115 1793 1135 ⁴
1814 1116 1873 1157 ad

247 1186 448 1237 priorem
470 1186 612 1226 uitam
630 1185 970 1236 corrigendam.
992 1185 1078 1225 Vir
1093 1184 1283 1237 quidam
1299 1185 1539 1226 inimicum
1555 1186 1744 1237 habens,
1765 1198 1872 1227 cum

249 1268 339 1308 quo
362 1257 408 1297 in
429 1257 633 1308 gratiam
658 1256 811 1297 redire
841 1257 1043 1306 nolebat,
1075 1267 1273 1308 semper,
1306 1256 1414 1297 dum
1429 1261 1616 1308 precem
1646 1256 1661 1275 ⁵
1681 1257 1871 1299 domini-

246 1339 350 1368 cam
370 1328 605 1375 recitaret,
637 1327 880 1367 omittebat
911 1327 1037 1367 illam
1056 1333 1237 1379 partem
1268 1330 1331 1377 (et
1357 1326 1539 1368 dimitte
1559 1328 1692 1368 nobis
1721 1328 1872 1369 debita

246 1402 413 1439 nostra
434 1398 555 1438 sicat
583 1399 689 1449 etc.)
708 1396 722 1416 ⁶
744 1398 834 1449 hie,
862 1404 1111 1450 postquam
1131 1398 1455 1439 sacerdotibus
1475 1400 1648 1440 nostris
1677 1406 1832 1440 errata
1859 1399 1872 1418 ⁷

244 1470 475 1522 exposuit,
496 1470 552 1509 de
568 1469 623 1509 iis
639 1469 970 1521 poenitentiam
981 1468 1101 1519 fecit
1119 1468 1148 1519 ⁸,
1177 1475 1222 1509 et
1239 1469 1459 1521 deinceps
1479 1481 1563 1522 pro
1580 1470 1769 1511 inimico
1786 1482 1872 1512 suo

245 1552 293 1582 se
313 1541 432 1581 velle
454 1551 589 1580 orare
610 1540 743 1580 nobis
764 1540 996 1591 pollicitus
1017 1545 1100 1580 est.
1124 1540 1273 1589 Alius,
1297 1546 1434 1592 rupto
1455 1541 1754 1582 sanctissimo
1773 1541 1865 1582 foe-

244 1612 353 1652 dere
374 1611 670 1660 matrimonii,
695 1617 872 1662 septem
894 1611 1028 1651 annis
1049 1622 1076 1650 a
1098 1611 1294 1662 coniuge
1312 1609 1326 1630 ⁹
1348 1623 1454 1652 cum
1475 1618 1678 1663 cognata
1698 1612 1871 1653 foedis-

242 1683 357 1723 sime
379 1683 577 1732 uixerat;
602 1682 693 1734 qui,
726 1690 1025 1732 peccatorum
1044 1683 1165 1722 mole
1186 1681 1412 1734 deposita,
1438 1683 1620 1724 nostris
1642 1681 1673 1702 ¹⁰
1699 1683 1863 1724 adhor-

242 1753 511 1804 tationibus,
538 1753 597 1793 ad
618 1764 813 1793 onrem
832 1752 982 1793 rediit.

320 1824 403 1864 Est
431 1824 553 1875 apud
581 1824 753 1863 siculos
779 1834 880 1863 mos
907 1831 957 1864 vt
985 1823 1065 1864 filii
1091 1830 1136 1864 et
1166 1824 1286 1864 filiae
1315 1832 1561 1876 parentum
1590 1836 1756 1866 manus
1791 1837 1866 1867 ve-

241 1896 364 1946 speri
385 1902 429 1935 et
455 1906 591 1935 mane
614 1895 956 1945 exosculentur‚
981 1905 1070 1946 quo
1097 1896 1414 1936 uenerationis
1434 1896 1569 1947 signo
1600 1908 1649 1936 se
1670 1897 1869 1948 morige-

242 1978 318 2007 ros
346 1966 538 2017 Deoque
566 1971 611 2005 et
640 1965 910 2017 parentibus
944 1964 1148 2005 debitum
1180 1966 1407 2007 honorem
1440 1966 1736 2007 tribuendum
1767 1979 1870 2008 esse

241 2037 577 2077 demonstrant:
600 2035 844 2087 quaedam,
869 2047 926 2075 ne
948 2035 1035 2076 hoc
1063 2036 1254 2087 faceret,
1279 2048 1362 2077 sex
1384 2048 1533 2077 annos
1561 2038 1619 2077 ab
1642 2038 1768 2078 omni
1799 2050 1866 2078 sa-

242 2114 588 2148 cramentorum
605 2107 899 2158 susceptione
917 2107 1218 2148 abstinuerat:
1238 2119 1375 2157 nunc,
1395 2109 1550 2158 gratia
1570 2108 1659 2148 Dei
1674 2113 1763 2160 per
1781 2120 1868 2149 nos

242 2185 478 2230 operante,
500 2189 549 2218 se
573 2176 597 2196 ¹¹
617 2178 799 2229 penitus
820 2177 1098 2218 emendauit.
1122 2178 1227 2218 Fuit
1248 2184 1292 2219 et
1314 2178 1404 2219 alia
1426 2179 1671 2230 quaedam,
1695 2187 1868 2220 conata

242 2260 324 2301 per
345 2249 559 2301 potiones
581 2255 625 2288 et
654 2247 994 2289 medicamenta
1015 2248 1230 2289 abortum
1257 2249 1427 2299 facere,
1457 2261 1577 2301 quae
1608 2261 1713 2290 cum
1739 2250 1864 2291 uide-

241 2328 311 2359 ret
328 2320 416 2360 hac
433 2326 533 2359 arte
550 2319 663 2359 nihil
680 2318 792 2369 fieri,
813 2319 954 2359 aliam
970 2319 1165 2360 tentauit
1181 2320 1323 2360 viam:
1342 2320 1470 2360 humi
1485 2326 1739 2372 prostrata,
1759 2332 1867 2362 ven-

242 2396 311 2430 tre
332 2392 513 2430 coelum
533 2401 711 2440 uersus,
735 2389 911 2430 tamdiu
931 2401 980 2430 se
1002 2390 1222 2442 mancipii
1242 2390 1328 2441 sui,
1351 2390 1583 2432 foeminae
1604 2390 1867 2434 robustissi-

295 2574 305 2595 ¹
344 2575 438 2602 circa
455 2574 691 2609 consessionis
706 2575 970 2600 sacramentum
987 2574 1117 2602 addidit
1135 2574 1302 2603 Polancus

349 2621 476 2648 altera.
492 2620 680 2648 Pommcus.

347 2668 553 2695 salubriter.
570 2667 621 2695 ID.

347 2715 418 2742 Deo
434 2716 582 2742 iuuante
598 2716 753 2743 adducta
770 2719 832 2742 est.
851 2714 903 2743 ID.

347 2763 554 2790 orationem.
572 2762 624 2789 Io.

345 2812 436 2839 sicut
452 2812 484 2837 et
500 2817 561 2837 nos
576 2810 795 2836 dtntittimus
809 2810 1030 2839 debitoribus
1046 2812 1188 2838 nostris.
1206 2809 1258 2839 ID.

295 2857 308 2878 Ἰ
345 2862 464 2886 errata
478 2864 555 2886 sua.
572 2857 622 2884 11).

298 2905 314 2927 ⁸
351 2907 432 2940 egit.
446 2904 496 2932 Io.

293 2620 312 2831 Φοῑῶωη

297 2951 312 2973 ⁹
349 2954 489 2988 conjuge
504 2954 705 2987 separatus.
722 2952 768 2979 ID.

285 3000 314 3022 ¹⁰
346 3001 420 3036 piis
435 3002 560 3027 motus.
576 3000 623 3027 lo.

282 3047 311 3069 ¹¹
347 3048 462 3084 gratia
476 3047 539 3075 Dei
555 3047 590 3074 id
605 3051 779 3082 operante,
797 3054 953 3076 errorem
970 3054 1085 3076 suum.
1100 3047 1153 3076 Iu.
