2020 3342
275 268 344 315 254
782 268 1008 316 L1TTERAE
1035 280 1392 322 QUADRI‘MESTRE'S

276 375 480 416 dicebat:
506 375 651 415 “hanc
672 375 835 416 horam
858 375 1038 416 habetis
1061 376 1384 428 quiescendi?„
1410 375 1546 426 Quod
1569 372 1742 416 dixisse
1772 370 1893 416 vide-

276 452 351 486 tur
371 458 428 486 ne
452 445 483 486 ii
503 445 717 493 fortasse,
741 447 819 498 qui
841 447 991 498 ipsum
1014 447 1372 494 comitabantur,
1396 458 1502 487 cum
1521 446 1692 486 fratres
1712 446 1826 486 nihil
1842 458 1896 486 eo

275 523 482 569 tempore
504 527 645 568 agere
665 517 891 567 viderent,
917 529 971 558 ea
991 529 1041 558 re
1063 518 1429 558 offenderentur:
1459 516 1624 557 deinde
1651 517 1894 557 discedens

276 600 361 628 nos
391 587 720 639 consalutauit,
753 589 885 629 vultu
921 588 1021 640 ipso
1048 595 1092 629 et
1122 594 1316 641 aspectu
1343 588 1481 629 facile
1508 587 1721 628 indicans
1756 599 1894 640 quam

276 658 446 699 fratres
467 670 627 699 omnes
648 659 952 700 charissimos
973 659 1182 700 haberet.
1206 659 1419 700 Christus
1441 658 1545 711 Opt.
1574 658 1699 699 Max.
1723 658 1894 699 diutur-

276 741 384 769 nam
406 729 447 769 ei
467 729 614 770 vitam
635 731 866 781 largiatur
893 736 959 780 vt,
989 742 1043 770 eo
1068 731 1262 771 authore
1293 736 1336 770 et
1367 730 1498 779 duce,
1533 730 1717 770 diuinus
1747 730 1795 770 in
1825 730 1896 770 his

274 800 486 852 partibus
508 801 673 852 cultus,
697 801 765 841 vti
785 801 937 841 adhuc
959 807 1124 842 auctus
1144 807 1228 850 est,
1251 801 1318 841 sic
1334 801 1381 841 in
1402 801 1500 841 dies
1517 800 1725 852 singulos
1745 800 1896 852 magis

275 871 521 923 magisque
543 877 787 922 augeatur.

355 942 459 995 Jam
482 943 541 983 ad
563 948 621 993 te,
646 942 785 983 Pater
807 943 1014 994 colende,
1040 943 1289 994 aliquando
1311 943 1476 995 scripsi
1497 943 1553 984 de
1568 942 1778 983 Vestibus
1795 954 1895 983 cae-

276 1014 480 1065 terisque
500 1015 662 1064 magni
685 1014 822 1065 pretii
842 1015 994 1064 rebus,
1026 1026 1144 1066 quae
1166 1013 1224 1054 ad
1244 1026 1320 1054 res
1348 1013 1530 1054 diuinas
1557 1014 1644 1054 rite
1673 1024 1896 1066 peragen-

276 1085 360 1125 das
382 1085 519 1125 datae
540 1085 673 1125 nobis
695 1097 722 1124 a
741 1085 956 1137 Principe
980 1085 1215 1126 Cardinali
1237 1091 1342 1125 sunt
1365 1085 1390 1125 ¹.
1416 1085 1608 1137 Verum,
1631 1085 1738 1137 quia
1766 1085 1894 1136 igno-

277 1168 329 1196 ro
352 1168 411 1196 an
434 1155 642 1196 redditae
664 1156 756 1196 sint
775 1156 952 1208 literae,
977 1157 1034 1197 ob
1062 1168 1162 1196 eam
1192 1168 1291 1197 rem
1321 1168 1390 1208 ea,
1421 1168 1539 1208 quae
1570 1156 1626 1196 de
1656 1156 1730 1197 his
1757 1155 1895 1196 rebus

275 1227 457 1279 scripsi,
481 1227 556 1267 hic
579 1227 718 1267 etiam
739 1234 949 1279 repetam
969 1228 1115 1268 breui.

353 1297 585 1349 Imprimis
617 1297 728 1338 data
755 1305 861 1338 sunt
890 1299 1169 1338 vestimenta
1201 1304 1392 1350 septem,
1426 1299 1593 1350 quibus
1627 1298 1895 1339 sacerdotes

276 1380 464 1409 sacrum
486 1369 742 1409 confecturi
772 1369 1040 1420 induuntur,
1070 1370 1354 1422 totidemque
1383 1376 1551 1422 vestes,
1589 1370 1755 1422 quibus
1784 1371 1896 1411 alta-

274 1441 344 1480 ria
365 1446 677 1492 conteguntur
697 1446 835 1492 atque
857 1446 1102 1481 ornantur:
1128 1442 1283 1482 omnia
1305 1442 1422 1482 haec
1445 1452 1500 1482 ex
1520 1448 1651 1482 veste
1671 1441 1896 1482 vndulata

275 1511 367 1552 albi
395 1512 582 1563 coloris,
606 1511 988 1563 circumdataque
1015 1512 1166 1552 limbis
1195 1524 1252 1552 ex
1279 1518 1409 1553 veste
1439 1513 1722 1565 bombycina
1749 1512 1896 1553 cocci-

273 1594 361 1622 nea
381 1588 426 1623 et
447 1582 654 1623 eiusdem
676 1583 846 1623 coloris
868 1583 1022 1623 multis
1050 1583 1213 1623 sericis
1236 1589 1400 1624 ornata
1422 1583 1630 1624 fimbriis,
1654 1583 1762 1624 Alia
1784 1584 1896 1624 item

274 1659 451 1706 septem
471 1654 750 1694 vestimenta
777 1653 1059 1706 totidemque
1081 1654 1350 1695 indumenta
1371 1655 1602 1707 altarium,
1627 1655 1781 1695 omnia
1806 1654 1896 1695 atri

273 1725 459 1776 coloris,
482 1736 681 1777 quorum
702 1726 792 1766 tria
815 1737 872 1766 ex
895 1732 1023 1766 veste
1044 1726 1324 1777 bombycina
1346 1733 1452 1766 sunt
1470 1726 1622 1767 limbis
1643 1726 1781 1767 serici
1797 1726 1892 1767 rasi

273 1802 454 1847 ornata,
478 1796 678 1847 itemque
699 1796 906 1836 eiusdem
928 1796 1097 1836 coloris
1119 1797 1282 1837 sericis
1306 1796 1517 1838 fimbriis:
1538 1797 1715 1849 reliqua
1736 1808 1850 1838 vero
1867 1797 1892 1836 4

273 1879 331 1908 ex
351 1873 479 1907 veste
496 1866 737 1918 vndulata,
757 1879 956 1919 quorum
974 1868 1113 1908 etiam
1129 1868 1448 1908 extremitates
1464 1868 1622 1909 fasciis
1639 1868 1779 1909 serici
1801 1868 1895 1909 rasi

274 1938 538 1978 ambiuntur
559 1944 603 1978 et
624 1938 786 1978 sericis
807 1945 1034 1979 ornantur
1050 1939 1255 1979 fimbriis.
1278 1937 1465 1991 Septem
1481 1945 1725 1991 praeterea
1742 1951 1893 1980 sacer-

273 2009 434 2049 dotum
459 2009 743 2061 totidemque
777 2010 994 2049 altarium
1025 2010 1327 2062 operimenta,
1362 2022 1419 2050 ex
1451 2016 1581 2051 veste
1611 2010 1894 2063 bombycina

274 2080 509 2131 coccinea,
533 2091 729 2131 quorum
751 2092 861 2120 orae
881 2081 1034 2121 limbis
1054 2093 1112 2121 ex
1133 2081 1394 2121 holoserico
1420 2080 1558 2133 (quod
1579 2082 1802 2134 vellutum
1820 2093 1896 2134 ap-

274 2151 463 2203 pellant)
486 2142 816 2191 viridi'coloris
837 2157 1188 2203 praetexuntur,
1213 2158 1257 2192 et
1279 2152 1449 2192 coloris
1479 2153 1685 2193 eiusdem
1704 2152 1897 2193 fimbriis

274 2227 577 2263 exornantur.
601 2221 753 2262 Datae
774 2228 881 2262 sunt
911 2223 1051 2263 etiam
1078 2229 1173 2263 tres
1203 2229 1247 2263 et
1278 2222 1577 2264 sacerdotum
1607 2230 1650 2264 et
1680 2224 1896 2264 altarium

276 2299 432 2334 vestes
464 2305 522 2333 ex
551 2292 814 2333 holoserico
839 2293 1004 2344 viridi,
1035 2293 1186 2333 limbis
1211 2305 1326 2333 vero
1355 2305 1413 2334 ex
1442 2300 1568 2334 veste
1596 2305 1738 2335 aurea
1764 2306 1894 2347 prac-

275 2371 444 2415 textae,
469 2375 666 2416 quarum
686 2364 896 2404 fimbriae
918 2377 975 2404 ex
1005 2364 1080 2405 filo
1111 2365 1325 2405 inaurato
1355 2371 1487 2405 sunt:
1521 2371 1720 2417 quatuor
1751 2366 1892 2406 etiam

275 2447 333 2476 ex
353 2440 483 2475 veste
505 2435 787 2476 damascena
814 2434 977 2475 viridis
1013 2435 1183 2476 coloris
1213 2447 1318 2476 cum
1345 2436 1497 2476 limbis
1528 2442 1572 2476 et
1600 2436 1806 2477 fasciolis
1837 2449 1895 2478 ex

277 2506 536 2546 holoserico
570 2506 723 2546 viridi.
755 2506 879 2546 Data
909 2513 1152 2558 praeterea
1182 2512 1289 2547 sunt
1316 2507 1406 2547 tria
1433 2507 1729 2548 sacerdotum
1757 2509 1894 2549 vesti-

278 2584 432 2618 menta
454 2589 512 2618 ex
532 2583 662 2617 veste
684 2589 825 2617 aurea
844 2577 1072 2628 confecta,
1091 2589 1288 2629 quorum
1304 2589 1413 2618 orae
1429 2579 1476 2618 in
1494 2578 1704 2628 circuitu,
1724 2579 1783 2619 ad
1799 2579 1894 2620 lim-

277 2649 441 2688 borum
473 2647 832 2699 similitudinem,
866 2647 1142 2700 quibusdam
1172 2661 1230 2688 ex
1261 2654 1485 2699 argenteo
1514 2649 1589 2689 filo
1611 2651 1896 2690 ornamentis

278 2719 413 2771 (quae
435 2719 582 2759 nostri
602 2719 785 2759 raudus
807 2720 1058 2770 appellant)
1080 2724 1433 2771 praetexuntur,
1457 2731 1574 2772 quae
1610 2732 1798 2761 orarum
1825 2733 1895 2762 or-

277 2796 496 2830 namenta
516 2789 568 2829 70
588 2790 826 2830 coronatis
849 2796 986 2841 atque
1004 2790 1143 2830 etiam
1159 2791 1305 2841 pluris
1321 2797 1610 2832 constarunt.
1629 2791 1740 2832 Tria
1756 2792 1896 2833 etiam

281 2860 499 2901 altarium
534 2861 820 2911 operimenta
856 2873 913 2901 ex
947 2861 1207 2901 holoserico
1239 2861 1439 2913 quodam
1466 2863 1687 2913 purpurei
1724 2863 1895 2904 coloris

276 2931 414 2984 (quod
448 2942 547 2982 nOS,
584 2942 725 2983 quum
760 2931 918 2972 varias
952 2932 1000 2972 in
1029 2937 1249 2972 contextu
1279 2931 1455 2983 figuras
1481 2932 1637 2983 refert,
1670 2933 1893 2975 vellutum

328 3091 338 3113 ¹
378 3090 465 3119 Vide
480 3099 593 3127 supra,
610 3092 744 3120 litteras
760 3093 820 3120 sub
840 3100 868 3120 n.
885 3099 1067 3124 cotxxxw,
1084 3092 1225 3126 positas¹
1241 3100 1318 3126 pag.
1335 3092 1399 3120 153.
