2020 3342
860 226 938 259 ΑΝ.
978 223 1067 258 1:350
1727 224 1780 260 :39

148 319 440 371 professores
461 319 762 359 humanitatis
792 324 836 358 et
869 318 1205 370 philosophiae,
1235 319 1553 368 iureconsulti,
1585 319 1770 370 medici,

150 391 280 430 multi
315 396 575 440 senatores,
613 389 850 439 canonici,
889 394 932 428 et
968 377 1100 428 multi
1134 389 1212 428 alii
1247 389 1489 429 doctores:
1528 389 1574 429 in
1610 389 1769 429 ultima

148 461 332 501 actione
353 472 514 501 omnes
533 460 630 500 fere
660 460 896 500 auditores
926 466 970 499 et
1006 465 1295 510 spectatores
1325 466 1459 500 erant
1481 459 1767 508 sacerdotes,

149 538 193 571 et
215 532 431 571 monachi
452 543 511 571 ex
532 531 745 571 omnibus
766 529 862 571 fere
884 530 1138 580 ordinibus,
1162 536 1207 569 et
1228 530 1511 570 scholastici.

227 602 316 643 Ubi
337 602 452 642 haec
474 603 638 642 salutis
659 602 884 653 mysteria
904 601 1092 641 fuerunt
1112 607 1324 652 peracta,
1354 601 1444 640 uiri
1472 601 1535 640 illi
1566 601 1772 652 religiosi

149 684 444 724 summopere
481 673 734 713 laudabant
773 671 1019 713 Societatis
1058 671 1349 720 institutum,
1398 672 1676 723 aiebantque
1723 683 1772 711 se

148 745 274 784 illam
295 745 463 796 ubique
483 744 695 805 gentium¹
713 755 815 788 esse
835 743 1206 794 praedicaturos3
1228 748 1272 782 et
1293 748 1423 782 tanta
1442 743 1619 782 laetitia
1636 750 1769 782 erant

148 815 340 866 perfusi,
378 821 427 854 ut
461 815 709 855 Rectorem
745 820 957 854 nostrum
989 814 1295 854 Franciscum
1330 813 1559 853 Palmium
1595 813 1770 853 arctius

148 889 567 938 amplecterentur,
608 887 764 937 illique
804 886 1133 937 pollicerentur
1169 897 1302 926 suam
1338 896 1529 941 operam
1564 892 1608 924 et
1643 884 1770 924 indu-

147 959 309 998 striam
330 958 375 998 in
398 969 690 1009 quacumque
711 969 760 997 re
788 962 976 1008 possent
1003 956 1227 997 Societati
1254 957 1481 996 inseruire
1509 956 1772 995 consulere-

146 1041 248 1080 que.
273 1029 366 1068 Alii
388 1028 619 1077 dolebant,
644 1027 767 1079 quod
789 1039 947 1067 secum
968 1039 1061 1067 non
1085 1027 1389 1067 adduxissent
1412 1038 1572 1066 omnes
1603 1037 1768 1066 coeno-

146 1100 208 1139 bii
229 1099 501 1139 monachos.
527 1084 678 1139 Tanta
700 1097 813 1138 fides
834 1099 1035 1138 accessit
1063 1098 1259 1149 collegio
1282 1098 1352 1137 his
1375 1098 1526 1147 rebus,
1554 1103 1602 1137 ut
1622 1097 1769 1145 multi,

146 1171 223 1221 qui
246 1176 383 1209 antea
404 1181 490 1209 nos
512 1170 766 1210 irridebant
788 1176 832 1209 et
863 1169 1073 1220 stupidos
1104 1169 1397 1217 iudicabant,
1429 1180 1551 1208 nunc
1581 1167 1773 1208 laudent

146 1247 190 1280 et
212 1246 381 1280 ament.
770 1278 772 1283 ,

224 1312 306 1352 Est
327 1319 371 1351 et
395 1306 666 1362 praeclarus
687 1311 925 1362 professor
947 1311 1266 1359 humanitatis,
1291 1311 1367 1361 qui
1388 1322 1481 1349 non
1509 1316 1693 1361 poterat
1722 1310 1768 1348 in

146 1382 351 1422 animum
384 1383 604 1422 inducere
637 1393 770 1421 suum
806 1382 852 1421 in
892 1382 1089 1432 collegio
1129 1388 1290 1421 nostro
1331 1382 1532 1421 existere
1568 1381 1767 1432 aliquem

143 1453 260 1493 tanti
280 1453 454 1503 ingenii
475 1460 519 1492 et
539 1453 829 1502 eruditioniS,
854 1453 931 1504 qui
953 1453 1163 1492 carmina
1186 1453 1262 1492 illa
1285 1452 1441 1492 facere
1464 1452 1620 1492 sciret:
1639 1463 1764 1503 spar-

144 1535 224 1564 sus
245 1530 314 1563 est
333 1530 491 1563 tantus
511 1534 670 1563 rumor
691 1524 737 1563 in
759 1524 846 1563 hac
868 1524 980 1563 urbe
1003 1524 1058 1563 de
1079 1524 1229 1573 nobis,
1254 1531 1302 1563 ut
1321 1523 1434 1563 nihil
1451 1523 1577 1563 aliud
1597 1523 1769 1563 refera-

145 1600 220 1634 tur
240 1594 393 1644 modo,
417 1601 462 1634 ct
483 1595 686 1645 agitetur
713 1595 759 1634 in
787 1595 979 1634 aedibus
1007 1595 1235 1646 equitum,
1267 1595 1440 1634 ciuium
1467 1601 1512 1634 et
1542 1594 1766 1635 studioso—

144 1677 262 1715 rum,
287 1677 426 1717 quam
448 1672 659 1705 nostrum
679 1665 939 1705 institutum
962 1673 1006 1706 et
1028 1666 1205 1705 schola.
1229 1666 1514 1706 Laudandus
1536 1665 1772 1705 Dominus>

144 1737 293 1789 Jcsus,
331 1736 500 1776 author
525 1736 669 1777 huius
705 1737 859 1787 operis
895 1743 937 1776 et
973 1737 1298 1776 uniuersorum
1335 1736 1607 1787 officiorum,
1648 1748 1767 1788 quae

145 1806 356 1847 Societas
377 1812 598 1857 praestat.
623 1806 714 1846 Res
741 1807 884 1857 igitur
917 1807 1124 1847 literaria
1152 1808 1297 1847 diuini
1325 1808 1528 1847 numinis
1559 1807 1767 1858 auspicio

145 1883 460 1928 promouetur,
486 1889 541 1917 ac
563 1877 775 1928 discipuli
797 1885 841 1917 et
873 1879 1042 1918 virtute
1071 1885 1113 1918 et
1143 1890 1336 1919 numero
1371 1878 1452 1926 (uti
1479 1884 1690 1929 tempora
1723 1886 1766 1917 et

145 1960 298 1989 mores
318 1949 487 1999 serunt)
510 1956 739 1999 crescunt,
764 1955 808 1989 et
829 1949 1040 1990 videmus
1062 1950 1109 1990 in
1130 1951 1218 1990 illis
1235 1950 1360 1990 haud
1376 1950 1659 1990 mediocrem
1676 1950 1769 1990 fru—

145 2028 284 2060 ctum:
308 2027 498 2060 seruant
525 2021 647 2060 enim
675 2022 862 2072 regulas
892 2027 936 2061 et
968 2021 1178 2061 instituta
1205 2022 1405 2072 collegii,
1436 2022 1671 2061 celebrant
1698 2022 1767 2060 lu-

144 2091 274 2139 dum,
311 2091 541 2131 intersunt
571 2097 668 2131 tum
695 2091 882 2132 lectioni
917 2092 1158 2132 doctrinae
1193 2093 1477 2133 christianae
1515 2093 1650 2144 (quae
1678 2093 1767 2133 illis

142 2162 428 2212 praelegitur
450 2174 476 2202 a
496 2162 694 2202 Rectore
715 2163 761 2202 in
782 2164 953 2214 templo
974 2163 1136 2203 diebus
1156 2164 1357 2213 veneris,
1383 2165 1440 2204 ad
1462 2175 1602 2215 quam
1627 2171 1671 2204 et
1688 2165 1767 2204 alii

144 2232 401 2282 accedunt),
426 2239 525 2274 tum
544 2233 757 2273 concioni
779 2240 857 2273 aut
886 2234 1075 2274 lectioni
1101 2235 1426 2286 euangelicae,
1457 2247 1575 2285 quae
1607 2235 1664 2275 ab
1695 2247 1764 2275 eo-

144 2303 248 2343 dem
269 2310 516 2344 enarratur
543 2304 590 2344 in
616 2305 789 2355 templo
818 2304 1030 2344 omnibus
1056 2305 1198 2345 feriis.
1232 2305 1322 2346 Sed
1353 2306 1408 2345 de
1437 2306 1580 2346 literis
1613 2306 1765 2346 hacte-

144 2385 246 2413 nus:
270 2386 392 2414 nunc
415 2374 473 2414 ad
493 2381 896 2415 sacramentorum
916 2376 1077 2427 fruges
1097 2377 1356 2417 ueniamus.

222 2443 385 2484 Patres
405 2456 489 2496 pro
510 2445 685 2485 uiribus
707 2457 891 2496 semper
920 2447 1231 2487 inseruierunt
1259 2448 1397 2487 saluti
1423 2460 1478 2488 ac
1506 2449 1766 2488 animarum

143 2515 352 2566 candori,
387 2527 669 2568 operamque
700 2517 935 2557 assiduam
965 2517 1190 2558 dederunt
1218 2519 1509 2569 cupientibus
1530 2519 1766 2559 conscien-

142 2586 254 2625 tiam
275 2592 508 2634 excutere,
531 2587 656 2627 vitae
677 2588 836 2639 lapsus
856 2595 1162 2629 sacrosancta
1184 2589 1476 2629 confessione
1498 2590 1686 2639 diluere,
1711 2602 1767 2629 ac

142 2656 346 2696 animum
376 2658 707 2708 mysteriorum
742 2659 1043 2710 perceptione
1078 2660 1327 2700 illustrare.
1359 2660 1558 2700 Proinde
1593 2672 1765 2710 magna

141 2734 209 2767 est
232 2733 276 2767 et
296 2728 506 2768 virorum
528 2735 571 2768 et
592 2729 838 2769 mulierum
873 2730 1148 2782 frequentia,
1175 2744 1265 2771 non
1303 2733 1440 2772 modo
1476 2732 1765 2782 singulorum

142 2798 364 2838 mensium
389 2799 533 2848 initi0‚
568 2800 647 2839 sed
683 2806 727 2840 et
761 2806 929 2841 octauo
965 2814 1147 2853 quoque
1183 2803 1256 2842 die
1291 2810 1335 2842 et
1371 2803 1584 2843 omnibus
1619 2802 1764 2849 feriis,

142 2869 220 2919 qui
254 2869 479 2919 singulari
515 2871 683 2910 mentis
717 2872 1004 2922 synceritate
1033 2879 1077 2912 et
1106 2874 1309 2924 puritate
1341 2885 1551 2913 mensam
1577 2873 1766 2913 Domini

144 2940 331 2979 adeunt.
356 2973 364 2984 ,

223 3009 272 3049 In
300 3009 488 3061 jubilaei
510 3015 883 3064 promulgatione
917 3016 1073 3064 plures
1096 3021 1396 3054 accesserunt
1425 3015 1484 3055 ad
1506 3026 1590 3054 nos
1612 3025 1765 3054 sacra-
