2020 3342
292 226 364 265 330
797 229 1022 267 LITTERAE
1049 240 1406 274 QUADmMEsTREs

279 335 374 375 gno
406 337 491 365 nos
523 326 751 376 applausu
773 327 1072 377 excipientes.
1105 326 1317 379 Plerique
1349 328 1426 368 alii
1458 328 1517 369 ad
1546 340 1634 369 nos
1663 333 1908 379 uenerunt,

278 396 338 436 ad
369 407 505 447 quOS,
538 402 728 447 propter
763 398 961 437 uestium
993 398 1243 447 defectum,
1276 409 1368 438 non
1399 404 1669 450 poteramus
1702 399 1906 451 prodire.

280 467 518 506 Hactenus
548 467 670 507 enim
701 468 757 507 ob
788 468 834 508 id
863 468 1128 509 delituimus
1161 469 1327 510 inclusi
1360 470 1631 510 monasterii
1662 471 1897 518 claustris,

280 538 371 577 imo
408 537 538 577 initio
573 550 629 577 ne
666 539 929 579 cubiculum
966 540 1149 591 quidem
1184 546 1452 591 poteramus
1488 540 1670 591 egredi,
1713 546 1904 593 propter

280 609 549 648 continuum
583 620 862 649 concursum
896 611 1160 660 uulgarium
1196 611 1456 661 hominum,
1495 611 1572 663 qui
1607 612 1903 663 exploratum

278 679 524 719 ueniebant
559 686 766 720 nostram
805 680 1065 721 libertatem
1100 681 1237 731 (sz‘c).·
1275 681 1501 722 hactenus
1539 682 1585 722 in
1624 683 1899 723 dormitorio

279 750 638 799 monachorum,
663 762 766 790 cum
788 751 1031 791 monachis
1061 757 1105 792 et
1134 752 1236 792 aliis
1267 752 1542 804 quibusdam
1572 752 1724 800 laicis,
1758 754 1899 794 cellas

276 826 461 861 nostras
482 822 739 861 habuimus.
767 821 1061 874 Quapropter
1084 823 1353 863 continuum
1373 835 1654 864 concursum
1675 823 1906 865 hactenus

277 892 403 943 passi
424 903 605 942 sumus,
638 891 802 933 eodem
823 894 926 933 loco
947 894 1107 944 pransi
1128 905 1301 943 sumus,
1326 894 1487 934 eadem
1509 894 1663 934 culina
1683 894 1770 944 usi,
1795 906 1903 935 cum

276 963 480 1002 maxima
511 963 748 1004 seruitute.
781 962 1033 1015 Speramus
1055 964 1101 1004 in
1123 963 1325 1005 Domino
1347 965 1596 1016 aliquando
1625 965 1702 1006 his
1718 976 1903 1017 quoque

277 1033 378 1073 dari
406 1033 564 1084 finem,
597 1035 811 1086 quamuis
842 1035 1016 1075 nullam
1046 1041 1124 1075 aut
1154 1046 1350 1086 paruam
1373 1037 1698 1087 apparentiam
1718 1036 1905 1077 uideam

274 1116 490 1145 recessus
513 1105 865 1156 monachorum,
890 1117 944 1145 eo
966 1105 1089 1157 quod
1119 1118 1212 1146 non
1234 1107 1513 1158 completam
1537 1107 1739 1147 habeant
1768 1118 1904 1148 suam

276 1175 547 1227 petitionem
569 1175 690 1227 apud
712 1175 902 1226 Regem.

353 1246 601 1287 Praeterea
632 1248 938 1288 eleemosinas
973 1249 1221 1289 nonnullas
1251 1261 1276 1288 a
1313 1249 1536 1300 praefatis
1571 1249 1733 1290 amicis
1768 1260 1901 1290 acce-

276 1318 399 1369 pisse
421 1330 526 1367 nos,
559 1319 739 1358 silentio
761 1319 1017 1370 praeterire
1038 1331 1131 1359 non
1152 1331 1358 1371 possum.
1382 1319 1493 1360 Tria
1515 1319 1636 1360 enim
1666 1331 1782 1360 uasa
1803 1331 1903 1361 cer-

275 1390 448 1439 uiciae‚
482 1401 586 1429 cum
616 1390 816 1441 primum
847 1390 1150 1439 uenissemus,
1184 1397 1289 1430 sunt
1319 1391 1452 1430 nobis
1483 1391 1661 1431 oblata:
1696 1391 1791 1431 uini
1822 1391 1901 1432 ali-

278 1468 387 1512 quot
411 1462 599 1511 pocula:
623 1461 825 1511 gallinae
846 1467 1066 1512 quatuor;
1090 1461 1208 1501 duae
1231 1461 1287 1501 ab
1319 1461 1436 1502 aliis:
1469 1462 1621 1513 pisces
1652 1468 1695 1502 et
1724 1462 1902 1514 carpio-

274 1543 356 1572 nes
388 1537 609 1583 quatuor:
648 1532 704 1571 ab
740 1532 830 1572 alio
867 1543 975 1583 pars
1011 1543 1182 1582 magna
1217 1532 1459 1573 salmonis:
1493 1533 1658 1584 quibus
1689 1532 1903 1574 omnibus

279 1610 474 1655 apparet
496 1614 582 1642 nos
603 1615 695 1643 non
717 1603 774 1643 ab
796 1603 1010 1643 omnibus
1031 1615 1133 1643 esse
1154 1609 1461 1655 contemptos.

353 1673 518 1725 Quoad
540 1674 799 1714 aedificium
818 1706 825 1724 ‚
849 1674 965 1714 satis
986 1674 1189 1726 amplam
1209 1674 1434 1714 habemus
1455 1674 1642 1715 domum
1662 1686 1746 1726 pro
1767 1675 1901 1716 nobis

275 1745 368 1786 imo
403 1745 570 1796 uiginti
600 1756 908 1796 personarum
944 1756 1182 1797 capacem,
1219 1745 1259 1786 si
1290 1745 1429 1786 modo
1465 1745 1591 1786 illam
1621 1745 1902 1787 haberemus

274 1816 487 1856 liberam:
510 1815 646 1856 facile
668 1827 851 1868 quoque
882 1822 1043 1867 aptare
1065 1822 1134 1856 est
1153 1816 1307 1856 locum
1329 1816 1539 1867 nouitiis‚
1562 1823 1608 1857 et
1628 1816 1716 1857 hoc
1737 1817 1902 1868 paucis

274 1887 514 1938 expensis:
546 1887 699 1927 culina
730 1887 860 1927 breui
882 1887 1169 1938 absoluetur,
1193 1886 1511 1937 refectorium,
1535 1887 1710 1928 classes
1740 1900 1799 1929 ex
1828 1899 1899 1929 or·

272 1958 375 1998 cline
393 1964 639 2009 sequentes
662 1965 861 2009 quatuor
882 1969 1082 2009 magnae
1103 1964 1148 1998 et
1165 1957 1520 2009 pulcherrimae,
1540 1970 1674 2010 quae,
1699 1958 1901 2011 demptis

269 2029 437 2079 ligneis
460 2036 538 2069 aut
558 2028 719 2070 uitreis
740 2029 979 2078 fenestris,
1004 2029 1149 2069 ferme
1170 2036 1276 2069 sunt
1298 2029 1561 2080 absolutae,
1586 2041 1785 2082 quarum
1804 2035 1901 2077 tres

272 2107 465 2152 possunt
493 2100 630 2140 facile
657 2100 1052 2151 comprehendere
1074 2100 1299 2141 ducentos
1320 2100 1651 2141 scholasticos:
1675 2101 1901 2153 templum

274 2177 483 2211 nostrum
514 2172 777 2222 egregium,
810 2171 892 2211 sed
922 2183 1140 2222 paruum,
1174 2171 1370 2211 chorum
1399 2177 1555 2212 tamen
1586 2171 1763 2212 habens
1789 2172 1895 2213 luci·

273 2242 535 2291 dissimum,
570 2242 692 2293 quod
728 2242 913 2293 quidem
947 2253 1030 2282 suo
1066 2248 1273 2293 tempore
1312 2241 1446 2283 facile
1481 2242 1695 2293 ampliari
1725 2248 1896 2294 potest,

274 2313 550 2364 applicando
590 2313 807 2353 uidelicet
847 2313 1094 2364 quemdam
1132 2313 1402 2353 monasterii
1441 2313 1692 2364 ambitum;
1734 2324 1896 2354 verum

274 2383 396 2424 istud
417 2384 550 2424 nobis
570 2384 658 2424 hoc
681 2390 889 2435 tempore
911 2383 1094 2423 abunde
1116 2382 1297 2423 sufficit.

351 2455 590 2506 Frequens
612 2460 680 2494 est
709 2456 906 2506 populus
926 2454 972 2494 in
994 2453 1236 2494 audiendis
1256 2454 1427 2503 sacris,
1451 2454 1593 2495 etiam
1614 2460 1801 2506 praeter
1822 2466 1897 2495 ex-

274 2526 600 2577 pectationem,
632 2531 727 2566 tam
748 2525 1021 2575 catholicus,
1051 2536 1190 2576 quam
1217 2525 1450 2566 Usciticus
1484 2526 1510 2563 ¹.
1543 2524 1617 2566 Ad
1648 2525 1824 2577 Regem
1852 2525 1899 2565 in

275 2596 502 2648 principio
524 2595 537 2615 ²
558 2596 669 2636 Maii
692 2607 853 2636 omnes
883 2596 1140 2646 adiuimus,
1174 2595 1228 2635 ad
1264 2607 1424 2646 quem,
1457 2597 1666 2637 osculata
1695 2596 1898 2648 primum

275 2679 414 2708 manu
442 2668 698 2719 renitentis,
716 2666 858 2708 Suam
873 2667 1165 2708 Maiestatem
1182 2678 1285 2707 sum
1301 2666 1469 2708 affatus
1485 2667 1556 2708 his
1573 2673 1652 2708 aut
1672 2666 1899 2708 similibus

329 2900 337 2920 ¹
380 2899 551 2927 Goissonii
568 2899 729 2926 librarius
745 2900 881 2934 scripsit
904 2899 1066 2933 Usciticss
1080 2906 1199 2926 verum
1222 2903 1281 2926 aut
1303 2899 1374 2933 ipse
1397 2902 1456 2927 aut
1477 2899 1564 2926 alius
1584 2906 1688 2934 supra
1709 2902 1899 2934 postremas

276 2949 360 2976 duas
376 2948 512 2975 litteras
527 2948 684 2981 apposuit
701 2954 732 2979 a,
745 2947 799 2974 ubi
815 2947 1049 2981 apponendum
1065 2950 1154 2973 esset
1170 2954 1204 2978 u,
1217 2946 1265 2974 ita
1280 2950 1316 2973 ut
1332 2947 1468 2980 legatur
1489 2946 1674 2974 UsciticaS.

326 2996 339 3014 2
378 2995 441 3022 Hic
457 2995 618 3022 librarius
633 3001 777 3021 exarare
794 2994 918 3028 incepit
934 2994 1075 3021 verbum
1098 2993 1189 3028 d[ie],
1207 2994 1317 3028 <patio
1339 2993 1458 3021 relicto
1480 2997 1515 3021 ut
1537 2996 1766 3028 apponeretur
1786 2999 1897 3020 nume-

274 3050 342 3076 rus5
359 3042 445 3077 quod
462 3045 572 3069 tamen
590 3041 734 3076 spatium
751 3041 905 3075 implevit
921 3048 1019 3069 manu
1036 3040 1173 3076 propria
1192 3040 1388 3069 Goissonius
1403 3041 1555 3068 scribens
1570 3041 1606 3066 in
1621 3039 1797 3074 principio
