2020 3342
855 229 892 267 A
900 241 936 268 Ν.
968 230 1058 269 1556
1703 230 1770 268 329

148 337 222 367 res
239 332 283 367 et
299 327 526 368 tubicines
539 329 636 368 suis
649 328 861 368 cantibus
878 329 991 369 nihil
1008 328 1131 369 aliud
1150 339 1289 380 quam
1305 327 1552 379 drz'nglzelt
1573 327 1582 346 ⁸
1600 339 1771 368 uenan-

148 404 235 448 tur‚
256 404 305 438 ut
325 399 461 439 nobis
482 399 679 439 relatum
700 406 784 440 est.
808 399 942 451 Quod
963 411 1068 440 cum
1090 399 1372 440 audiuissem
1390 399 1577 449 certius,
1597 399 1643 439 in
1660 409 1771 450 gra-

146 469 350 520 tiamque
370 476 578 510 nostram
595 470 711 511 haec
727 470 827 511 fieri
844 477 888 511 et
909 471 1033 511 facta
1054 471 1196 511 fuisse
1219 470 1567 521 intellexissem,
1592 470 1766 522 (quam-

147 539 216 579 uis
236 541 386 580 nullos
407 552 465 581 ex
486 553 715 582 consensu
737 549 896 582 nostro
914 542 1239 582 admiserimus
1261 553 1318 582 ex
1334 541 1625 593 praedictis),
1648 547 1772 592 post-

146 611 332 651 modum
356 613 475 662 caui,
500 613 755 653 admonens
777 613 1008 665 hospitem
1029 626 1085 653 ne
1108 613 1307 664 aliquem
1333 612 1538 658 illorum,
1573 612 1611 652 si
1640 612 1770 652 ueni-

147 689 270 732 rent,
304 683 581 724 admitteret.
614 683 747 735 Quod
768 697 873 725 cum
895 686 1037 725 semel
1058 686 1103 725 in
1124 684 1335 735 sequenti
1365 683 1566 735 quodam
1598 682 1769 734 oppido

146 753 407 803 accidisset,
427 766 809 807 recusassemque
830 756 1081 796 tubicinem
1102 763 1146 795 et
1167 761 1400 804 cantoreS‚
1424 755 1502 806 qui
1524 765 1701 803 omnes,
1722 759 1771 793 ut

143 823 188 862 in
204 824 435 875 prioribus
452 826 642 866 urbibus
659 827 718 867 ad
730 838 814 866 nos
827 833 1067 878 uenerant,
1087 827 1365 878 grauissime
1378 827 1597 875 tulerunt,
1615 823 1773 864 conui-

143 894 383 937 ciisetiam
399 909 481 938 nos
499 905 845 950 prosequentes
866 899 1045 939 Morem
1062 899 1183 939 enim
1201 899 1416 939 dicebant
1438 910 1539 939 esse
1560 899 1762 947 Patriae,

144 974 191 1008 ut
218 969 334 1009 haec
360 969 588 1010 nobilibus
623 976 667 1010 et
697 971 892 1010 alicuius
929 970 1267 1010 aestimationis
1294 970 1407 1010 uiris
1434 970 1616 1019 fierent3
1647 970 1767 1010 inter

144 1051 259 1091 quos
280 1051 367 1080 nos
389 1040 589 1090 (tametsi
611 1041 845 1091 Gesuitas)
868 1041 1098 1081 habebant
1121 1048 1165 1081 et
1186 1042 1534 1082 reuerebantur.

204 1136 206 1138 -
223 1110 340 1152 Cum
361 1118 515 1152 autem
533 1112 736 1163 Pragam
753 1113 1050 1163 intraremus,
1071 1114 1418 1154 occluseramus
1435 1114 1582 1154 latera
1601 1125 1767 1154 currus

143 1182 294 1234 palliis
314 1183 503 1233 nostris,
526 1194 582 1222 ne
604 1195 689 1223 nos
721 1191 815 1223 tam
843 1191 1003 1235 aperte
1030 1184 1436 1235 dignosceremur:
1470 1196 1632 1225 verum
1662 1197 1767 1226 cum

143 1260 438 1294 transeuntes
458 1254 685 1305 quasdam
708 1256 902 1306 plateas,
927 1267 1125 1307 quarum
1153 1256 1299 1295 altera
1323 1261 1489 1296 catena
1512 1256 1679 1305 ferrea,
1705 1257 1766 1296 al-

142 1331 242 1365 tera
263 1336 376 1365 uero
397 1325 538 1376 lignis
558 1327 857 1378 transpositis
879 1333 1130 1378 occupata,
1161 1337 1521 1377 remoraremur,
1553 1339 1766 1368 accurre—

140 1396 253 1436 bant
274 1396 499 1446 homines,
525 1403 569 1437 et
591 1398 762 1448 magni,
788 1398 937 1449 parui,
961 1398 1180 1438 mulieres
1196 1404 1241 1437 et
1258 1398 1480 1449 uirgines,
1500 1405 1767 1439 scrutantes

143 1474 185 1508 et
216 1468 589 1519 peruestigantes
614 1469 727 1520 'quid
755 1469 822 1508 rei
849 1469 894 1509 in
926 1481 1065 1509 curru
1096 1475 1236 1519 esset,
1271 1468 1482 1509 homines
1518 1481 1577 1509 an
1613 1470 1765 1521 potius

138 1538 265 1579 ferae
295 1539 571 1589 syluestres‚
605 1546 650 1579 ut
680 1540 805 1580 cerui
837 1546 880 1579 et
909 1540 1024 1591 apri.
1056 1540 1214 1591 Itaque
1250 1540 1427 1580 immoti
1463 1552 1624 1580 omnes
1656 1552 1761 1581 cum

139 1609 280 1650 animi
298 1610 541 1650 alacritate
558 1611 603 1650 in
621 1617 835 1650 sanctum
854 1610 1140 1651 Clementem
1158 1610 1171 1629 ²
1188 1611 1500 1662 peruenimus.
1519 1610 1588 1652 Sit
1606 1611 1764 1652 Domi-

139 1692 225 1721 nus
244 1680 379 1734 Jesus
399 1681 684 1722 benedictus.
711 1681 874 1722 Amen.

217 1752 415 1804 Accepti
444 1752 613 1793 fuimus
649 1765 754 1794 cum
782 1765 953 1804 magno
975 1754 1146 1805 gaudio
1176 1766 1202 1794 a
1235 1754 1462 1794 charitate
1492 1754 1584 1795 Rdi
1607 1754 1656 1794 Ρ.
1680 1753 1762 1795 Ca-

138 1822 260 1874 nisii,
292 1823 368 1875 qui
400 1829 497 1863 tum
520 1824 578 1864 ad
599 1823 775 1874 Regem
797 1825 945 1864 iuerat
968 1824 996 1875 ⁵,
1028 1836 1133 1865 cum
1160 1824 1514 1876 ingrederemur
1535 1832 1763 1866 monaste-

137 1894 271 1934 rium.
305 1894 368 1934 At
389 1894 466 1934 ubi
487 1895 738 1935 rescissent
771 1896 908 1936 amici
938 1907 1023 1936 nos
1054 1896 1348 1946 aduentasse,
1381 1907 1471 1936 uno
1504 1903 1583 1937 aut
1616 1898 1762 1937 altero

138 1964 210 2005 die
238 1966 386 2016 lapso,
418 1965 591 2016 singuli
621 1966 813 2006 ueniunt
843 1965 901 2006 ad
930 1977 1014 2006 nos
1046 1967 1216 2017 (amici,
1250 1967 1455 2018 inquam)
1487 1967 1761 2017 uisitandos‚

136 2036 344 2087 plerique
364 2036 543 2076 nobiles
562 2044 607 2077 et
627 2037 863 2087 magnifici
886 2038 986 2077 uiri.
1015 2037 1221 2078 Primum
1242 2038 1420 2078 Doctor
1442 2038 1710 2078 Ludouicus
1732 2036 1761 2087 ⁴,

137 2107 213 2158 q'ui
249 2118 419 2158 magno
448 2107 610 2148 fauore
640 2114 826 2149 nostras
862 2121 935 2148 res
973 2115 1193 2160 procurat
1224 2120 1486 2161 magnaque
1517 2109 1762 2150 affectione

136 2190 221 2218 nos
252 2185 398 2219 amat:
430 2179 595 2220 deinde
625 2180 850 2231 magister
880 2179 1211 2231 hospitalensis
1253 2178 1280 2229 ⁵,
1315 2180 1383 2220 sic
1413 2188 1622 2230 uocatus,
1656 2192 1761 2221 cum

136 2249 314 2290 duobus
336 2250 612 2301 quibusdam
633 2251 746 2290 uiris
767 2251 984 2301 ungaris3
1008 2257 1170 2301 postea
1192 2252 1452 2292 catholicus
1474 2251 1662 2303 quidam
1684 2263 1760 2292 no-

136 2320 239 2361 bilis
260 2320 481 2372 Bo'e‘mus‚
505 2321 824 2362 Cancellarius
846 2333 1029 2373 quoque
1060 2321 1224 2372 Regis,
1255 2322 1401 2374 Jonas
1429 2321 1459 2371 ⁵,
1484 2334 1646 2363 omnes
1667 2334 1760 2363 ma-

191 2528 199 2548 ¹
240 2528 305 2561 Sic;
324 2529 520 2562 germanice
538 2528 729 2562 trinkgeld,
749 2536 868 2555 munus
889 2528 1066 2562 quoddam,
1089 2535 1147 2555 seu
1169 2529 1431 2556 emolumentum
1455 2529 1540 2563 quod
1561 2535 1622 2563 pro
1645 2529 1761 2556 labore

141 2581 199 2603 aut
215 2576 384 2610 obsequio,
401 2577 527 2610 absque
547 2575 688 2610 praevio
711 2581 812 2610 pacto
833 2581 891 2602 aut
914 2577 1005 2602 ultra
1026 2575 1057 2602 id
1083 2576 1169 2609 quod
1193 2581 1331 2609 pactum
1351 2581 1413 2608 est,
1437 2576 1637 2610 quandoque
1658 2576 1759 2603 animi

138 2623 229 2657 grati
245 2631 325 2657 ergo
341 2623 453 2657 datur,
469 2624 593 2657 gallice
606 2624 820 2657 pour·boire‚
837 2623 952 2650 italice
971 2624 1124 2654 mancia,
1138 2623 1312 2657 hispanice
1325 2624 1490 2657 propina.

188 2670 202 2689 2
239 2670 377 2698 Scilicet
402 2671 434 2697 in
456 2670 572 2698 Sancti
596 2670 780 2698 Clementis
802 2672 1045 2698 monasterium
1062 2671 1139 2697 olim
1155 2670 1298 2698 Pati-um
1312 2670 1348 2698 O.
1370 2671 1417 2704 P..
1438 2678 1558 2705 postea
1579 2671 1761 2705 collegium

135 2717 318 2745 Societatis
333 2717 423 2751 Jesu.

186 2765 199 2785 5
238 2765 489 2794 “Ferdinandus
514 2774 626 2793 mense
651 2766 739 2794 Maio
767 2765 899 2800 Pragae
929 2766 990 2793 fuit
1018 2771 1050 2793 et
1078 2765 1112 2792 ‘20
1140 2765 1219 2793 Maii
1246 2767 1369 2794 iterum
1395 2766 1562 2794 Viennam
1590 2766 1760 2799 advenit.„

134 2813 416 2847 BRAUNSBERGER,
434 2815 453 2842 l.
470 2822 510 2847 c..
527 2822 604 2849 pag,
621 2814 683 2841 611.

187 2861 201 2881 ‘⁴
236 2860 432 2889 Ludovicus
448 2861 625 2895 Schradin,
639 2862 724 2897 juris
739 2862 913 2897 utriusque
929 2863 1058 2889 doctor.

187 2907 201 2927 ⁵
239 2908 406 2936 Antonius
422 2909 521 2944 (Brus
537 2910 575 2936 de
591 2909 754 2943 Muglitz),
770 2909 1034 2944 Crucigerorum
1051 2911 1134 2936 *cum
1149 2911 1255 2937 rubea
1269 2912 1380 2938 stella*
1396 2915 1428 2938 et
1444 2910 1626 2948 hospitalis
1641 2909 1683 2937 ad
1699 2909 1759 2936 Pc-

136 2954 210 2983 dem
221 2956 338 2984 Pontis
348 2956 523 2990 Magister.
535 2956 692 2991 Sensum,
706 2956 888 2984 Historiae
902 2957 1086 2984 Societalt's
1097 2957 1184 2992 Jesu
1197 2958 1408 2985 Provinciae
1420 2958 1624 2987 Bolzenziae.
1639 2961 1726 2991 part.
1738 2964 1758 2986 1v

136 3005 194 3034 lib.
210 3011 242 3037 11,
255 3012 290 3031 n.
307 3004 690 3038 9.-BRAUNSBERGER,1.
707 3012 745 3037 c.,
763 3012 841 3039 pag.
857 3005 918 3036 772.
934 3009 1049 3032 annot.
1065 3004 1094 3031 2.

189 3049 204 3071 ⁶
240 3051 386 3085 jacobus
401 3051 514 3085 Jonas,
531 3051 633 3086 Regis
649 3052 888 3085 Romanorum.
904 3051 1120 3084 Ferdinandi,
1138 3052 1382 3081 Cancellarius.
