2020 3342
254 203 325 244 574
762 204 987 244 LITTERAE
1015 213 1372 247 QUADRIMESTRES

952 656 1181 710 DLVII

321 894 513 940 joannes
535 892 797 938 Gambarus‚

367 957 436 996 Ex
454 957 773 995 commissione
794 957 939 995 Patris
959 958 1145 996 Oliverii
1163 957 1376 1003 Manarei‚

414 1023 533 1061 Patri
550 1023 717 1070 Jacobo
736 1023 929 1071 Laynez,
952 1023 1142 1060 vicario.

460 1089 675 1134 Laurem,
700 1088 739 1125 11
763 1088 1026 1126 Novembris
1047 1088 1137 1126 1556
1156 1088 1181 1124 ¹.

1050 1229 1077 1273 ,Γ

326 1369 427 1411 Pax
448 1370 636 1421 Christi,
661 1377 748 1411 etc.

328 1441 457 1492 Quae
478 1441 732 1493 praecipua
754 1440 984 1491 quaedam
1006 1440 1261 1482 Picentium
1284 1441 1381 1481 siue
1402 1440 1782 1482 Marchianorum
1802 1452 1871 1482 sa-

248 1514 404 1564 lutem,
428 1517 532 1564 post
553 1512 713 1552 literas
748 1511 1113 1563 quadrimestres
1146 1512 1386 1564 proximas
1412 1512 1448 1562 ²,
1481 1513 1612 1552 Deus
1638 1524 1723 1564 pro
1749 1513 1871 1553 beni-

246 1585 426 1636 gnitate
448 1595 547 1634 sua,
571 1589 836 1623 nostrorum
863 1583 989 1623 tenui
1021 1595 1163 1635 opera
1192 1589 1235 1623 et
1257 1583 1426 1635 exiguo
1444 1595 1498 1623 ac
1521 1589 1787 1635 contempto
1808 1583 1871 1623 in-

246 1660 525 1705 strumento,
550 1660 770 1706 operatus
798 1660 891 1705 est,
921 1666 975 1694 ea
1006 1654 1111 1705 tibi,
1143 1653 1243 1694 R.<¹e
1266 1654 1339 1705 P.‚
1368 1654 1455 1694 hac
1480 1654 1680 1706 epistola
1708 1654 1872 1706 paucis

247 1726 627 1778 significabimus.

327 1797 400 1838 Ab
422 1797 478 1837 iis
499 1802 655 1836 autem
675 1807 911 1836 sumemus
933 1795 1128 1847 initium,
1154 1808 1272 1848 quae
1301 1796 1349 1837 in
1369 1796 1577 1837 finitimis
1601 1803 1737 1848 gesta
1764 1802 1870 1837 sunt

247 1874 291 1909 et
313 1867 588 1920 propinquis
610 1867 799 1907 urbibus
821 1873 960 1917 atque
980 1866 1184 1918 oppidis.
1208 1867 1492 1908 Desinemus
1518 1879 1631 1908 uero
1652 1867 1701 1907 in
1729 1879 1782 1908 ea
1803 1878 1871 1907 re-

246 1939 447 1990 ligionis
468 1949 522 1978 ac
535 1937 733 1990 pietatis
753 1941 797 1977 et
817 1937 1068 1978 literarum
1095 1938 1256 1978 studia
1271 1971 1283 1989 ,
1304 1949 1421 1990 qaae
1447 1942 1547 1978 tam
1567 1938 1615 1978 in
1643 1938 1767 1978 almo
1788 1938 1872 1978 hoc

245 2011 425 2050 Beatae
463 2008 677 2060 Virginis
706 2009 903 2060 oppido,
930 2013 1030 2049 tum
1059 2009 1110 2049 in
1140 2009 1342 2050 Sanctae
1371 2010 1673 2050 Lauretanae
1702 2009 1872 2049 domus

252 2081 461 2132 Collegio
489 2084 679 2130 nostro,
709 2080 757 2119 in
785 2080 877 2119 Dei
902 2080 1126 2120 honorem
1156 2092 1210 2120 ac
1244 2082 1536 2122 commodum
1566 2081 1872 2133 proximique

245 2152 448 2193 salutem
467 2151 641 2192 collata
661 2154 789 2190 sant.

326 2224 478 2274 Atque
494 2234 548 2263 ea
566 2222 751 2274 quidem
764 2228 832 2262 est
850 2222 1116 2263 Picentium
1129 2223 1370 2263 hominnm
1383 2223 1439 2264 de
1455 2223 1871 2274 Societatisfama,

246 2298 344 2335 tam
365 2297 531 2334 sancta
553 2293 763 2333 omnium
784 2296 854 2333 est
880 2293 935 2332 de
956 2292 1056 2333 eius
1085 2294 1355 2345 integritate
1382 2294 1666 2335 existimatio
1684 2305 1692 2335 :
1716 2298 1769 2334 ut
1789 2293 1870 2334 Pi-

247 2366 349 2406 cem'
372 2368 415 2405 et
438 2364 766 2416 finitimarum
794 2364 1046 2414 regionum
1074 2365 1349 2416 frequentes
1376 2365 1550 2418 populi
1575 2377 1628 2405 ac
1654 2366 1870 2406 civitates

246 2441 380 2478 tanto
404 2435 654 2476 Societatis
682 2439 937 2475 teneantur
967 2436 1216 2487 desideriO,
1248 2443 1297 2477 ut
1326 2436 1549 2478 obtestari
1578 2443 1717 2489 atque
1747 2436 1868 2476 obse-

246 2507 378 2548 crari
395 2518 633 2559 nunquam
655 2506 885 2557 desinant,
908 2507 1019 2546 dum
1048 2507 1215 2559 aliquis
1236 2519 1293 2548 ex
1315 2520 1370 2548 ea
1392 2507 1451 2548 ad
1472 2520 1520 2548 se
1541 2508 1767 2558 mittatur,
1789 2506 1872 2559 qui

246 2578 529 2618 diuturnum
559 2589 701 2617 saum
733 2577 1020 2617 desiderium
1048 2577 1195 2618 lem'at
1224 2588 1294 2625 ac,
1314 2578 1645 2619 sanctissimae
1671 2578 1869 2630 pietatis

247 2653 355 2689 uoto
378 2649 556 2688 dadum
568 2648 868 2699 frustratos,
889 2648 1144 2700 aliquando
1167 2654 1402 2700 compotes
1422 2650 1617 2701 efficiat.
1645 2650 1869 2691 Omnibus

246 2732 359 2760 uero
389 2719 607 2759 satisfieri
642 2731 669 2759 a
700 2719 863 2771 paucis
893 2719 1080 2760 omnino
1111 2732 1216 2761 cum
1247 2726 1463 2773 nequeat,
1492 2721 1548 2761 iis
1577 2721 1869 2773 potissimum

299 2880 309 2901 ¹
350 2879 598 2914 Autographae
615 2878 647 2906 in
664 2879 788 2913 duplici
811 2879 900 2914 folio,
916 2887 969 2908 nn.
985 2880 1020 2907 43
1034 2884 1067 2907 et
1087 2879 1132 2907 214.
1147 2879 1211 2915 Ea,
1232 2887 1318 2914 quae
1339 2881 1472 2908 italicis
1493 2881 1753 2910 characteribus
1777 2881 1870 2910 exhi-

246 2929 376 2961 bentur,
394 2935 414 2954 a
430 2927 575 2954 Polanco
597 2928 652 2954 vel
674 2928 865 2955 cancellata
887 2928 943 2954 vel
963 2932 1095 2955 mutata
1115 2928 1217 2956 fuere.
1234 2928 1325 2961 Quae
1346 2936 1407 2964 pro
1429 2929 1469 2957 iis
1484 2929 1554 2963 ipse
1570 2930 1756 2964 substituit,
1779 2931 1866 2960 infra

244 2977 362 3005 videre
376 2975 454 3009 erit,
468 2975 523 3002 ubi
539 2974 685 3009 litteras,
701 2976 818 3009 quales
833 2975 875 3003 ab
891 2982 929 3002 eo
943 2976 1084 3003 relictae
1097 2980 1184 3011 sunt,
1202 2977 1443 3005 exhibebimus.

297 3023 312 3044 Ξ
348 3023 494 3052 Periisse
508 3022 572 3051 hae
587 3022 758 3050 videntur.
