2020 3342
254 241 325 279 302
760 240 986 280 LITTERAE
1012 249 1368 285 QUADRIMESTRES

255 349 461 390 unquam
500 337 728 378 intersunt
767 343 846 378 aut
883 337 1191 378 sacramentis
1231 336 1590 377 communicant.
1630 334 1874 387 Templum

254 421 382 460 uero,
402 409 447 449 in
462 408 585 459 quod
604 408 846 450 defunctus
864 410 1012 450 elatus
1030 415 1114 458 est,
1133 409 1310 461 reliquo
1328 408 1452 449 uitae
1468 408 1619 460 spatio
1635 418 1874 459 nunquam

255 480 594 531 ingrediuntur,
611 480 751 520 etiam
767 480 982 520 maximis
996 480 1216 532 praemiis
1232 479 1498 532 propositis.
1517 478 1667 530 Quam
1684 489 1874 518 consue·

255 550 461 591 tudinem
483 562 587 590 cum
607 551 793 602 pietatis
814 551 1163 592 amantissimus
1182 551 1359 591 Prorex
1391 549 1400 569 ¹
1429 541 1600 591 edictis
1614 550 1751 590 uellet
1770 559 1874 600 gra-

255 622 459 662 vissimis
481 622 682 674 abolere,
705 635 799 663 non
820 623 990 674 potuit:
1020 622 1280 663 debilitauit
1309 628 1465 662 tamen
1498 621 1655 662 multis
1684 620 1731 660 in
1761 619 1875 660 locis

255 693 518 744 plurimum.

334 764 555 805 Extincta
577 770 682 805 sunt
703 764 843 805 etiam
860 765 1164 816 plurimorum
1182 764 1303 816 odia;
1323 770 1367 805 et
1385 764 1610 816 capitales
1626 763 1877 804 multorum

253 835 521 876 inimicitiae
542 835 587 875 in
609 835 767 876 firmas
789 848 843 876 ac
860 847 1085 888 synceras
1101 847 1267 876 uersae
1283 841 1389 876 sunt
1406 835 1654 876 amicitias:
1679 845 1876 886 quorum

254 906 344 947 duo
366 918 389 946 e
411 906 693 958 primoribus
714 907 841 947 urbis
863 907 977 947 uiris
1000 906 1116 947 adeo
1138 907 1367 958 pertinaci
1388 907 1508 947 inter
1536 918 1584 947 se
1614 905 1718 946 odio
1747 904 1877 945 dissi·

254 978 437 1029 debant,
462 984 510 1018 ut
528 979 626 1018 sola
644 989 769 1018 mors
786 978 924 1019 finem
941 978 1193 1019 inimicitiis
1210 979 1411 1019 allatura
1429 977 1679 1028 uideretur;
1700 987 1879 1017 omnes-

254 1061 342 1101 que
365 1060 455 1089 uno
477 1061 556 1089 ore
591 1049 799 1090 dicerent
832 1062 889 1090 ne
920 1049 1072 1101 ipsum
1093 1050 1279 1102 quidem
1314 1049 1565 1101 Christum,
1603 1048 1643 1089 si
1670 1048 1726 1088 de
1747 1047 1877 1088 coelo

256 1119 585 1171 descendisset,
608 1126 673 1171 ut,
698 1120 862 1172 positis
889 1120 1107 1171 dissidiis,
1139 1121 1185 1160 in
1213 1120 1416 1171 gratiam
1443 1120 1663 1170 redirent,
1694 1118 1878 1158 effectu·

255 1203 372 1243 rum;
396 1191 536 1242 impio
560 1191 744 1243 quidem
765 1192 983 1244 loquendi
1004 1192 1157 1242 modo,
1181 1192 1262 1232 sed
1283 1192 1342 1232 ad
1363 1191 1429 1231 rei
1457 1190 1775 1231 difficultatem
1803 1201 1878 1229 cx-

256 1263 546 1314 primendam
574 1263 942 1304 accommodato.
975 1261 1066 1304 Sed
1093 1264 1231 1313 longe
1266 1274 1346 1303 eos
1380 1262 1540 1302 fefellit
1576 1261 1747 1313 opinio3
1770 1271 1879 1301 nam

257 1333 314 1373 ad
335 1333 534 1385 primum
555 1333 712 1374 statim
735 1334 928 1374 verbum
951 1334 1150 1375 ministri
1175 1333 1371 1385 Collegii
1392 1333 1484 1385 (qui
1513 1332 1880 1374 dirimendarum

256 1404 605 1445 inimicitiarum
626 1405 770 1446 mirus
787 1411 856 1446 est
876 1405 1076 1455 artifex),
1097 1405 1374 1445 condonatis
1395 1404 1589 1455 iniuriis,
1609 1402 1882 1444 amicissimi

255 1476 365 1516 facti
387 1481 508 1526 sunt,
527 1482 572 1516 et
588 1475 778 1517 dextras
795 1476 950 1517 animo
967 1476 1285 1517 lubentissimo
1304 1476 1661 1526 coniunxerunt3
1681 1485 1879 1527 quorum

257 1548 453 1588 alterum
473 1558 579 1588 cum
599 1546 776 1588 iudices
793 1532 877 1599 pro
904 1558 1071 1600 poena,
1096 1558 1234 1599 quam
1257 1551 1592 1598 promeruerat,
1623 1544 1682 1586 ad
1702 1545 1881 1586 funium

258 1623 434 1658 tractus
469 1617 785 1669 damnassent,
825 1618 927 1658 tu‘it
962 1618 1314 1670 patientissime,
1351 1618 1510 1658 dicens
1537 1618 1675 1668 longe
1695 1616 1882 1666 grauio-

259 1700 356 1730 rem
387 1689 473 1729 sibi
502 1700 701 1741 poenam
722 1688 894 1740 deberi,
918 1695 1252 1741 praestareque
1272 1689 1463 1730 breuem
1489 1688 1564 1729 hic
1592 1687 1801 1728 dolorem
1823 1687 1881 1728 ab

258 1759 536 1811 hominibus,
561 1771 700 1812 quam
721 1766 995 1812 perpetuum
1026 1760 1072 1801 in
1102 1759 1283 1801 inferno
1314 1760 1573 1801 cruciatum
1601 1771 1626 1800 a
1650 1758 1882 1800 daemoni-

258 1831 343 1872 bus
364 1830 557 1883 perpeti.

335 1902 525 1953 Eorum,
548 1902 627 1954 qui
648 1902 695 1942 in
715 1902 914 1944 uinculis
941 1908 1260 1954 asseruantur‚
1291 1914 1462 1955 magna
1491 1914 1675 1955 semper
1696 1914 1722 1943 a
1751 1901 1884 1943 nobis

263 1974 381 2014 ratio
403 1973 562 2013 habita
593 1978 676 2013 est.
709 1972 828 2014 Nam
861 1973 1128 2025 frequenter
1161 1974 1251 2014 illis
1287 1974 1616 2015 concionatum
1651 1979 1736 2024 est,
1760 1978 1805 2013 et
1827 1973 1883 2013 de

261 2044 597 2095 sacerdotibus,
622 2043 787 2096 quibus
808 2044 1154 2096 confiterentur,
1179 2045 1435 2096 prouisum,
1460 2045 1583 2097 quod
1604 2045 1669 2085 illi
1689 2043 1882 2084 summis

263 2116 306 2155 in
329 2115 565 2156 beneficiis
592 2121 785 2167 ponunt.
817 2116 940 2157 Ante
969 2116 1221 2157 aduentum
1251 2116 1373 2156 enim
1406 2122 1617 2157 nostrum
1651 2115 1882 2156 neminem

262 2186 508 2237 habebant,
533 2198 560 2226 a
581 2198 672 2238 quo
694 2192 772 2227 aut
793 2186 840 2227 in
861 2187 1098 2227 doloribus
1116 2187 1482 2228 consolationem
1500 2186 1782 2238 acciperent,
1803 2192 1886 2226 aut

262 2256 565 2297 absolutionis
585 2257 631 2296 in
653 2257 827 2297 morbis
855 2257 1130 2298 beneficium
1158 2258 1469 2310 perciperent.
1504 2257 1883 2306 Adolescentem‚

263 2330 307 2367 in
330 2339 465 2379 quem
495 2327 677 2379 judices
712 2328 906 2379 grauius
935 2340 1074 2380 quam
1111 2341 1194 2381 pro
1230 2329 1422 2369 crimine
1444 2335 1649 2369 statuere
1670 2328 1884 2368 decreue⁴

262 2404 380 2449 rant,
404 2405 567 2438 nostra
590 2410 672 2449 pro
696 2411 748 2438 eo
770 2399 1142 2450 interpellatione
1162 2399 1477 2440 liberauimus.
1510 2399 1667 2439 Alium
1693 2399 1784 2439 leui
1806 2398 1885 2438 ad-

264 2469 450 2509 modum
472 2469 527 2509 de
549 2481 706 2520 causa,
731 2481 901 2521 magno
933 2476 1087 2510 autem
1122 2470 1324 2510 familiae
1359 2482 1471 2511 suae
1505 2469 1815 2520 incommodo,
1839 2470 1885 2509 in

263 2551 501 2580 carcerem
523 2540 775 2591 detrusum,
801 2541 988 2581 delinito
1011 2553 1081 2592 eo,
1112 2542 1241 2582 cuius
1267 2542 1403 2581 iussu
1427 2541 1439 2560 ²
1471 2542 1820 2582 custodiebatur
1840 2540 1886 2580 in

264 2612 475 2661 uinculis,
512 2611 648 2651 uxori
683 2610 931 2663 liberisque
972 2612 1067 2652 suis
1102 2613 1302 2653 solutum
1338 2612 1639 2653 reddidimus.
1677 2612 1885 2652 Tertium

270 2682 529 2734 quemdam,
555 2682 685 2722 cuius
718 2683 840 2722 bona
864 2684 1109 2723 constituta
1143 2682 1287 2734 judex
1321 2684 1505 2724 uolebat
1534 2683 1752 2724 auctione
1780 2693 1887 2723 uen-

269 2754 392 2804 dere,
412 2753 535 2804 quod
549 2765 633 2804 pro
647 2753 805 2804 fratre,
826 2753 903 2805 qui
915 2753 1235 2794 uadimonium
1248 2754 1530 2805 deseruerat,
1546 2753 1886 2806 spopondisset,

269 2834 441 2874 magno
462 2829 585 2863 metu
607 2823 797 2874 ingenti
814 2823 827 2841 ⁵
845 2825 1048 2875 periculo
1070 2825 1387 2875 liberauimus3
1411 2825 1582 2866 nostris
1599 2825 1721 2865 enim
1742 2825 1886 2876 preci-

320 2958 330 2978 ¹
373 2957 521 2992 joannes
536 2958 576 2985 de
592 2957 700 2992 Vega.

319 3006 332 3024 ⁶.»
371 3011 490 3032 causa.
503 3004 692 3032 POLANCUS.

322 3052 335 3071 ³
371 3054 415 3080 et.
432 3051 481 3079 In.
