2020 3342
867 189 948 226 AN.
979 189 1070 227 1556
1731 192 1776 228 47

155 285 331 325 tionem
361 287 417 326 de
444 285 691 326 Pastorum
719 285 870 326 officio
903 286 1045 325 habui
1072 298 1231 326 coram
1258 287 1492 337 Episcopo
1529 294 1571 326 et
1600 288 1775 339 aliquot

153 355 414 397 Abbatibus
436 369 490 397 ac
511 357 888 408 frequentissima
910 357 1176 397 auditorum
1205 368 1403 397 corona:
1427 369 1546 408 quae
1573 358 1773 408 quidem,

153 437 291 467 cussa
324 427 567 479 Episcopi,
597 428 722 479 typis
749 439 922 467 excusa
951 427 999 466 in
1024 428 1176 467 lucem
1197 428 1372 478 prodit,
1405 438 1545 478 quam
1578 427 1777 468 Romam

154 499 392 539 mittimus.
417 499 585 538 Mirum
606 505 674 538 est
695 510 836 550 quam
855 498 1088 549 Episcopo
1110 510 1165 538 ac
1187 499 1336 538 doctis
1357 499 1596 549 placuerit.

234 569 476 620 Vigesimo
498 575 631 610 sexto
664 568 880 610 Octobris
908 568 957 608 P.
988 568 1303 620 Hieronymus
1330 569 1522 610 Bassius
1547 582 1604 610 ac
1632 570 1777 621 Magi-

154 647 248 680 ster
268 640 434 680 Petrus
454 639 642 680 Canalis
663 639 1010 679 claromontem
1043 639 1239 679 Biliomo
1262 639 1321 679 ad
1347 651 1420 680 me
1446 647 1776 691 peruenerunt.

156 711 344 751 Patrem
377 710 717 761 Hieronymum
754 709 1054 749 Claromonte
1089 710 1336 750 collocauit
1371 711 1430 750 ad
1459 716 1664 762 tempus,
1701 711 1779 763 qui

149 783 202 821 in
248 781 542 822 xenodochio
562 813 569 830 ,
617 781 888 832 quotidiano
935 780 1190 831 sacrificio,
1240 781 1371 821 verbi
1420 782 1676 822 ministerio
1724 793 1779 822 ac

158 863 417 904 pauperum
446 863 558 891 cura
589 851 912 899 oeconomica,
945 862 1203 902 pauperum
1231 853 1543 892 consolationi
1570 852 1778 901 inseruit,

156 935 262 963 cum
284 922 454 962 celebri
480 921 726 962 Societatis
752 922 903 971 fama,
934 922 992 962 ad
1022 928 1260 973 stuporem
1286 923 1500 963 homines
1527 924 1777 964 excitante.

158 993 320 1044 Quem,
343 993 401 1033 ob
422 993 709 1043 singularem
733 992 822 1032 viri
843 992 1142 1042 modestiam,
1166 994 1568 1034 mansuetudinem
1590 1006 1645 1034 ac
1675 1006 1779 1045 pru-

157 1065 383 1113 dentiam,
414 1063 598 1114 gaudeo
626 1063 760 1103 nobis
794 1063 869 1103 hic
906 1063 1207 1114 praefectum.
1246 1063 1562 1104 Concionatus
1590 1071 1659 1105 est
1688 1065 1781 1105 Ad-

156 1141 346 1175 uentum
367 1135 603 1185 integrum
624 1134 669 1173 in
693 1134 1000 1184 xenodochio,
1025 1136 1230 1185 priorem
1250 1134 1375 1174 Petri
1397 1147 1622 1175 enarrans
1641 1147 1782 1176 cano-

158 1207 327 1254 nicam,
351 1216 457 1245 cum
476 1205 691 1244 maxima
713 1205 979 1245 auditorum
995 1206 1150 1254 gratia
1168 1209 1211 1245 et
1223 1206 1503 1256 frequentia
1521 1207 1577 1246 ob
1596 1207 1782 1258 pietatis

160 1277 307 1316 zelum
330 1275 443 1315 foris
463 1277 761 1315 relucentem.
792 1275 1047 1315 Maximam
1075 1287 1189 1315 sane
1219 1277 1516 1316 venerandus
1544 1277 1619 1317 hic
1644 1277 1783 1317 Pater

161 1346 283 1398 apud
319 1347 447 1386 ciues
481 1345 871 1386 Claromontanos
901 1346 972 1386 sui
1000 1347 1200 1386 nominis
1230 1347 1578 1398 auctoritatem,
1610 1349 1782 1388 animo-

159 1429 261 1457 rum
283 1416 436 1457 studio
456 1416 703 1467 indefesso,
727 1417 967 1457 conciliat:
991 1417 1194 1456 familiae
1222 1418 1381 1463 huius,
1405 1418 1453 1457 ῑίι
1475 1430 1566 1468 qua
1597 1430 1784 1469 versor,

160 1487 401 1527 domestici
422 1487 657 1527 mensibus
678 1487 875 1538 singulis
905 1487 1205 1537 confitentur,
1230 1499 1323 1527 non
1352 1488 1527 1540 absque
1557 1489 1780 1529 virtutum

160 1558 387 1609 profectu.
409 1557 588 1598 Diebus
618 1558 815 1609 singulis
844 1558 945 1609 pias
974 1559 1269 1610 precationes
1295 1560 1589 1610 vespertinas
1622 1571 1783 1600 coram

161 1628 383 1670 Crucifixi
403 1628 608 1679 imagine
628 1629 837 1669 vnanimi
860 1630 1095 1669 consortio
1118 1630 1444 1680 obseruamus,
1470 1643 1528 1670 ex
1550 1642 1678 1670 more
1699 1630 1783 1671 Pa-

160 1700 291 1740 risini
320 1699 528 1750 Collegii.
560 1699 760 1740 Eosdem
790 1700 988 1750 hospitis
1017 1701 1108 1740 mei
1137 1700 1390 1752 discipulos
1421 1701 1467 1741 in
1500 1701 1784 1741 christianae

156 1771 401 1810 doctrinae
421 1770 696 1810 rudimentis
717 1771 922 1820 instituo,
947 1778 991 1810 et
1012 1771 1058 1810 in
1080 1783 1129 1811 re
1151 1772 1361 1811 literaria
1384 1784 1465 1823 per
1486 1773 1631 1811 otium
1653 1784 1786 1812 exer-

162 1853 259 1882 ceo.
284 1841 560 1890 Summarie,
583 1841 696 1880 vitia
718 1841 765 1880 in
784 1841 874 1881 hac
895 1841 1071 1881 familia
1093 1842 1317 1882 virtutum
1339 1843 1489 1892 gloria
1519 1842 1784 1893 offuscauit,

162 1924 217 1953 ac
237 1912 424 1952 domum
447 1912 568 1951 hanc
590 1910 856 1951 illustrauit.

241 1983 377 2034 Quod
397 1983 458 2022 ad
484 1986 712 2022 externos
742 1983 928 2033 attinet,
958 1994 1229 2023 scurrarum
1262 1984 1413 2035 copia,
1448 1984 1608 2024 diebus
1638 1984 1788 2024 sacris

161 2053 280 2093 ludis
301 2065 356 2093 ac
378 2054 520 2093 lucris
541 2065 715 2093 vacare
739 2053 890 2103 solita,
914 2053 1130 2104 periuriis
1152 2066 1207 2094 ac
1228 2054 1444 2094 conuitiis
1464 2054 1745 2105 execranda,
1764 2067 1788 2094 c

161 2125 327 2175 plateis
354 2124 558 2174 euanuit,
588 2125 725 2164 turba
758 2124 962 2175 Vndique
998 2124 1245 2165 confertim
1280 2125 1338 2165 ad
1373 2126 1648 2165 concionem
1682 2137 1787 2165 con-

162 2195 343 2235 fluente.
369 2194 554 2234 Sensim
575 2205 719 2234 conor
743 2195 751 2213 ¹
776 2195 835 2235 ad
851 2195 1171 2235 Poenitentiae
1192 2202 1333 2247 atque
1356 2196 1683 2236 Eucharistiae
1701 2196 1788 2236 fre-

163 2266 512 2316 quentationem
538 2265 780 2317 Vtriusque
807 2277 949 2306 sexus
976 2267 1190 2306 homines
1219 2267 1467 2306 adducere.
1498 2266 1790 2318 Resipiscent

163 2337 352 2376 tandem
375 2336 549 2387 aliquot
570 2342 783 2387 pastores
805 2337 1132 2387 ecclesiastici,
1157 2349 1264 2377 cum
1295 2338 1464 2389 quibus
1492 2338 1653 2388 grauis
1677 2337 1789 2377 mihi

163 2406 408 2447 conflictus
431 2412 514 2456 est,
539 2406 631 2458 qui,
655 2418 940 2459 quamquam
962 2414 1006 2447 et
1027 2408 1319 2459 negligentes
1340 2415 1384 2448 et
1407 2408 1629 2448 obstinati
1645 2420 1789 2460 prope

166 2478 427 2527 videantur,
451 2489 524 2517 me
545 2485 701 2517 tamen
723 2478 1045 2528 increpantem
1066 2485 1110 2518 et
1140 2485 1300 2519 amant
1328 2487 1372 2519 et
1394 2486 1701 2530 venerantur,
1735 2491 1788 2519 ac

164 2549 334 2588 bonam
354 2548 542 2588 tandem
562 2559 692 2599 spem
714 2549 952 2600 praebent.
976 2549 1172 2599 Usurae,
1197 2550 1426 2601 periuria,
1451 2550 1790 2590 concubinatus

163 2630 360 2669 grauem
379 2619 486 2658 huic
508 2619 690 2670 regioni
710 2627 887 2671 pestem
909 2620 1139 2661 adferunt.
1164 2620 1371 2671 Quorum
1392 2627 1549 2661 tamen
1577 2622 1790 2673 tyrannis

164 2690 336 2730 sensim
357 2690 488 2730 verbi
509 2689 595 2729 Dei
618 2691 808 2741 energia
832 2698 1130 2742 expugnatur
1162 2703 1268 2732 cum
1297 2692 1552 2732 multorum
1580 2694 1789 2732 consola-

165 2762 304 2800 tione.
341 2760 466 2810 Deo,
504 2761 736 2800 bonorum
768 2762 974 2812 auctori,
1007 2763 1158 2812 gloria
1190 2769 1234 2802 et
1267 2763 1529 2812 gratiarum
1565 2764 1687 2803 actio
1718 2763 1790 2803 de-

167 2832 315 2870 betur.

222 2943 231 2963 ¹
272 2942 385 2977 Haec,
412 2950 491 2976 quia
514 2943 722 2975 longiuscule
747 2949 947 2970 excurrente
971 2945 1102 2971 calamo
1129 2953 1307 2978 perperam
1331 2945 1587 2972 cancellaverat
1612 2945 1790 2976 Polancus,

171 2998 271 3018 manu
284 2990 423 3024 propria
440 2990 508 3023 ipse
526 2990 689 3016 restituit.
861 2984 864 2985 ⁷
