2020 3342
269 238 336 276 128
775 241 1000 278 LITTERAE
1026 251 1385 285 QUADRIMESTRES

922 689 1242 742 ODLXXX

332 915 589 962 Alphonsus
609 914 868 953 Hernandez

382 980 503 1018 Patri
520 979 688 1027 Ignatio
708 980 761 1017 de
779 979 964 1028 Loyola.

430 1044 600 1092 Genua,
622 1044 666 1082 13
687 1045 919 1083 Februarii
940 1045 1031 1084 1556
1053 1048 1078 1083 ¹.

1031 1202 1128 1277 uls

343 1397 443 1438 Rde
471 1397 518 1437 in
539 1397 724 1437 Christo
745 1397 897 1437 Pater.

344 1467 509 1509 Gratia
530 1474 574 1508 et
594 1480 687 1519 pax
709 1467 883 1508 Christi
903 1474 989 1508 etc.

342 1538 573 1590 Quoniam
592 1545 774 1590 tempus
795 1550 822 1579 a
843 1539 992 1587 nobis,
1017 1539 1366 1579 consuetudinis
1388 1544 1431 1578 et
1452 1538 1649 1579 instituti
1670 1537 1856 1580 Societa
1871 1561 1887 1568 -

258 1611 319 1650 tis
340 1615 529 1650 nostrae
549 1610 673 1649 haud
695 1609 863 1660 oblitis,
888 1610 1122 1660 postulare
1144 1609 1327 1649 uidetur
1351 1615 1414 1659 ut,
1438 1621 1557 1661 quae
1577 1608 1650 1649 his
1670 1610 1883 1661 proxime

259 1681 511 1721 transactis
529 1680 554 1719 4
575 1681 810 1720 mensibus
830 1680 905 1720 hic
926 1687 1031 1720 acta
1053 1687 1174 1731 sunt,
1206 1680 1479 1720 breuissime
1508 1680 1655 1720 literis
1684 1680 1878 1720 manda-

261 1763 430 1802 remus,
455 1763 624 1802 operae
643 1751 842 1802 pretium
862 1751 997 1791 nobis
1018 1751 1170 1791 uisum
1191 1757 1274 1802 est,
1295 1762 1401 1791 cum
1417 1751 1630 1802 tempori,
1651 1757 1748 1791 tum
1769 1762 1880 1791 uero

259 1830 368 1863 tuae
406 1822 729 1862 sanctissimae
769 1822 1012 1872 uoluntati,
1050 1822 1393 1873 obtemperare:
1431 1825 1570 1872 atque
1605 1834 1660 1861 ne
1693 1821 1878 1861 diutius

256 1893 416 1933 am'mo
430 1893 657 1944 pendeas,
683 1892 887 1943 accipias
914 1893 1100 1933 obsecro
1129 1892 1204 1943 (nt
1229 1892 1376 1942 soles)
1409 1893 1536 1942 haec,
1565 1903 1880 1944 quaecumque

259 1964 344 2004 illa
364 1964 477 2014 sint,
498 1975 642 2015 aequo
658 1967 925 2014 paratoque
945 1963 1117 2003 animo.

339 2035 553 2075 Patribus
573 2034 885 2086 fratribusque
906 2034 1079 2074 nostris
1100 2035 1217 2074 haec
1238 2046 1331 2074 una
1357 2045 1470 2074 cura
1500 2034 1654 2074 animo
1687 2034 1871 2083 insidet,

260 2112 309 2146 ut
330 2105 524 2157 possint,
549 2105 702 2156 quoad
721 2116 881 2145 eorum
911 2104 1009 2144 fieri
1038 2110 1204 2156 potest,
1238 2104 1542 2154 orationibus,
1576 2104 1876 2145 confessioni-

258 2176 359 2227 bus,
391 2175 764 2226 spiritalibusque
795 2175 1052 2226 colloquiis,
1085 2175 1225 2215 saluti
1256 2175 1461 2215 omnium
1493 2175 1754 2225 consulere;
1791 2186 1879 2215 nec

259 2258 451 2298 operam
479 2257 613 2286 suam
640 2246 853 2297 perdunt,
881 2246 1022 2285 immo
1049 2246 1180 2285 Dens
1205 2246 1308 2297 Opt.
1330 2246 1467 2285 Max.
1491 2256 1653 2285 eorum
1664 2245 1886 2296 precibus

256 2318 423 2357 adesse
443 2317 697 2367 dignatur,
717 2317 840 2367 quod
868 2318 940 2356 uel
967 2317 1185 2368 frequens
1213 2315 1272 2355 ad
1302 2327 1388 2355 nos
1421 2316 1659 2356 hominum
1687 2328 1881 2356 concur·

260 2400 339 2428 sus
360 2388 617 2438 confirmat,
640 2388 716 2439 qui
737 2388 783 2427 in
804 2387 902 2427 dies
923 2388 1132 2438 singulos
1152 2387 1340 2438 collegii
1361 2387 1508 2426 nostri
1534 2386 1694 2426 limina
1724 2387 1878 2437 magis

260 2464 398 2510 atque
425 2458 576 2509 magis
601 2464 769 2508 terunt,
793 2464 959 2498 octauo
987 2469 1168 2509 quoque
1190 2457 1277 2507 die,
1302 2457 1376 2497 uel
1396 2456 1697 2508 frequentius,
1722 2456 1875 2496 crimi-

258 2541 322 2568 na
348 2529 579 2568 Patribus
605 2529 787 2568 nostris
815 2528 1046 2568 defecturi
1068 2527 1097 2579 ⁶³,
1134 2532 1177 2568 et
1211 2539 1397 2568 sacram
1431 2527 1775 2567 Eucharistiam
1805 2539 1878 2567 su-

258 2600 476 2651 scepturi,
501 2611 697 2651 quorum
716 2599 839 2639 uitae
860 2599 1165 2639 mutationem
1185 2599 1391 2650 plerique
1411 2598 1643 2648 admirati,
1663 2598 1878 2638 eamdem

258 2682 442 2722 quoque
462 2670 785 2721 ingrediuntur
816 2670 954 2720 uiam,
986 2669 1290 2720 eumdemque
1319 2668 1508 2708 uiuendi
1536 2668 1676 2708 ritum
1704 2669 1874 2719 ample-

260 2748 446 2791 xantur,
470 2741 589 2781 inter
609 2752 724 2792 quos
745 2747 850 2781 sunt
871 2741 1011 2781 etiam
1032 2740 1158 2780 ciues
1178 2743 1221 2779 et
1238 2738 1251 2757 ⁵
1268 2739 1555 2790 reipublicae
1572 2739 1760 2789 lumina,
1780 2740 1878 2791 qui-

315 2855 325 2875 ¹
364 2853 610 2888 Autographae
625 2853 749 2887 duplici
764 2853 853 2886 folio,
870 2861 923 2880 nn.
940 2853 989 2880 117
1004 2856 1035 2879 et
1052 2852 1111 2879 120.
1132 2851 1225 2885 Quae
1247 2859 1266 2879 a
1290 2851 1435 2879 Polanco
1456 2854 1534 2879 sunt
1549 2851 1662 2878 deleta
1682 2852 1737 2878 vel
1760 2853 1875 2881 immu-

257 2906 344 2933 tata,
359 2902 492 2928 italicis
504 2900 762 2927 characteribus
777 2900 809 2927 in
824 2904 919 2927 textu
933 2900 1164 2931 indicabimus;
1178 2900 1431 2926 emendationes
1444 2905 1527 2925 vero
1544 2898 1682 2926 Polanci
1699 2899 1730 2926 in
1743 2904 1882 2929 annota-

258 2949 405 2976 tionibus
421 2948 647 2982 subjiciemus.

314 2997 327 3015 θ
363 2998 440 3030 post
454 2995 721 3030 confessionem.
737 2994 922 3022 Pomxcus.

312 3045 326 3065 3
360 3043 533 3078 primarii
547 3044 577 3069 et
593 3042 708 3069 lzuz'us.
725 3041 772 3070 ID.
