2020 3342
250 208 298 245 70
764 210 989 247 LITTERAE
1016 221 1373 254 QUADRIMEsTREs

261 317 364 345 rum
385 306 640 347 subsidium
661 311 917 346 erexerunt
941 306 967 355 ¹,
991 308 1273 348 monasteria
1294 307 1601 348 foeminarum
1618 308 1707 349 duo
1724 309 1880 359 refor-

262 381 517 416 maueruut
538 377 564 425 ²,
589 383 632 416 et
649 377 823 416 sanctis
839 377 1118 417 monialibus
1134 376 1341 428 amplam
1357 378 1697 428 eleemosynam
1706 383 1889 430 procu-⁷

262 451 438 486 rarzmt
472 446 500 487 ³:
533 447 776 498 hospitale,
805 447 898 486 iam
931 446 1027 487 fere
1062 448 1334 499 collapsum,
1367 448 1561 499 publicis
1588 448 1891 501 priuatisque»

256 518 567 569 eleemosynis
589 518 924 558 instaurarunt.
948 518 1132 558 Multos
1151 516 1165 536 ⁴
1186 518 1339 568 etiam,
1360 519 1437 570 qui
1458 531 1540 559 suo
1555 530 1728 571 magno
1749 521 1886 561 malo.

258 600 342 640 per
361 588 400 638 6,
427 588 474 628 10
496 594 539 628 et
564 587 612 628 18
632 599 794 638 annos,
817 588 970 639 gratia
991 587 1079 628 Dei
1106 594 1150 628 et
1176 596 1577 629 sacramentorum
1603 602 1690 630 usu
1712 601 1761 630 se
1787 591 1877 642 pri-

256 666 500 709 uauerant,
521 658 579 699 ad
596 664 786 698 sanctae
803 659 967 698 matris
982 659 1221 699 Ecclesiae
1237 660 1467 710 gremium
1487 667 1531 700 et
1550 661 1666 701 bene
1686 661 1889 702 viuendiff

256 741 470 770 normam
500 733 788 769 reuocarurzt
822 728 849 767 ⁵.
888 729 1244 770 Confessionum
1277 741 1392 770 vero
1423 738 1466 770 et
1501 732 1879 773 communionum

256 801 362 853 quis
383 806 622 841 enumeret
638 800 946 851 frequentiam
969 806 1048 840 aut
1069 801 1301 841 describat
1330 801 1587 842 feruorem?

342 871 647 912 Confluebant
668 871 808 911 etiam
828 871 887 911 ad
908 871 1010 911 illos
1030 882 1206 922 omnes,
1230 871 1307 922 qui
1335 872 1507 923 pietate
1527 873 1601 912 vel
1627 872 1893 914 literarum--

260 942 513 994 splendore
533 940 547 960 ⁶
570 942 689 982 inter
710 952 791 981 eos
817 941 1096 981 celebriores
1124 941 1375 993 habentur,
1399 949 1450 982 vt
1477 954 1663 983 suarum
1692 943 1885 985 difficul-

260 1019 409 1054 tatum
431 1013 710 1053 solutionem
732 1012 1012 1063 acciperent,
1036 1018 1080 1052 et
1101 1024 1182 1064 per
1198 1013 1287 1053 Dei
1302 1014 1505 1064 gratiam
1519 1014 1604 1054 fuit
1621 1027 1713 1054 non
1729 1016 1883 1057 solum

262 1084 352 1135 piis
374 1090 417 1124 et
438 1083 675 1134 modestis,
699 1083 781 1123 sed
808 1083 947 1123 etiam
968 1083 1157 1124 discolis
1182 1090 1226 1124 et
1253 1084 1464 1135 curiosis,
1494 1085 1676 1125 abunde
1697 1086 1881 1127 satisfa-

261 1161 401 1195 ctum:
426 1155 481 1195 iis
503 1162 546 1195 et
566 1155 669 1194 aliis
689 1155 827 1194 rebus
847 1160 997 1194 totum
1016 1155 1143 1194 illum
1159 1156 1380 1207 populum
1396 1156 1460 1195 ita
1478 1156 1579 1206 sibi,
1599 1158 1674 1196 vel
1691 1156 1892 1198 Christo-

261 1226 433 1277 potiuS‚
458 1225 782 1275 deuinxerunt,
805 1231 855 1264 vt
876 1225 1200 1265 molestissime
1220 1226 1394 1266 ferrent
1415 1238 1574 1267 eorum
1601 1227 1891 1280 discessum,

262 1308 368 1336 cum
387 1296 663 1348 praesertim
684 1295 944 1347 frequentia
966 1302 1009 1335 et
1030 1296 1185 1347 ampla
1205 1297 1454 1337 multorum
1482 1309 1674 1338 munera
1695 1309 1881 1339 recusa-

257 1373 376 1407 rent.
394 1365 603 1407 Tandem
615 1366 919 1417 magistratus
936 1372 979 1406 et
991 1366 1116 1406 ciues
1128 1367 1377 1407 nobiliores
1389 1367 1678 1408 discedentes
1692 1374 1896 1409 nostros<

262 1449 411 1489 vsque
433 1438 491 1478 ad
512 1438 679 1487 locum,
704 1449 761 1477 ex
783 1449 872 1489 quo
894 1437 1011 1477 haec
1032 1438 1155 1477 alma
1182 1437 1348 1478 domus
1374 1439 1525 1478 videri
1546 1445 1718 1490 posset,
1743 1440 1883 1480 comi-

265 1509 357 1549 tari
389 1509 652 1557 voluerunt,
676 1508 979 1548 Beatissimae
999 1507 1187 1558 Virgini
1221 1515 1264 1548 et
1299 1509 1388 1548 illis
1414 1521 1498 1560 pro
1525 1516 1655 1549 tanto
1684 1516 1896 1562 acceptor-

265 1579 489 1620 beneficio
510 1580 690 1630 gratias
717 1585 925 1628 agentes

349 1649 598 1701 Cingulum
620 1650 759 1690 etiam
782 1649 795 1667 ⁷
815 1649 1012 1701 profecti
1033 1657 1139 1690 sunt
1160 1650 1250 1690 duo
1268 1662 1325 1690 ex
1346 1651 1518 1691 nostris
1541 1651 1633 1691 iam
1656 1651 1893 1702 secundO,

273 1721 439 1772 quibus
460 1720 652 1760 contulit
673 1718 687 1738 ⁸
713 1720 899 1760 solitum
923 1721 1106 1771 gratiae
1134 1732 1245 1761 suae
1271 1721 1494 1761 fauorem.
1523 1721 1642 1762 Nam
1668 1722 1884 1773 frequen-

265 1791 388 1832 tibus
409 1791 714 1832 concionibus
734 1798 778 1831 et
806 1791 1195 1843 confessionibus,
1229 1792 1320 1832 iam
1349 1800 1487 1832 antea
1516 1793 1770 1833 excitatum
1806 1805 1884 1845 po-

260 1863 421 1914 pulum
441 1862 667 1913 villasque
689 1862 970 1913 adiacentes,
995 1863 1053 1902 ad
1074 1864 1375 1903 maturiorem
1402 1863 1585 1914 frugem
1614 1863 1748 1904 facile
1779 1875 1895 1915 per-⁷

255 1932 503 1973 duxerunt.

337 2002 556 2055 Longum
578 2010 713 2054 esset,
744 2004 825 2044 Rde
848 2004 895 2044 in
916 2003 1102 2045 Christo
1135 2003 1292 2053 Pater,
1323 2005 1561 2055 sigillatim
1588 2006 1743 2045 omnia
1772 2005 1884 2045 diui-

264 2082 355 2114 nae
382 2075 569 2126 pietatis
603 2087 744 2126 opera
778 2087 1037 2115 recensere.
1060 2075 1207 2114 Noul't
1227 2075 1288 2114 R.
1326 2075 1373 2114 T.
1403 2076 1685 2115 Paterm'tczs
1706 2079 1899 2126 quanta·

256 2145 435 2196 pietate
456 2156 685 2196 quamque
704 2145 957 2196 singulari
962 2146 1143 2196 fauore
1165 2145 1295 2185 Deus
1325 2150 1417 2196 opt.
1448 2157 1579 2186 max.
1610 2146 1899 2186 vm‘uersczm·

262 2215 542 2256 Societatem
577 2219 619 2255 et
648 2216 847 2267 singula
874 2217 975 2256 eius
1008 2218 1212 2257 membra
1217 2249 1231 2268 ,
1254 2217 1564 2268 quantumuis
1592 2229 1655 2257 ex
1680 2229 1729 2256 se
1754 2216 1885 2256 vilis-

258 2285 402 2335 sima,
418 2291 743 2337 prosequatur
763 2285 791 2338 ⁹,
814 2287 861 2327 in
883 2287 1284 2328 administratione
1314 2288 1589 2339 praesertim
1618 2299 1896 2327 sacramen--

256 2362 431 2403 torum,
456 2368 513 2396 ex
535 2357 701 2408 quibus
721 2358 942 2398 vniuersa
961 2358 1102 2398 animi
1117 2359 1238 2399 bona
1261 2358 1521 2410 dependere
1544 2358 1774 2398 videntur.

370 2534 520 2559 erectus.
536 2533 725 2563 POLANCUS.

368 2579 577 2611 reformata.
593 2580 641 2607 10.

368 2627 516 2662 amplae
531 2627 775 2663 eleemosynae
787 2631 1011 2662 procuratae.
1027 2629 1075 2656 ID.

370 2675 484 2702 multi.
499 2674 549 2702 ID.

369 2724 455 2748 sunt
471 2723 637 2749 reuocati.
654 2722 705 2750 In.

371 2769 515 2796 litteris,
530 2768 581 2796 10.

367 2816 511 2849 insigne
525 2816 708 2844 Marchiae
730 2817 900 2852 oppidum
917 2818 1045 2844 addidit
1070 2817 1247 2845 Polancus.
1273 2817 1389 2844 Sermo
1405 2822 1517 2845 autem
1539 2822 1589 2846 est
1611 2820 1649 2846 de
1671 2820 1793 2854 oppido
1818 2820 1905 2848 Cina

311 2531 331 2835 -Ιαυῑρμωι-

262 2863 347 2896 golz'.

318 2910 334 2931 8
373 2911 478 2938 Deus.
495 2911 684 2939 Pomxcus.

316 2957 331 2978 9
368 2958 503 2985 Mirum
526 2961 582 2985 est
609 2963 761 2993 prorsus
784 2964 910 2993 quanta
937 2960 1066 2993 pietate
1088 2962 1119 2986 et
1144 2959 1259 2986 fauore
1275 2959 1375 2989 Deus.
1398 2961 1505 2986 eliam
1522 2967 1562 2986 ex
1584 2967 1619 2987 se
1643 2959 1819 2995 vilissima,
1835 2960 1902 2988 802

265 3005 418 3033 cz'etatis
436 3006 594 3033 membra
610 3011 846 3040 prosequatur.
860 3005 907 3033 11).
