2020 3342
843 282 923 317 AN.
954 279 1044 318 1556
1682 279 1754 316 419

133 376 236 417 cido
257 376 433 428 quedar
455 376 703 427 proueidos
725 376 780 416 de
803 387 910 425 cera
932 388 963 427 y
986 377 1132 416 azeite
1153 389 1183 427 y
1206 382 1335 416 otras
1357 376 1596 427 limosnas,
1619 377 1755 417 hasta

135 448 220 487 dar
240 448 437 498 algunos
457 447 526 487 135
547 457 691 498 capas
711 459 743 498 y
763 448 833 487 135
853 447 1002 498 dagas
1023 459 1138 499 para
1159 448 1263 487 ello.

214 518 303 558 Por
325 524 538 558 estoruar
553 530 672 558 vnos
689 518 996 558 deshonestos
1012 518 1171 568 bailes,
1193 530 1280 570 que
1300 518 1448 558 hazen
1464 519 1532 558 105
1549 520 1753 567 50131105,

135 590 190 629 de
211 601 299 640 que
320 600 380 640 ay
400 588 594 629 muchos
614 588 818 628 millares
839 600 897 628 en
917 596 1016 629 esta
1038 588 1221 638 ciudad,
1244 602 1276 640 y
1303 601 1388 640 por
1417 590 1688 629 ensefiarles
1712 591 1758 629 la

135 660 362 709 doctrina,
385 671 472 710 que
494 665 819 699 comunmente
841 671 900 699 no
929 661 1071 700 saben
1099 661 1140 700 el
1169 661 1320 700 Pater
1348 663 1527 710 noster,
1554 672 1603 700 se
1633 661 1701 700 les
1731 673 1757 700 a

133 730 269 771 dicho
292 728 489 780 algunas
509 741 648 769 vezes
667 741 725 769 en
745 731 815 769 135
836 737 993 781 partes
1014 731 1164 771 donde
1185 731 1336 770 solian
1358 737 1457 771 esto
1474 731 1630 779 hazer,
1652 744 1683 786 y
1700 743 1759 770 en

135 813 228 841 vna
256 801 436 852 yglesia
467 788 758 852 perrochia13
788 801 880 840 han
908 813 994 841 con
1026 807 1124 841 esto
1157 801 1326 851 cesado
1357 801 1427 841 135
1457 802 1672 841 zambras
1702 802 1760 841 de

136 872 344 925 aquellos
366 871 564 911 varrios.
587 871 714 911 Anse
736 870 941 911 ofrecido
963 879 1092 911 entre
1114 873 1312 923 algunos
1332 872 1387 912 de
1410 872 1550 912 hazer
1571 884 1663 912 vna
1687 884 1758 911 co·

134 942 285 982 sradia
307 942 452 982 delos
474 949 666 993 oyentes
694 941 749 981 de
776 943 820 981 13
851 942 1082 992 doctrina,
1111 955 1142 993 y
1172 944 1357 982 senalar
1388 943 1654 983 monidores
1688 941 1698 961 ¹
1730 956 1761 994 y

137 1018 411 1053 executores
432 1024 548 1064 para
569 1014 638 1052 los
659 1023 747 1063 que
775 1011 1010 1053 faltassen.

215 1083 309 1124 Las
330 1083 647 1123 confessiones
668 1095 775 1123 creo
797 1095 884 1134 que
904 1085 997 1124 han
1019 1085 1118 1125 sido
1142 1092 1239 1125 este
1255 1097 1433 1125 verano
1454 1093 1610 1126 tantas
1626 1098 1764 1126 como

139 1156 181 1194 13
204 1166 469 1206 quaresma‚
492 1166 576 1205 por
597 1154 666 1194 135
692 1154 889 1194 muchas
918 1155 1271 1196 enfermedades
1298 1169 1329 1208 y
1349 1163 1552 1196 muertes
1582 1169 1670 1208 que
1699 1156 1760 1196 ha

139 1225 295 1275 auido;
316 1237 377 1265 an
393 1225 493 1265 sido
508 1226 705 1275 algunas
718 1225 773 1265 de
786 1225 1095 1275 importancia
1107 1227 1287 1276 grande
1303 1238 1334 1276 y
1349 1228 1404 1267 de
1420 1227 1613 1267 muchos
1627 1232 1759 1276 anos,

139 1308 244 1348 que,
263 1308 351 1337 con
368 1297 409 1336 el
425 1296 578 1336 miedo
596 1297 652 1337 de
668 1297 733 1336 tal
749 1303 995 1346 tormento,
1020 1298 1064 1336 al
1085 1297 1146 1338 fin
1163 1309 1211 1337 se
1229 1297 1489 1338 confiessan
1508 1299 1577 1338 135
1597 1299 1759 1338 verda—

139 1369 237 1408 des.
261 1366 389 1408 Anse
411 1368 596 1408 hallado
617 1368 686 1407 105
714 1367 887 1407 Padres
918 1374 1157 1418 presentes
1186 1370 1229 1408 al
1256 1369 1454 1409 transito
1482 1369 1538 1409 de
1567 1370 1764 1410 muchas

138 1450 380 1490 personas,
404 1439 735 1490 specialimente
757 1438 812 1478 de
835 1438 947 1478 siete
965 1443 989 1478 0
1007 1439 1124 1479 ocho
1144 1440 1417 1490 caualleros‚
1442 1440 1497 1480 de
1515 1441 1584 1480 105
1602 1441 1765 1491 quales

137 1521 282 1562 pocos
301 1523 332 1561 y
353 1521 496 1561 pocas
517 1520 656 1549 vezes
677 1521 733 1549 en
755 1515 853 1549 esta
876 1509 1043 1549 ciudad
1065 1522 1148 1549 nos
1170 1511 1326 1550 suelen
1350 1512 1515 1551 llamar
1536 1523 1592 1551 en
1610 1511 1759 1551 salud:

138 1594 195 1622 θη
216 1587 315 1621 esto
332 1592 381 1620 se
399 1592 458 1620 an
480 1579 661 1620 sentido
683 1580 928 1631 ayudados
945 1581 1014 1620 105
1031 1581 1283 1631 pacientes,
1304 1594 1335 1633 y
1353 1593 1462 1633 muy
1479 1582 1760 1622 consolados

138 1654 207 1693 los
236 1652 593 1692 circunstantcs.

218 1723 308 1763 Por
328 1723 472 1763 orden
493 1722 548 1762 de
570 1728 758 1762 nuestro
782 1721 828 1761 P.
852 1722 1106 1762 Francisco
1128 1722 1141 1740 ”²
1163 1736 1193 1773 y
1216 1723 1271 1762 de
1289 1730 1478 1763 nuestro
1497 1723 1545 1763 P.
1568 1723 1760 1764 Prouin-

139 1795 228 1834 0131
249 1793 263 1812 ⁵
284 1806 310 1833 3
331 1794 532 1833 visitacio
554 1794 596 1832 θ1
618 1792 664 1832 Ρ.
687 1793 861 1833 Rector
881 1792 896 1811 ⁴
916 1797 942 1833 3
964 1795 1033 1833 105
1053 1798 1245 1833 seriores
1267 1794 1322 1834 de
1342 1794 1598 1835 Marchena
1619 1793 1633 1813 ⁵
1653 1808 1684 1846 y
1706 1795 1763 1834 de

140 1864 367 1905 Sanlucar
383 1863 411 1914 ⁶,
431 1863 708 1904 confessado
728 1876 760 1915 y
781 1865 1059 1914 comulgado
1082 1867 1109 1904 3
1129 1866 1198 1904 105
1220 1876 1339 1904 vnos
1366 1878 1396 1916 y
1417 1868 1444 1904 3
1465 1866 1534 1905 105
1555 1873 1708 1916 01105,
1732 1879 1762 1917 y

141 1938 340 1987 algunas
360 1947 586 1987 personas
608 1935 662 1975 de
683 1946 735 1974 su
758 1946 883 1974 0353.
908 1935 951 1975 Α
971 1935 1222 1986 predicad0
1244 1948 1301 1975 en
1322 1947 1427 1976 esos
1448 1937 1660 1987 pueblos,
1684 1950 1714 1988 y
1736 1941 1764 1976 3

139 2009 182 2047 13
205 2007 375 2047 venida
396 2019 453 2046 en
474 2007 672 2057 algunos
693 2013 821 2046 otros
843 2007 899 2046 de
920 2007 1119 2047 camino:
1143 2008 1483 2047 consoiauanse
1503 2009 1673 2048 mucho
1694 2009 1765 2048 los

141 2085 334 2130 oyentes
356 2090 444 2118 0οη
464 2079 507 2118 10
530 2089 617 2129 que
637 2078 807 2117 naman
838 2079 950 2117 ellos
977 2089 1129 2117 nueuo
1161 2077 1395 2129 lenguaje,
1432 2083 1457 2119 o
1487 2090 1639 2119 nueua
1671 2091 1763 2119 ma-

139 2161 252 2190 nera
274 2149 330 2189 de
349 2148 578 2201 predicar.
602 2148 754 2188 Visito'
776 2149 1106 2200 specialmente
1127 2150 1170 2188 13
1193 2150 1347 2198 carcel
1368 2161 1424 2189 θη
1445 2150 1713 2199 Μ3ῑο11θη3,
1734 2164 1765 2202 y

138 2224 339 2272 procuro
360 2231 446 2272 que
467 2231 517 2260 se
539 2220 876 2271 concluyessen
897 2221 1095 2270 algunos
1115 2220 1340 2270 negocios
1360 2232 1449 2272 que
1470 2228 1666 2261 estauan
1692 2223 1764 2261 de·

138 2292 336 2332 tenidos.
360 2290 501 2331 Otros
521 2290 696 2331 Padres
717 2291 809 2330 han
831 2290 1141 2341 peregrinado
1163 2294 1189 2330 3
1213 2291 1465 2331 Marchena
1483 2304 1513 2342 y
1530 2295 1557 2332 3
1574 2291 1763 2342 Cacalla

141 2376 171 2415 y
193 2362 514 2403 Guadalcanal
537 2361 639 2411 (son
661 2368 787 2401 estos
808 2362 996 2412 lugares
1018 2374 1070 2400 en
1096 2362 1138 2400 13
1162 2362 1308 2401 siem-a
1332 2363 1429 2402 casi
1451 2363 1506 2402 de
1528 2366 1554 2402 3
1576 2369 1671 2403 tres
1689 2364 1767 2403 mil

141 2434 348 2481 velinos>
372 2433 662 2473 exhortando
686 2435 712 2472 3
734 2432 996 2483 penitencia
1017 2445 1047 2483 y
1070 2432 1272 2472 acuerdo
1300 2432 1355 2472 de
1376 2434 1446 2473 135
1467 2445 1605 2474 00535
1636 2435 1692 2474 de
1722 2436 1766 2473 la

197 2619 208 2640 ¹
248 2619 467 2651 mur'iz'dores,
477 2618 671 2646 monitores.

196 2668 210 2686 2
247 2667 283 2694 P.
298 2666 502 2694 Franciscus
518 2666 655 2700 Borgia.
672 2666 945 2694 Commissarius.

198 2714 212 2734 ⁵
249 2714 286 2741 P.
302 2713 585 2741 Bartholomaeus
601 2714 835 2742 Bustamante.

195 2761 211 2781 ⁴
247 2761 284 2788 P.
300 2759 531 2787 Gundisalvus
546 2760 726 2788 Gonzalez.

195 2809 208 2828 ⁵
245 2808 282 2835 In
297 2808 454 2835 versione
470 2808 588 2837 latina.
605 2809 677 2835 1000
699 2808 926 2836 “dominorum
944 2809 1055 2843 oppidi
1082 2809 1283 2843 Marchena„
1305 2811 1370 2843 (los
1391 2811 1534 2837 sonores
1550 2812 1592 2837 de
1612 2811 1772 2838 fllarclte-

144 2856 203 2885 na)
218 2855 341 2883 dicitur
356 2855 488 2882 Ducum
502 2855 541 2881 de
559 2855 678 2887 Areos,
695 2856 781 2889 quod
794 2856 825 2882 in
838 2856 924 2882 idem
937 2856 1068 2883 recidit.
1082 2856 1130 2883 De
1144 2856 1197 2883 his
1208 2857 1287 2884 vide
1299 2857 1449 2885 Pommm
1466 2858 1669 2891 Clzrouicon,
1684 2863 1709 2885 t.
1725 2866 1770 2889 xv,

143 2911 222 2938 pag.
237 2902 300 2937 470,
317 2908 431 2930 annot.
445 2902 473 2929 3.

197 2950 210 2970 6
249 2951 366 2978 Sermo
387 2957 438 2978 est
454 2952 493 2978 de
510 2951 639 2978 Comite
656 2951 696 2979 de
710 2951 841 2984 Niebla,
856 2956 892 2979 ut
913 2959 1073 2986 expresse
1095 2951 1221 2980 dicitur
1245 2953 1277 2979 in
1299 2953 1457 2980 versione
1480 2954 1599 2985 latina,
1624 2954 1677 2987 qui
1694 2957 1773 2979 tunc

146 3003 177 3026 to
185 2999 309 3033 mporis
321 3005 395 3026 erat
407 2998 554 3032 Joannes
566 2999 760 3033 Alphonsus
772 2999 812 3025 de
824 2998 976 3026 Guzman
989 3000 1019 3026 el
1031 2999 1213 3033 Bueno,V1
1227 2999 1303 3027 Dux
1315 3000 1354 3026 de
1367 2999 1500 3027 Medina
1511 2999 1660 3027 Sidonia.
1673 3000 1773 3031 (Vide

146 3045 295 3073 Poimcx
312 3045 514 3076 chronicon.
530 3050 552 3073 t.
569 3053 615 3079 iv,
631 3054 712 3080 pag.
724 3046 787 3081 465,
804 3050 923 3073 annot.
941 3047 978 3078 2).
993 3046 1077 3081 EJus
1094 3046 1180 3074 filius
1193 3046 1351 3080 Joannes,
1370 3048 1425 3081 qui
1440 3048 1502 3075 hoc
1517 3048 1615 3074 titulo
1631 3047 1775 3074 Comitis

148 3094 187 3120 de
203 3093 324 3121 Niebla
340 3094 484 3122 donatus
496 3094 565 3128 jam
582 3094 705 3128 suerat,
721 3096 865 3121 morte-m
877 3094 939 3121 hoc
953 3098 1104 3129 ternpore
1117 3095 1188 3129 jam
1201 3095 1369 3122 obiverat.
1386 3095 1484 3128 (Vide
1496 3102 1612 3129 supra,
1624 3102 1702 3129 pag.
1715 3093 1772 3127 97).
