2020 3342
852 243 936 281 AN.
973 243 1063 280 1556
1732 243 1780 280 73

230 343 434 384 Veniunt
455 342 591 382 etiam
616 342 675 382 ad
691 342 811 382 hanc
833 342 1006 381 almam
1024 340 1226 391 domum,
1247 340 1483 391 religionis
1501 340 1777 391 pietatisque

146 414 323 466 >gratia,
346 413 633 463 Cardinales,
665 412 899 464 Episcopi,
939 410 1177 462 Principes
1211 418 1257 451 et
1276 410 1500 450 Rectores
1520 421 1676 450 rerum
1697 421 1779 460 pu-

151 485 391 534 blicarum,
414 483 665 535 primariae
701 494 884 534 quoque
919 482 1151 522 foeminae
1177 492 1270 521 non
1298 492 1492 533 paucae,
1523 487 1566 521 et
1597 481 1688 530 alii,
1719 481 1776 520 ad

140 567 263 607 quos
301 554 611 594 maximarum
649 565 806 594 rerum
844 564 956 593 cura
995 558 1196 603 spectat,
1230 564 1427 603 quorum
1459 551 1775 591 confessiones

150 625 326 677 (paucis
348 624 598 664 admodum
633 624 855 675 exceptis)
887 624 1080 663 audiunt
1110 623 1258 663 nostri
1285 623 1585 673 nitunturque
1606 633 1690 673 pro
1712 622 1777 661 vi-

148 696 220 736 rili
241 707 334 736 non
355 696 505 735 solum
525 706 901 746 vnumquemque
920 695 991 734 sui
1015 693 1151 734 officii
1181 704 1434 734 memorem
1464 693 1673 742 reddere,
1697 692 1777 732 sed

148 767 353 806 omnium
387 766 527 805 etiam
562 766 741 806 animos
772 765 1062 805 inflammare
1097 764 1156 804 ad
1191 764 1449 816 perfectum
1483 762 1570 803 Dei
1602 764 1776 803 cultum

147 837 494 889 perfectamque
515 848 672 876 rerum
693 836 779 876 sibi
800 836 1163 876 commissarum
1185 834 1651 875 administrationem.
1676 833 1777 884 Qua

139 919 206 948 ex
225 920 275 948 re
297 914 519 959 quantum
540 907 837 947 emolumenti
856 907 1118 957 colligatur,
1152 908 1276 946 solus
1298 906 1372 945 ille
1399 905 1602 957 perfecte
1629 904 1777 952 nouit,

140 979 225 1029 *qui
261 985 480 1029 operatur
516 978 671 1018 omnia
706 979 752 1017 in
787 978 1016 1017 omnibus.
1055 976 1152 1016 Nos
1182 984 1339 1017 tamen
1373 976 1585 1016 videmus
1606 976 1651 1015 in
1673 975 1774 1026 ipso

148 1049 456 1089 confessionis
478 1056 587 1089 actu
609 1050 822 1100 ingentes
841 1049 1104 1088 animorum
1122 1049 1470 1097 commotiones,
1491 1046 1776 1098 lachrymas,

144 1121 369 1160 vitiorum
390 1119 738 1170 detestationeS,
761 1119 1099 1170 promissiones
1121 1124 1165 1158 et
1186 1117 1465 1158 huiusmodi.

227 1191 370 1231 Nobis
391 1203 505 1230 vero
528 1191 741 1242 ingentes
762 1190 942 1241 gratias
966 1196 1126 1240 agunt,
1153 1200 1346 1228 munera
1365 1188 1562 1228 offerunt
1584 1194 1627 1228 et
1650 1200 1675 1227 a
1698 1199 1777 1227 no-

147 1261 217 1301 bis
234 1267 501 1312 contempta
520 1272 661 1311 aegre
678 1260 878 1300 retinent
895 1261 970 1300 vel
985 1259 1237 1299 liberaliter
1249 1259 1530 1310 pauperibus
1545 1259 1776 1309 elargiun-

140 1338 237 1382 ‘tur,
262 1332 350 1372 hoc
366 1333 531 1372 saltem
549 1344 573 1371 a
591 1332 725 1371 nobis
742 1337 1028 1382 expetenteS,
1048 1337 1098 1371 vt
1116 1330 1282 1382 quibus
1299 1342 1354 1370 ea
1371 1330 1569 1370 debeant
1586 1329 1776 1380 elargiri

147 1402 235 1442 illis
258 1403 528 1442 indicemus.
553 1401 712 1453 Neque
735 1409 922 1442 cessant
944 1402 999 1442 de
1017 1402 1151 1441 nobis
1168 1401 1328 1441 laudes
1346 1401 1569 1452 proferre:
1589 1400 1775 1440 inuade-

145 1479 308 1525 retque
326 1485 659 1524 nonnunquam
676 1472 828 1512 inanis
845 1472 1073 1523 gloriolae
1090 1473 1220 1512 uirus
1237 1477 1415 1511 mentes
1427 1470 1526 1510 Deo
1544 1477 1772 1518 sacratas,

147 1544 236 1583 nisi
253 1552 491 1583 auctorem
516 1544 722 1583 omnium
738 1544 971 1582 bonorum
988 1543 1074 1582 sibi
1090 1543 1136 1582 in
1153 1549 1406 1594 conspectu
1423 1553 1606 1592 semper
1624 1542 1775 1591 proui-

142 1613 323 1665 derent,
344 1615 609 1666 scirentque
626 1618 734 1653 actea
752 1613 1004 1654 charitatis
1020 1613 1121 1653 Deo
1139 1613 1292 1653 omnia
1312 1620 1504 1664 accepta
1523 1612 1711 1661 referre,
1732 1619 1776 1651 et

140 1684 413 1725 >humilitate
433 1697 524 1725 non
542 1686 690 1725 solum
708 1685 883 1735 laudes,
904 1686 983 1724 sed
1002 1685 1141 1724 etiam
1158 1696 1207 1724 se
1222 1685 1347 1736 ipsos
1366 1683 1619 1735 despicere
1642 1682 1777 1733 Quod

147 1756 187 1796 si
203 1757 444 1807 contingat
466 1757 568 1796 illos
585 1757 752 1795 iterum
766 1756 855 1795 huc
873 1755 1059 1804 reuerti,
1080 1767 1259 1795 summa
1279 1754 1518 1805 diligentia
1536 1754 1775 1805 proprium

147 1827 411 1878 quaeritant
439 1827 792 1875 confessarium,
826 1834 870 1866 et
902 1833 1123 1877 acceptae
1144 1826 1327 1877 gratiae
1350 1825 1612 1865 certissima
1640 1836 1776 1875 argu-

146 1904 301 1938 menta
326 1910 437 1948 prae
459 1910 507 1937 se
529 1898 695 1946 ferunt,
721 1898 783 1937 illi
806 1897 1096 1949 praesertim,
1116 1897 1193 1948 qui
1210 1908 1235 1936 a
1258 1896 1431 1936 nostris
1452 1897 1567 1936 bene
1584 1895 1774 1935 viuendi

146 1958 334 2008 modum
356 1969 498 2008 Verbo
526 1969 600 2008 vel
629 1968 805 2019 scripto
841 1968 1054 2018 accipere
1082 1969 1344 2016 voluerunt;
1376 1967 1507 2006 cuius
1530 1967 1595 2006 rei
1621 1966 1775 2017 gratia

146 2040 297 2079 solent
332 2039 553 2089 nonnulli,
578 2039 719 2078 etiam
748 2051 806 2078 ex
828 2038 1153 2078 remotissimis
1180 2038 1340 2078 Italiae
1368 2037 1591 2089 partibus,
1613 2036 1670 2076 ad
1692 2048 1777 2076 nos

146 2111 321 2149 Venire,

227 2180 438 2231 Denique
460 2181 499 2219 si
521 2180 624 2231 quis
645 2182 720 2220 vel
747 2179 1067 2219 conscientiae
1098 2179 1328 2230 scrupulis
1360 2179 1562 2229 angitur,
1597 2179 1670 2217 vel
1701 2177 1773 2218 de-

147 2251 390 2290 solationis
412 2251 615 2301 pondere
649 2251 893 2302 premitur,
919 2256 1169 2301 postquam
1192 2249 1248 2288 ad
1280 2256 1465 2289 nostros
1497 2249 1772 2299 confugerit,

140 2331 261 2360 vmox
294 2321 301 2339 ¹
334 2321 521 2360 domum
542 2321 819 2372 tranquillus
853 2327 897 2360 et
926 2320 1153 2371 spirituali
1182 2320 1500 2359 consolatione
1522 2320 1685 2370 plenus
1706 2330 1774 2359 re-

147 2392 358 2432 uertitur.
390 2391 484 2431 Nec
511 2392 697 2431 obstant
718 2391 931 2442 ingentes
956 2402 1149 2430 casuum
1171 2390 1185 2409 ²
1213 2390 1505 2430 difficultates
1531 2390 1776 2441 quominus

147 2461 267 2513 Jesu
294 2462 474 2502 Christi
491 2461 504 2480 ³
526 2463 697 2502 alumni
720 2468 908 2513 gratum
930 2462 1032 2502 Deo
1055 2468 1099 2501 et
1128 2461 1354 2512 proximis
1376 2461 1625 2501 exhibeant
1647 2461 1777 2501 obse-

148 2534 320 2584 quium:
357 2534 477 2585 quod
510 2534 608 2573 sine
629 2533 768 2573 dubio
796 2533 810 2551 4
844 2533 1212 2584 gloriosissimae
1233 2532 1444 2583 Virginis
1472 2532 1657 2572 Mariae
1686 2543 1776 2571 me-

145 2603 263 2649 ritis,
301 2616 392 2644 non
428 2605 596 2652 studio,
633 2616 726 2643 non
763 2604 983 2644 continuo
1027 2603 1373 2643 confessionum
1415 2603 1638 2643 exercitio
1658 2635 1665 2652 ‚
1707 2608 1777 2643 est

137 2673 520 2715 adscribendum.

222 2744 328 2785 Alia
350 2747 577 2796 permulta
597 2746 719 2785 bona
743 2757 886 2796 opera
915 2756 997 2796 per
1025 2751 1296 2785 nostrorum
1328 2745 1636 2784 ministerium
1668 2750 1776 2784 sunt

248 2906 319 2933 Deo
333 2906 543 2937 adiuuante,
560 2914 648 2933 mox.
674 2907 858 2934 POLaxcns.

247 2955 483 2981 conscientiae
499 2954 629 2981 addidit
646 2954 828 2981 Polaneus.

249 3000 490 3028 Beatissimae
506 3001 637 3028 llIatris
652 3000 731 3027 Dei.
752 3000 800 3027 ID,

251 3048 409 3074 eiusdem
425 3048 558 3075 addidit
576 3048 756 3076 Polancus.

193 2905 213 3066 1⁸0⁸oe-
