2020 3342
246 246 318 285 636
863 245 1094 282 APPEND1x
1121 256 1255 283 PRnuA

326 345 525 395 St'sorte
544 344 666 384 scsre
685 344 946 389 desideras,
968 343 1159 394 quinam
1179 343 1446 394 extiterint,
1467 344 1551 394 qm*
1569 344 1619 383 sn
1648 349 1875 396 nostram

246 416 521 456 Societatem
544 414 691 465 recipi
707 413 956 465 cupierint,
977 413 1198 465 quamuis
1217 414 1339 454 satis
1364 414 1429 454 sit
1457 426 1620 454 eorum
1648 415 1872 466 copiosus.

246 498 491 532 numerus,
512 486 566 524 de
586 485 766 524 dnobus
787 488 943 524 tamen
965 489 1048 524 aut
1068 485 1221 524 tribus
1243 485 1304 524 ad
1325 488 1368 524 te
1384 485 1599 525 scribam.
1621 485 1726 526 Duo
1743 487 1848 537 equi

246 564 314 598 tes
349 556 652 606 conchenses,
690 562 734 595 et
762 555 947 606 quidem
978 557 1106 595 claro
1135 555 1366 606 sanguine
1393 555 1504 604 nati,
1536 557 1749 606 germani
1777 556 1866 596 fra-

244 635 353 679 tres,
391 626 450 666 ad
481 627 569 666 hoc
600 631 810 666 nostrum
841 626 1106 666 Gandiense
1139 626 1360 678 oppidum
1395 637 1444 666 se
1475 628 1780 680 contulerant,
1814 633 1866 668 vt

244 705 435 751 possent
476 699 523 738 in
565 699 883 749 spiritualibus
922 698 1300 738 meditationibus
1341 700 1424 739 sub
1463 700 1602 740 Patre
1642 698 1864 739 exerceri:

242 770 468 810 maiorem
491 776 602 809 natu
624 769 767 809 mouit
790 768 1069 808 desiderium
1092 768 1383 819 ingrediendi
1406 771 1692 821 religionem,
1716 776 1760 810 et
1781 769 1866 809 sol-

244 841 367 880 licite
388 840 567 880 obortl's
591 839 599 858 ¹
623 840 860 880 lachrimis
881 840 1043 891 petiuit
1070 846 1121 879 vt
1151 840 1494 881 admitteretur:
1519 853 1612 881 non
1634 840 1874 892 sibi'quie--

243 918 340 951 tum
362 911 408 950 in
430 911 653 962 religione
676 911 865 962 optabat
888 911 1046 960 otium,
1070 911 1152 950 sed
1173 911 1218 950 in
1240 911 1369 951 duris
1390 918 1433 952 et
1449 912 1698 952 laboriosis
1716 911 1872 963 operi--

242 982 327 1021 bus
356 984 637 1033 perpetuam
663 981 808 1021 uitam
835 992 976 1032 agere
1007 981 1281 1032 exoptabat:
1313 990 1357 1022 et
1387 983 1601 1034 quamuis
1631 983 1689 1022 ad
1720 981 1866 1033 perfe-

244 1059 367 1092 ctam
389 1052 652 1092 deuenisset
673 1057 890 1103 aetatem,
914 1058 1013 1092 erat
1035 1057 1190 1092 tamen
1212 1053 1384 1093 teneris
1406 1065 1461 1094 ac
1488 1053 1699 1094 delicatis
1725 1064 1864 1093 mem-

245 1123 353 1174 bris,
392 1130 435 1163 et
470 1123 659 1163 minime
692 1122 839 1162 labori
876 1122 1016 1174 aptis,
1054 1123 1268 1174 quodque
1302 1124 1453 1164 maius
1486 1129 1576 1175 est,
1614 1123 1774 1164 literas
1807 1135 1865 1164 ne

243 1194 426 1234 uiderat
448 1193 647 1245 quidem.
671 1192 792 1233 Hinc
822 1200 935 1233 nata
962 1199 1031 1233 est
1062 1194 1249 1233 occasio
1279 1193 1408 1234 Patri
1436 1193 1711 1246 repudiandi
1743 1205 1872 1245 eum,

243 1265 414 1305 iniecta
435 1270 591 1305 tamen
611 1265 657 1304 in
686 1264 891 1304 futurum
923 1276 1003 1316 spe
1034 1264 1292 1316 recipiendi
1315 1266 1343 1316 ²3
1373 1264 1531 1317 sicque
1559 1265 1705 1305 tristis
1733 1271 1776 1305 et
1802 1266 1864 1305 la-

244 1335 608 1376 chrimabundus
644 1336 771 1386 abiit,
801 1335 918 1375 adeo
949 1342 998 1376 ut
1025 1347 1110 1375 nos
1139 1336 1280 1376 etiam
1309 1336 1356 1376 in
1382 1337 1635 1377 lachrimas
1665 1347 1864 1376 commo-

242 1407 378 1448 uerit.

323 1479 394 1517 De
413 1479 552 1518 tertio
574 1478 668 1517 iam
689 1478 865 1529 accipe:
886 1477 1105 1518 Vicarius
1127 1478 1264 1517 huius
1287 1478 1457 1529 oppidi,
1481 1477 1659 1518 Doctor
1680 1478 1726 1518 in
1742 1477 1865 1518 theo-

238 1548 411 1599 logicis
438 1548 710 1600 disciplinis,
740 1548 859 1588 inter
890 1548 1101 1588 literatos
1132 1548 1320 1588 minime
1349 1548 1729 1599 contemnendus,
1759 1559 1872 1589 con-v

244 1620 458 1660 cionator
475 1621 766 1671 perelegans,
797 1619 936 1659 etiam
966 1618 1051 1658 sub
1081 1617 1219 1658 Patre
1243 1630 1291 1658 se
1313 1619 1537 1669 exercuit,
1568 1619 1659 1670 qui,
1693 1624 1742 1658 ut
1770 1630 1864 1659 cre-

244 1691 409 1741 dimus,
434 1691 640 1731 decreuit
661 1689 941 1741 pedetentim
964 1702 990 1729 a
1014 1689 1154 1739 euris,
1179 1689 1225 1729 in
1245 1690 1412 1740 quibus
1433 1696 1502 1729 est
1532 1690 1781 1740 inuolutus,
1812 1700 1862 1730 se

243 1762 494 1813 explicare,
520 1768 562 1801 et
590 1767 751 1812 postea
782 1766 970 1801 nostrae
998 1772 1048 1800 se
1075 1760 1346 1811 mancipare
1375 1760 1612 1811 religioni:
1644 1759 1862 1812 quicquid

243 1833 492 1884 contigerit
513 1844 595 1884 per
617 1843 743 1872 meas
765 1832 925 1872 literas
946 1831 1080 1871 scies.

323 1903 455 1943 Audi
479 1915 573 1942 mm
600 1903 720 1942 alia:
751 1902 923 1942 Habuit
953 1902 1146 1942 latinam
1177 1902 1438 1942 orationem
1472 1901 1531 1941 ad
1564 1903 1785 1953 populum
1815 1902 1862 1943 in

243 1974 359 2014 festo
382 1973 438 2014 D.
462 1974 618 2014 Lucae
641 1974 706 2023 (vt
727 1974 844 2013 solet
865 1972 1061 2023 singulis
1083 1973 1219 2012 annis
1242 1971 1353 2022 fieri)
1371 1984 1490 2012 Vnus
1508 1984 1566 2012 ex
1583 1973 1755 2012 nostris
1772 1972 1869 2012 fra·

242 2045 414 2094 tribus,
456 2051 569 2084 natu
609 2044 853 2091 minimus,
896 2055 1001 2083 cum
1041 2054 1220 2083 summo
1262 2043 1488 2092 omnium,
1531 2043 1609 2094 qui
1649 2043 1858 2094 aderant,

242 2118 490 2167 applausu,
522 2115 580 2155 ad
607 2115 855 2155 excitanda
888 2115 1238 2154 adolescentum
1269 2113 1456 2164 ingenia
1486 2114 1530 2154 in
1560 2114 1654 2154 otio
1688 2125 1862 2154 marce-

242 2187 435 2237 scentia3
456 2192 751 2238 oppugnatae
769 2185 932 2225 deinde
949 2191 1056 2225 sunt
1072 2185 1269 2235 logicae,
1288 2184 1654 2236 philosophicae,
1671 2196 1725 2225 ac
1738 2184 1861 2225 theo-

241 2259 422 2309 logicae
443 2259 611 2307 theseS,
635 2257 830 2308 publice,
861 2262 1108 2307 praesente
1137 2255 1322 2307 quidem
1353 2255 1521 2298 illustri
1550 2256 1758 2295 virorum
1788 2267 1866 2295 com

241 2339 378 2378 rona·,
401 2328 744 2368 Illustrissimus
764 2338 963 2377 namque
985 2325 1095 2366 Dux
1116 2325 1280 2365 aderat
1302 2333 1347 2365 et
1373 2337 1598 2377 perquam
1627 2326 1867 2365 Reueren-

240 2400 330 2439 dus
347 2398 361 2416 ⁵
378 2399 615 2449 religionis
633 2398 892 2437 Monteziae
910 2397 1178 2436 Praefectus
1198 2395 1226 2446 ⁴,
1247 2396 1442 2436 aderant
1462 2400 1505 2436 et
1522 2397 1840 2436 commendato

240 2482 315 2510 res
337 2468 350 2487 ⁵
372 2469 601 2520 permulti,
625 2472 943 2508 conuenerant
965 2468 1144 2518 equites
1164 2470 1207 2506 et
1231 2467 1307 2506 alii
1327 2465 1341 2484 ⁶
1363 2467 1452 2506 viri
1481 2467 1673 2515 nobiles,
1705 2478 1858 2507 acces-

239 2547 396 2581 serant
423 2547 467 2580 et
500 2541 729 2588 consules;
755 2538 1086 2589 praetermitto
1108 2536 1378 2588 permultos
1402 2536 1609 2587 plebeios
1630 2536 1854 2577 homines.

239 2611 452 2662 Quinque
482 2622 544 2649 ex
572 2609 819 2659 fratrebus
848 2607 1195 2648 Baclzallaures
1220 2612 1333 2646 sunt
1364 2607 1634 2658 deszgnati,
1662 2611 1706 2647 et
1734 2618 1859 2647 vnzts

237 2683 298 2722 ad
328 2680 663 2731 magisteriam
686 2683 940 2730 promotus
964 2678 1185 2729 t'mpossto
1211 2678 1259 2717 in
1292 2677 1552 2718 celebritate
1582 2678 1865 2717 Academiae

289 2817 298 2837 ¹
341 2824 430 2843 cnm.
448 2815 633 2841 POLANcus.

288 2865 302 2883 ‘2
343 2863 472 2897 aliqua.
490 2862 537 2888 ID.

289 2909 303 2929 ⁵
341 2909 568 2936 memorandus
582 2906 761 2933 militm-1⁴5.
776 2906 823 2932 10.

290 2959 303 2977 4
341 2958 440 2983 ducis
453 2953 679 2989 palruzts.11>.

288 3004 302 3024 5
340 3006 369 3030 el
386 3005 462 3030 eius
474 3002 610 3028 ordinis
626 2999 757 3026 milztcs
772 3000 1089 3034 (commendatores
1101 3001 1249 3031 vocant).

287 3051 302 3070 6
340 3051 539 3085 equitesque
555 3048 613 3074 alii
631 3048 674 3074 ct.
694 3046 740 3074 11).
