2020 3342
303 230 370 276 '162
807 233 1032 277 LITTERAE
1058 245 1414 283 QuAanEsTREs

296 336 572 376 necessitate
599 335 784 376 diuersa
813 337 1034 376 incumbit
1062 350 1190 378 cura.
1220 337 1357 390 Pater
1389 337 1512 377 enim
1543 335 1717 377 Rector
1747 335 1793 377 in
1829 334 1918 378 hoc

295 406 496 446 maxime
515 415 785 458 occupatur,
808 414 857 447 ut
878 408 1034 458 plures
1055 419 1238 459 semper
1258 419 1549 459 quocumque
1567 407 1704 447 modo
1726 407 1785 447 ad
1816 419 1917 448 san-

295 483 398 516 ctae
420 477 726 517 confessionis
749 490 803 518 ac
824 479 1162 518 communionis
1184 478 1602 530 frequentationem
1624 478 1829 529 inducat,
1853 479 1918 519 in-

295 547 549 599 ductosque
571 548 617 588 in
639 549 736 588 dies
760 550 909 599 magis
931 550 990 589 ad
1010 549 1408 600 perseuerandum
1437 549 1690 589 confirmet.
1721 549 1854 600 Quod
1877 550 1916 590 si

293 618 395 669 quis
416 626 604 670 propter
625 620 821 670 negocia
850 620 941 659 alia
967 620 1216 672 aliquando
1247 620 1488 670 destiterit,
1527 620 1683 660 statim
1704 620 1764 660 ad
1784 620 1914 660 redu-

292 690 488 729 cendam
510 702 642 730 ouem
666 691 725 730 ad
744 690 929 730 foelicia
951 702 1124 742 pascua
1142 691 1467 742 proficiscitur.
1493 691 1580 742 Qui
1598 691 1738 731 etiam
1755 691 1916 731 diebus

292 759 536 800 dominicis
556 768 660 812 post
681 761 927 812 prandium
948 762 995 801 in
1016 762 1187 813 templo
1209 768 1371 802 nostro
1394 762 1688 812 euangelium
1709 761 1821 802 illud
1841 774 1916 802 ex-

290 831 434 881 ponit,
455 832 578 883 quod
595 832 758 872 eodem
775 832 847 872 die
863 832 1001 872 fuerit
1017 833 1279 873 recitatum:
1299 844 1390 884 quo
1410 833 1621 873 absoluto
1638 832 1915 873 Doctrinam

290 901 605 942 Christianam
636 915 663 942 a
694 915 837 954 puero
866 903 959 943 illic
992 904 1257 944 immediate
1291 904 1536 944 recitatam
1567 904 1913 954 interpretatur:

289 973 454 1023 quibus
476 973 655 1014 duabus
683 975 959 1014 lectionibus
988 975 1229 1022 absolutis,
1257 976 1389 1026 pueri
1418 986 1578 1014 omnes
1605 981 1830 1026 quotquot
1853 975 1917 1016 ibi

289 1043 610 1094 interfuerunt,
647 1046 724 1096 qui
746 1056 907 1085 omnes
935 1046 1160 1085 interesse
1189 1045 1369 1093 debent,
1401 1046 1460 1086 ad
1487 1057 1708 1097 uesperas
1730 1046 1916 1086 audien-

288 1115 372 1154 das
394 1116 654 1155 mittuntur.

367 1185 470 1238 Ipse
490 1187 630 1227 etiam
653 1186 806 1237 Pater,
829 1194 968 1239 prout
989 1199 1180 1228 necesse
1197 1188 1349 1239 fuerit,
1369 1188 1661 1228 xenodochia
1683 1188 1915 1228 interdum

287 1256 412 1307 nisit,
436 1258 512 1297 ubi
534 1258 573 1298 si
594 1270 732 1310 quem
753 1259 975 1309 inueniat,
1000 1259 1079 1311 qui
1094 1271 1187 1299 non
1204 1259 1263 1299 sit
1280 1258 1431 1299 adhuc
1454 1259 1708 1310 confessus,
1733 1260 1792 1299 ad
1809 1271 1913 1299 con-

286 1327 535 1368 fessionem
566 1329 770 1380 inducat,
805 1330 927 1381 quod
958 1342 1097 1382 saepe
1135 1330 1319 1370 accidit.
1353 1329 1470 1370 Nam
1505 1330 1592 1370 etsi
1622 1342 1714 1370 non
1748 1329 1915 1370 desunt

284 1399 377 1438 illic
410 1400 487 1451 qui
527 1401 768 1440 audiendis
803 1401 1176 1442 confessionibus
1210 1408 1392 1451 uacent,
1424 1413 1516 1441 non
1546 1407 1701 1440 tamen
1739 1401 1913 1441 frustra

283 1470 390 1509 illuc
421 1483 470 1511 se
501 1471 638 1512 Pater
668 1472 862 1523 confert;
893 1473 1171 1524 quandoque
1196 1473 1319 1512 enim
1350 1472 1534 1522 accidit,
1562 1479 1612 1512 ut
1640 1472 1715 1524 qui
1741 1472 1914 1512 nemini

284 1541 373 1580 alio
396 1542 605 1582 confiteri
626 1544 839 1591 uoluerit,
860 1544 948 1594 ipsi
969 1544 1015 1584 id
1030 1543 1187 1584 facere
1210 1556 1303 1583 non
1316 1550 1512 1583 recuset.
1532 1542 1744 1583 Infirmos
1762 1542 1913 1583 adhuc

283 1623 366 1662 per
382 1613 500 1652 alias
518 1614 682 1654 domos
702 1615 939 1654 curandae
960 1615 1143 1654 animae
1160 1626 1304 1654 causa
1322 1614 1494 1654 inuisit:
1519 1614 1785 1653 inimicitias
1802 1615 1910 1653 mul-

284 1690 355 1723 tas
386 1684 432 1723 in
464 1685 694 1725 amicitias
725 1693 768 1725 et
798 1697 881 1726 sua
914 1693 958 1726 et
989 1686 1185 1726 aliorum
1216 1697 1357 1736 opera
1386 1685 1537 1724 uertit.
1573 1685 1703 1724 Multi
1728 1697 1911 1736 quoque

284 1756 589 1806 concubinas,
632 1768 829 1808 quarum
864 1768 1007 1797 causa
1042 1768 1123 1808 per
1159 1757 1333 1807 aliquot
1369 1767 1516 1795 annos
1556 1768 1581 1795 a
1618 1756 1910 1796 confessione

283 1826 619 1877 abstinuerant,
641 1828 825 1867 demum
843 1828 1015 1868 relictis
1033 1828 1136 1878 illis,
1153 1828 1241 1868 hoc
1258 1839 1379 1867 anno
1398 1827 1597 1867 confessi
1614 1834 1720 1867 sunt
1740 1827 1765 1867 ¹.
1785 1827 1909 1867 Idem

281 1908 463 1948 quoque
491 1898 699 1938 fecerunt
727 1899 817 1950 qui,
848 1899 904 1938 ob
936 1899 1135 1950 capitale
1164 1899 1283 1938 inter
1304 1910 1353 1938 se
1381 1898 1558 1948 odium,
1590 1898 1800 1937 confiteri
1828 1910 1909 1949 per

282 1979 427 2008 annos
448 1970 616 2008 multos
638 1976 829 2019 peccata
851 1970 1112 2018 noluerant,
1136 1977 1179 2008 ct
1202 1970 1278 2020 qui
1302 1969 1358 2009 ab
1386 1969 1609 2009 uxoribus
1632 1969 1728 2009 suis
1758 1968 1905 2009 seiun-

279 2038 343 2078 cti
363 2051 455 2079 non
476 2040 637 2090 paucis
659 2041 793 2080 annis
814 2041 1045 2091 uixerant,
1070 2040 1266 2091 denique
1293 2040 1352 2080 ad
1373 2051 1452 2080 eas
1474 2051 1523 2079 se
1545 2040 1777 2079 redituros
1798 2046 1904 2090 post

280 2109 455 2150 factam
479 2117 780 2161 peccatorum
802 2111 1144 2151 confessionem
1165 2112 1493 2162 promiserunt.

360 2179 452 2220 Sed
472 2193 613 2221 unum
635 2182 746 2221 illud
768 2182 878 2221 mihi
900 2182 1126 2233 imprimis
1149 2182 1411 2222 mirandum
1432 2181 1628 2232 uidetur,
1653 2182 1775 2234 quod
1796 2181 1905 2222 dex-

279 2258 379 2291 tera
400 2251 589 2291 Domini
610 2264 693 2303 per
715 2252 866 2304 ipsum
887 2252 935 2292 P.
960 2252 1207 2292 Rectorem
1227 2260 1439 2292 nostrum
1460 2258 1653 2304 operata
1681 2260 1750 2293 est
1774 2264 1905 2303 supe-

279 2322 480 2362 rioribus
502 2322 664 2362 diebus
686 2315 793 2364 'ante
815 2323 1249 2374 quadragesimam:
1272 2323 1357 2363 fuit
1386 2324 1506 2363 enim
1534 2323 1722 2375 quidam
1750 2324 1797 2364 in
1823 2336 1900 2364 xe-

278 2392 511 2432 nodochio
534 2392 611 2433 §.ti
638 2393 833 2446 Joannis
855 2400 1089 2445 aegrotus,
1114 2394 1204 2445 qui,
1229 2400 1277 2434 ut
1300 2395 1487 2445 quidam
1509 2394 1706 2443 dicebat,
1737 2406 1764 2434 a
1792 2396 1902 2435 mul-

277 2463 335 2502 tis
353 2463 487 2503 annis
506 2474 724 2514 egressus
742 2464 892 2504 fuerat
908 2465 1180 2516 religionem
1197 2465 1304 2515 (sic)
1324 2477 1378 2505 ac
1395 2466 1471 2505 diu
1488 2465 1739 2516 pessimam
1755 2466 1904 2506 uitam

276 2545 412 2574 suam
435 2535 519 2574 sub
542 2535 700 2574 militis
722 2535 884 2575 habitu
905 2536 968 2575 ita
991 2535 1204 2585 duxerat,
1229 2542 1277 2575 ut
1298 2536 1473 2575 nullum
1494 2547 1685 2586 prorsus
1702 2536 1748 2575 in
1765 2548 1818 2576 eo
1838 2548 1903 2576 re*-

276 2603 468 2655 ligionis
502 2605 751 2656 uestigium
787 2606 986 2657 amplius
1022 2612 1282 2657 appareret.
1316 2605 1404 2646 Hic
1430 2606 1572 2657 igitur
1599 2617 1703 2646 cum
1731 2606 1823 2646 iam
1855 2608 1903 2647 in

276 2675 493 2715 morbum
516 2675 771 2727 incidisset,
796 2683 840 2716 et
868 2677 923 2716 de
952 2676 1226 2716 confitendis
1256 2677 1461 2728 peccatis
1492 2677 1730 2728 quaesitus
1760 2684 1898 2728 esset,

275 2757 425 2797 neque
442 2746 487 2786 id
504 2745 659 2786 facere
676 2747 914 2795 uoluisset,
934 2747 1113 2787 accitus
1134 2747 1322 2787 tandem
1340 2747 1446 2787 illuc
1465 2746 1602 2787 Pater
1618 2759 1667 2788 se
1689 2748 1896 2797 contulit,

276 2907 368 2940 bore,
385 2906 573 2933 Antoninus
589 2907 629 2934 de
644 2906 801 2934 Henrieis
816 2912 850 2935 et
872 2907 1076 2942 Stephanus,
1098 2908 1219 2935 harum
1242 2908 1436 2935 litterarum
1456 2913 1587 2935 auctor.
1610 2908 1778 2935 Postremi
1797 2908 1898 2943 hujus

276 2961 460 2988 cognomen
475 2953 679 2988 ignoramus.
696 2954 842 2982 Tantum
857 2963 898 2982 ex
912 2955 1067 2982 PoLANco
1083 2956 1114 2982 in
1132 2955 1302 2987 Chronici,
1317 2960 1339 2982 t.
1357 2963 1402 2989 v1,
1418 2956 1609 2989 accepimus
1631 2963 1705 2983 eum
1726 2955 1790 2982 hoc
1812 2963 1900 2983 anno

275 3000 410 3036 Tybure
425 3000 590 3034 Magistro
603 3001 706 3029 Petro
721 3001 839 3036 Sylvio
855 3002 1069 3029 successisse.

330 3048 337 3069 Ι
381 3046 434 3074 Sic
450 3048 608 3081 periodus
623 3049 706 3076 haec
724 3050 901 3083 perspicue
920 3050 950 3076 in
966 3057 1025 3076 ms.
