2020 3342
289 216 364 255 548
801 216 1026 255 LITTERAE
1052 226 1409 262 QUADRIMESTRES

289 319 474 365 patrum
505 325 560 354 ac
590 312 788 354 fratrum
818 313 1129 365 patrocinium
1159 314 1391 354 humiliter
1422 313 1741 365 imploramus.
1776 313 1914 365 Vale,

289 384 581 424 obseruande
602 384 648 424 in
671 384 858 424 Christo
880 383 1032 424 Pater.

367 454 561 505 Biuona‚
587 455 744 506 quinto
766 466 915 495 nonas
938 453 1156 495 Octobris
1179 467 1301 496 anno
1327 454 1442 495 1556.

581 525 787 565 Tuorum
807 525 853 565 in
874 525 956 566 X.⁰
978 525 1177 566 filiorum
1198 525 1434 577 minimus,

1145 668 1472 708 ELEUTHERms
1492 667 1753 709 PONTANUS.

364 880 424 920 In
446 884 618 932 quarta
633 881 821 932 pagina
842 882 954 921 llaec
974 885 1161 921 tantum
1179 880 1431 931 legantur:
1453 880 1566 921 1556.
1588 880 1767 921 Biuona
1786 881 1912 933 quin-

285 958 330 992 to
352 964 499 992 nonas
521 952 752 993 Octobris,
779 952 833 1003 Q.
858 952 903 993 S.

989 1307 1201 1362 DLIII

353 1535 396 1571 P.
418 1536 610 1583 joannes
630 1537 814 1575 Rethius

399 1600 519 1638 Patri
538 1602 704 1648 Jacobo
724 1601 924 1649 Laynez,
948 1601 1140 1639 Vicario.

442 1666 665 1714 Coloniae,
686 1667 709 1704 3
729 1666 931 1705 Octobris
954 1666 1045 1703 1556
1065 1666 1092 1703 ¹.

1042 1821 1139 1898 iiis

354 2019 515 2059 Gratia
553 2025 595 2058 ct
631 2030 723 2069 pax
751 2016 939 2058 Domini
974 2016 1131 2057 Nostri
1161 2016 1297 2058 IESV
1333 2016 1504 2057 Christi
1540 2017 1599 2057 sit
1635 2027 1818 2068 semper
1852 2017 1898 2056 in

272 2089 494 2129 cordibus
516 2090 703 2129 nostris.

353 2159 523 2199 Missas
544 2160 602 2199 ad
625 2171 709 2199 nos
731 2160 890 2199 literas
922 2158 977 2198 de
998 2158 1148 2198 foelici
1177 2158 1267 2198 Κῶ
1297 2158 1450 2199 Patris
1480 2160 1627 2199 nostri
1648 2159 1817 2210 Ignatii
1839 2158 1897 2199 ad

272 2231 453 2270 coelum
475 2231 774 2281 migratione,
805 2241 972 2281 nuper,
1007 2228 1104 2269 R.de
1132 2230 1292 2280 Pater,
1321 2229 1596 2281 recepimus.
1633 2229 1812 2280 Quibus
1842 2231 1899 2270 lc-

269 2302 436 2351 gendis
458 2302 659 2351 primum
681 2300 866 2352 quidem
887 2312 978 2340 non
1001 2312 1165 2352 parum
1188 2300 1449 2341 contristati
1471 2312 1632 2341 omnes
1661 2312 1820 2342 sumus
1842 2302 1898 2341 ob

269 2373 385 2412 tanti
408 2371 560 2411 Patris
582 2371 885 2411 amissionem
907 2370 943 2420 ἢ·
965 2377 1070 2422 post
1098 2382 1208 2411 uero
1240 2371 1489 2423 plurimum
1517 2371 1745 2412 consolati
1774 2373 1897 2424 quod

270 2454 373 2482 eum
395 2455 486 2483 non
509 2450 604 2483 tam
628 2442 861 2491 amisisse,
893 2454 1033 2493 quam
1062 2442 1120 2482 ad
1151 2441 1386 2482 Christum
1414 2442 1714 2494 praemisisse
1740 2442 1896 2483 uidea-

269 2525 391 2564 mur,
417 2525 505 2565 quo
528 2520 571 2553 et
603 2514 702 2565 ipse
732 2513 989 2564 praemium
1020 2512 1192 2552 laboris
1221 2512 1471 2564 reciperet,
1507 2520 1551 2553 et
1581 2513 1715 2554 nobis
1742 2515 1893 2554 locum

272 2592 590 2635 praepararet,
615 2585 909 2635 gratiamque
937 2583 1200 2624 uberiorem
1221 2583 1504 2634 impetraret.

352 2655 581 2705 Quoniam
604 2661 757 2695 autem
780 2661 960 2705 tempus
981 2653 1334 2704 appropinquat
1355 2653 1386 2704 ³,
1408 2665 1498 2705 quo
1517 2653 1569 2693 R.
1590 2654 1641 2694 T.
1666 2654 1720 2694 de
1742 2653 1895 2695 fructu

323 2790 333 2809 ¹
372 2791 631 2824 Autographae‚
648 2790 726 2817 olim
743 2790 774 2816 in
787 2790 854 2816 vol.
874 2789 1087 2816 Germaniae
1103 2788 1283 2820 Epistolae
1307 2789 1450 2821 mixlae,
1473 2788 1548 2821 VII,
1562 2789 1594 2816 in
1616 2789 1829 2824 quadruplici
1851 2790 1895 2818 fo-

270 2838 323 2869 lio,
340 2845 394 2865 nn.
410 2837 557 2871 antiquis
571 2838 700 2871 275-277‚
717 2837 965 2864 recentioribus
978 2836 1109 2869 335-338,
1126 2843 1211 2863 nunc
1228 2841 1341 2863 autem
1357 2836 1397 2863 N.
1414 2838 1437 2863 1.
1452 2836 1571 2868 Quarti
1584 2837 1653 2863 solii
1666 2836 1775 2871 prima
1788 2838 1893 2865 facies

270 2885 375 2912 nitida
391 2890 453 2919 est,
469 2886 580 2912 altera
596 2889 727 2912 tantum
742 2885 891 2911 continet
908 2884 1241 2918 superscriptionem.
1257 2883 1372 2911 Pauca
1387 2884 1419 2910 in
1436 2884 1475 2910 iis
1497 2884 1688 2911 emendavit
1713 2884 1891 2919 Polancus,

267 2940 353 2966 quae
369 2940 428 2959 nos
443 2939 503 2966 pro
519 2939 610 2959 more
627 2932 860 2959 indicabimus.

321 2982 334 2999 ²
372 2980 583 3008 absentiam.
600 2978 789 3006 Pomxcus.

321 3027 334 3046 -'¹
374 3027 518 3055 accedit.
535 3026 581 3053 10.
