2020 3342
211 237 282 275 698
828 236 1058 272 APPENDIX
1085 245 1219 271 PRnuA

214 334 354 374 aedes
388 333 578 384 triginta
610 333 747 381 mille,
777 339 828 371 vt
854 332 999 382 aiunt,
1029 330 1197 371 aureis.
1233 330 1550 370 Constituerat
1582 337 1830 382 praeterea

213 405 368 445 animo
390 416 473 444 suo
494 404 639 444 multa
662 402 752 442 alia
780 402 971 452 donare,
1005 413 1141 453 quem
1173 401 1378 456 animum
1411 412 1492 452 per
1525 403 1695 441 multos
1729 401 1828 442 dies

210 488 304 517 non
337 473 570 526 patefecit,
608 480 705 512 tum
738 479 787 512 ut
822 478 948 512 certo
979 472 1101 512 illius
1131 472 1385 512 voluntatis
1415 472 1557 512 motio
1593 476 1830 511 constaret

211 547 319 596 sibi,
356 552 453 585 tum
480 553 530 584 ut
557 543 784 595 quosdam
811 545 1072 583 consuleret
1101 543 1490 593 consanguineos.
1521 542 1748 593 Quamuis
1774 554 1829 582 eo

210 618 360 657 fuerat
381 617 480 655 zelo
501 614 697 654 aflectus
716 625 913 665 semper,
936 619 987 654 Vt
1007 614 1149 653 nollet
1169 614 1418 664 quicquam
1437 613 1552 653 certi
1583 625 1689 653 cum
1720 613 1829 653 ciui-

209 694 305 727 tate
325 686 374 727 P.
398 686 649 726 Villanoua
671 684 956 734 decerneret,
980 696 1037 724 ne
1058 686 1156 736 ipse
1177 685 1396 724 exclusus
1416 690 1641 724 maneret.
1854 734 1859 740 Δ

165 752 169 756 ’
290 757 499 809 Cumque
519 768 658 808 super
679 756 750 796 his
771 762 899 796 muta
1061 761 1192 795 neret
1215 756 1241 806 ¹,
1264 756 1392 796 venit
1412 755 1597 795 interim
1619 754 1673 796 P.v
1685 754 1722 794 F
1725 766 1832 795 ran-

212 830 379 879 ciscus,
404 828 479 879 qui
501 827 715 867 Corduba
738 827 915 877 aberat,
939 837 1029 878 quo
1051 832 1298 877 praesente
1319 836 1604 877 magnopere
1621 825 1705 865 fuit
1720 825 1831 865 inci-

210 906 351 950 tatus,
370 905 415 939 et
436 910 569 938 suam
596 904 796 937 mentem
817 897 1084 948 explicauit.
1117 897 1291 936 Habuit
1319 897 1523 947 gratiam
1554 896 1602 936 Ρ.
1641 895 1831 936 Franci-

211 982 318 1011 scus
338 971 418 1020 illi,
442 970 533 1020 qui,
558 981 651 1009 non
673 969 923 1008 constituto
945 968 1150 1019 negotiO,
1174 967 1432 1007 Montiliam
1463 967 1548 1008 fuit
1576 967 1828 1018 profectuS.

289 1041 469 1081 Interea
492 1039 657 1079 nobilis
685 1039 898 1079 dominus
927 1039 1131 1091 Joannes
1162 1038 1255 1089 egit
1283 1038 1338 1078 de
1366 1038 1438 1078 his
1466 1050 1571 1078 curn
1599 1038 1829 1089 Magistro

210 1112 365 1161 Auila,
402 1111 534 1150 cuius
569 1111 847 1150 sententiam
874 1121 1057 1161 semper
1083 1109 1269 1160 plurimi
1295 1109 1420 1160 fecit,
1449 1109 1528 1160 qui
1557 1121 1663 1149 cum
1692 1109 1831 1160 pluri-

212 1194 337 1236 mum
358 1195 385 1222 a
405 1188 535 1222 tanto
557 1182 784 1232 Magistro
806 1181 1038 1220 excitatus
1057 1179 1235 1231 fuisset,
1258 1192 1350 1219 non
1371 1180 1520 1231 potuit
1539 1180 1695 1220 facere
1716 1179 1828 1231 quin

211 1253 577 1304 chirographum
599 1252 745 1300 daret,
771 1263 861 1302 quo
883 1263 932 1291 se
955 1251 1094 1291 aedes
1116 1251 1332 1290 daturum
1353 1251 1485 1290 nobis
1507 1251 1828 1302 pollicebatur,

212 1324 462 1365 dummodo
486 1324 652 1363 ciuitas
669 1324 861 1362 annales
879 1322 1104 1373 quosdam
1122 1321 1330 1362 redditus
1346 1322 1404 1361 ab
1422 1334 1475 1361 eo
1493 1322 1713 1373 demeret,
1734 1323 1831 1372 qui-

212 1396 299 1435 bus
319 1395 516 1445 singulis
537 1394 672 1433 annis
689 1399 879 1444 propter
899 1392 1038 1432 aedes
1060 1394 1119 1432 ad
1139 1392 1413 1432 soluendum
1441 1393 1692 1433 adstrictus
1713 1399 1828 1433 erat.

212 1466 270 1506 Et
291 1477 397 1505 cum
418 1476 522 1504 eum
552 1470 678 1504 certa
712 1464 907 1514 pecunia
937 1464 1145 1503 nonnulli
1172 1463 1376 1503 ciuitatis
1401 1463 1744 1514 gubernatores
1771 1465 1829 1504 ab

211 1537 301 1576 illis
317 1536 571 1576 redditibus
584 1535 874 1585 liberassent,
889 1533 1083 1574 Praetor
1099 1534 1112 1552 ²
1128 1535 1269 1574 etiam
1282 1545 1331 1574 se
1344 1535 1403 1574 ad
1418 1534 1619 1586 idipsum
1636 1535 1834 1590 adstrin-

214 1608 373 1657 xisset,
396 1619 490 1646 non
512 1607 739 1646 dubitauit
761 1606 807 1645 id
828 1606 1002 1645 facere:
1026 1617 1115 1656 qua
1137 1605 1322 1656 quidem
1345 1605 1391 1644 in
1411 1617 1461 1645 re
1487 1605 1738 1656 plurimum
1769 1606 1834 1646 iu-

215 1679 279 1718 uit
301 1689 402 1728 nos,
427 1689 562 1729 quem
584 1676 722 1716 Pater
744 1676 994 1716 Villanoua
1014 1676 1061 1715 in
1082 1676 1397 1726 spiritualibus
1414 1683 1690 1716 exercuerat
1707 1675 1735 1716 ⁵.
1755 1676 1834 1716 Vi—

215 1749 390 1800 gilabat
413 1749 598 1788 interim
620 1748 834 1787 dominus
854 1747 1072 1800 Joannes,
1098 1754 1141 1786 et
1163 1753 1341 1787 tantam
1362 1747 1450 1787 Dei
1477 1747 1669 1788 maximi
1701 1748 1833 1788 mise-

217 1820 469 1860 ricordiam
491 1819 788 1869 suspiciebat,
813 1830 917 1857 cum
939 1817 1133 1857 vidisset
1165 1818 1211 1857 in
1246 1819 1341 1857 suis
1376 1818 1566 1858 aedibus
1601 1818 1752 1859 Deum
1787 1820 1835 1859 in

216 1891 420 1930 futurum
456 1901 556 1929 esse
588 1890 888 1939 laudandum,
928 1900 1062 1940 quem
1101 1895 1237 1928 antea
1276 1889 1498 1940 improbis
1537 1890 1671 1940 uiris,
1712 1890 1836 1930 ludis

220 1967 356 2012 atque
378 1961 481 2000 aliis
501 1960 660 2000 mundi
682 1960 909 1999 illecebris
932 1961 1147 2000 eiecerat.
1174 1959 1350 1999 Verum
1372 1966 1501 2000 tanta
1519 1967 1587 2000 est
1604 1960 1692 2000 Dei
1708 1961 1836 2001 boni-

218 2039 303 2082 tas,
326 2038 376 2071 vt
398 2031 444 2070 in
464 2031 592 2081 locis,
617 2031 677 2070 ad
697 2030 934 2070 hominum
956 2030 1227 2070 memoriam
1249 2030 1519 2081 aedificatis,
1553 2042 1719 2082 passus
1740 2031 1836 2071 fue-

214 2102 272 2141 rit
293 2114 342 2142 se
363 2102 557 2141 laudari.

297 2172 387 2213 Sed
408 2179 459 2212 vt
480 2173 535 2212 de
557 2173 747 2212 aedibus
770 2173 937 2220 dicam,
969 2180 1183 2224 poterunt
1214 2173 1400 2224 quidem
1428 2174 1472 2213 in
1502 2174 1568 2213 eis
1596 2174 1835 2215 aedificari

222 2243 454 2283 celebrata
490 2244 702 2293 collegia.
734 2243 874 2282 Dedit
904 2249 1146 2294 praeterea
1177 2243 1391 2284 dominus
1423 2244 1627 2297 Joannes
1658 2256 1835 2293 aream,

221 2314 295 2353 ubi
316 2321 533 2364 poterunt
553 2313 876 2353 Cordubenses
898 2325 982 2353 sua
1010 2314 1258 2365 gymnasia
1287 2315 1583 2354 constituere.
1614 2314 1835 2356 Decreuit

216 2384 405 2435 insuper
426 2385 648 2423 sacellum
669 2384 848 2435 erigere
871 2384 1007 2424 simul
1023 2396 1128 2424 cum
1146 2396 1257 2424 arca
1278 2392 1321 2424 et
1339 2385 1723 2436 clathris-ferreis,
1744 2386 1834 2426 hoc

269 2567 276 2584 ¹
318 2566 453 2593 Attrita
469 2571 519 2592 est
536 2566 601 2599 hic,
618 2574 683 2600 qua
695 2570 793 2600 par-te
810 2567 939 2600 plicata
952 2567 1030 2593 olim
1042 2566 1116 2598 fuit,
1128 2566 1249 2593 charta
1261 2572 1291 2593 et
1305 2567 1543 2594 desiderantur
1563 2569 1746 2595 verborum
1769 2568 1838 2595 fra-

215 2618 364 2646 gmenta,
381 2621 466 2647 quae
482 2621 521 2639 ne
536 2613 718 2640 divinando
734 2613 867 2647 quidem
879 2613 1018 2640 reficere
1035 2615 1200 2640 valemus.
1864 2647 1866 2649 Ι

269 2659 282 2678 2
321 2660 413 2686 Voce
429 2661 492 2687 hac
506 2663 653 2694 praetor
668 2661 907 2694 intelligendus
923 2661 976 2688 hic
992 2662 1086 2688 venit
1103 2661 1240 2688 Consilii
1256 2662 1409 2689 civitatis
1421 2662 1574 2697 Praeoes,
1588 2658 1763 2698 hispanice
1783 2664 1839 2690 Al-

213 2705 327 2733 calde.
343 2707 429 2733 Vide
445 2715 557 2741 supra,
572 2708 779 2741 praesertim
793 2713 816 2734 t.
833 2714 866 2739 11,
882 2716 960 2742 pag.
974 2708 1037 2740 616,
1053 2709 1209 2735 ann01.1.

269 2753 282 2772 ⁵
320 2754 453 2787 Duplex
465 2755 564 2789 hujus
579 2756 768 2782 sententiae
785 2762 902 2782 sensus
919 2763 991 2782 esse
1007 2761 1128 2790 potest.
1145 2756 1232 2784 Nam
1246 2758 1301 2783 vel
1316 2758 1497 2792 respondet
1514 2758 1553 2785 iis
1568 2758 1752 2792 hispanicis
1767 2766 1839 2785 ver-

215 2803 277 2830 bis:
294 2809 335 2827 en
348 2802 379 2827 lo
395 2802 474 2828 cual
489 2803 556 2834 (vel
568 2806 661 2836 para
676 2802 707 2828 lo
722 2802 815 2836 cual)
831 2810 889 2829 nos
905 2803 1019 2837 ayunt&
1036 2803 1157 2830 muclzo
1169 2810 1234 2837 que
1251 2804 1281 2830 el
1296 2804 1333 2831 P.
1358 2803 1565 2831 Vzllanueva
1577 2805 1608 2832 le
1626 2804 1732 2832 habia
1747 2806 1840 2833 (lado

216 2850 268 2876 los
282 2849 474 2882 ejercz'cios,
488 2849 620 2875 veihis:
638 2856 679 2875 eu
695 2850 726 2875 Io
741 2849 1005 2883 cual(ve1parc1
1028 2850 1059 2876 lo
1075 2850 1167 2883 cual)
1183 2858 1243 2878 nos
1266 2851 1381 2885 ayud6
1405 2851 1527 2879 mucho
1542 2859 1621 2886 uno,
1643 2852 1663 2878 ά
1681 2853 1785 2886 quien
1807 2853 1839 2880 el

216 2896 253 2923 P.
277 2895 485 2922 Vz'llanueva
500 2895 606 2922 habia
622 2896 712 2922 dado
728 2896 778 2922 Ios
793 2896 984 2930 esercz'rz'os.
1001 2896 1034 2923 Si
1050 2897 1204 2931 primum,
1220 2904 1298 2924 tunc
1312 2905 1408 2932 quem
1420 2898 1455 2924 P.
1473 2898 1680 2926 Villanueva
1692 2899 1725 2926 in
1738 2900 1838 2932 spiri-

213 2943 364 2970 tualibus
379 2948 590 2977 exercuerat,
612 2948 664 2970 est
680 2944 749 2977 ipse
766 2943 919 2977 Praetor;
936 2944 962 2970 si
977 2945 1171 2974 secundum.
1186 2944 1282 2972 alius.
1297 2945 1382 2972 Uter
1397 2950 1511 2972 autem
1525 2945 1645 2973 horum
1662 2942 1836 2980 eligendu's

214 2991 272 3021 sit.
294 2990 370 3016 dum
385 2990 563 3024 hispanum
579 2991 771 3018 litterarum
794 2993 984 3026 exemplum
999 2992 1225 3026 desideratur,
1246 2988 1422 3021 nescimus.
1445 2992 1561 3020 Latini
1582 2992 1716 3027 quidem
1736 2993 1836 3028 hujus

218 3038 365 3072 exempli
381 3038 536 3073 syntaxis
551 3038 696 3065 secundo
711 3038 823 3072 potius
838 3038 931 3065 favet
947 3047 1047 3072 quam
1058 3040 1176 3077 primo.
