<?xml version="1.0" encoding="UTF-8"?>
<!DOCTYPE html PUBLIC "-//W3C//DTD XHTML 1.0 Transitional//EN"
    "http://www.w3.org/TR/xhtml1/DTD/xhtml1-transitional.dtd">
<html xmlns="http://www.w3.org/1999/xhtml" xml:lang="en" lang="en">
 <head>
  <title>
</title>
<meta http-equiv="Content-Type" content="text/html;charset=utf-8" />
  <meta name='ocr-system' content='tesseract 3.04.00' />
  <meta name='ocr-capabilities' content='ocr_page ocr_carea ocr_par ocr_line ocrx_word'/>
</head>
<body>
  <div class='ocr_page' id='page_1' title='image "./lta-2000/litteraequadrime16lain/litteraequadrime16lain_0256.png"; bbox 0 0 2020 3342; ppageno 0'>
   <div class='ocr_carea' id='block_1_1' title="bbox 250 272 1364 319">
    <p class='ocr_par' dir='ltr' id='par_1_1' title="bbox 250 272 1364 319">
     <span class='ocr_line' id='line_1_1' title="bbox 250 272 1364 319; baseline 0.003 -9"><span class='ocrx_word' id='word_1_1' title='bbox 250 272 320 311; x_wconf 83' lang='lat'>250</span> <span class='ocrx_word' id='word_1_2' title='bbox 757 276 981 313; x_wconf 81' lang='lat' dir='ltr'>LITTERAE</span> <span class='ocrx_word' id='word_1_3' title='bbox 1007 287 1364 319; x_wconf 67' lang='lat' dir='ltr'>QUADRlMESTREs</span> 
     </span>
    </p>
   </div>
   <div class='ocr_carea' id='block_1_2' title="bbox 241 370 1880 3122">
    <p class='ocr_par' dir='ltr' id='par_1_2' title="bbox 241 370 1872 1490">
     <span class='ocr_line' id='line_1_2' title="bbox 329 370 1867 425; baseline 0.001 -13"><span class='ocrx_word' id='word_1_4' title='bbox 329 370 492 412; x_wconf 84' lang='lat' dir='ltr'>Extitit</span> <span class='ocrx_word' id='word_1_5' title='bbox 522 372 685 411; x_wconf 86' lang='lat' dir='ltr'>mulier</span> <span class='ocrx_word' id='word_1_6' title='bbox 716 373 944 423; x_wconf 98' lang='lat' dir='ltr'>quaedam</span> <span class='ocrx_word' id='word_1_7' title='bbox 975 373 1117 412; x_wconf 89' lang='lat' dir='ltr'>tantis</span> <span class='ocrx_word' id='word_1_8' title='bbox 1147 379 1312 413; x_wconf 89' lang='lat' dir='ltr'>onusta</span> <span class='ocrx_word' id='word_1_9' title='bbox 1353 386 1406 412; x_wconf 79' lang='lat' dir='ltr'>ac</span> <span class='ocrx_word' id='word_1_10' title='bbox 1437 374 1616 414; x_wconf 88' lang='lat' dir='ltr'>irretita</span> <span class='ocrx_word' id='word_1_11' title='bbox 1647 374 1867 425; x_wconf 84' lang='lat' dir='ltr'>peccatis,</span> 
     </span>
     <span class='ocr_line' id='line_1_3' title="bbox 251 442 1868 496; baseline 0.001 -14"><span class='ocrx_word' id='word_1_12' title='bbox 251 442 436 494; x_wconf 89' lang='lat' dir='ltr'>quantis</span> <span class='ocrx_word' id='word_1_13' title='bbox 457 443 573 482; x_wconf 89' lang='lat' dir='ltr'>solet</span> <span class='ocrx_word' id='word_1_14' title='bbox 594 443 855 483; x_wconf 84' lang='lat' dir='ltr'>miserrima</span> <span class='ocrx_word' id='word_1_15' title='bbox 883 443 1005 483; x_wconf 88' lang='lat' dir='ltr'>illius</span> <span class='ocrx_word' id='word_1_16' title='bbox 1032 445 1295 495; x_wconf 87' lang='lat' dir='ltr'>peccatoris</span> <span class='ocrx_word' id='word_1_17' title='bbox 1323 444 1498 495; x_wconf 88' lang='lat' dir='ltr'>anima,</span> <span class='ocrx_word' id='word_1_18' title='bbox 1522 445 1600 496; x_wconf 92' lang='lat' dir='ltr'>qui</span> <span class='ocrx_word' id='word_1_19' title='bbox 1620 444 1668 484; x_wconf 91' lang='lat' dir='ltr'>in</span> <span class='ocrx_word' id='word_1_20' title='bbox 1688 444 1868 484; x_wconf 86' lang='lat' dir='ltr'>uniuer-</span> 
     </span>
     <span class='ocr_line' id='line_1_4' title="bbox 251 514 1866 566; baseline 0.001 -13"><span class='ocrx_word' id='word_1_21' title='bbox 251 525 305 554; x_wconf 83' lang='lat' dir='ltr'>sa</span> <span class='ocrx_word' id='word_1_22' title='bbox 326 520 627 565; x_wconf 88' lang='lat' dir='ltr'>peccatorum</span> <span class='ocrx_word' id='word_1_23' title='bbox 647 525 821 566; x_wconf 82' lang='lat' dir='ltr'>genera</span> <span class='ocrx_word' id='word_1_24' title='bbox 850 526 1097 566; x_wconf 86' lang='lat' dir='ltr'>praeceps,</span> <span class='ocrx_word' id='word_1_25' title='bbox 1122 514 1210 555; x_wconf 88' lang='lat' dir='ltr'>Dei</span> <span class='ocrx_word' id='word_1_26' title='bbox 1231 516 1438 555; x_wconf 87' lang='lat' dir='ltr'>bonitate</span> <span class='ocrx_word' id='word_1_27' title='bbox 1467 527 1521 555; x_wconf 89' lang='lat' dir='ltr'>ac</span> <span class='ocrx_word' id='word_1_28' title='bbox 1549 514 1722 555; x_wconf 89' lang='lat' dir='ltr'>iustitia</span> <span class='ocrx_word' id='word_1_29' title='bbox 1744 525 1866 566; x_wconf 87' lang='lat' dir='ltr'>spre-</span> 
     </span>
     <span class='ocr_line' id='line_1_5' title="bbox 251 585 1868 637; baseline 0.001 -13"><span class='ocrx_word' id='word_1_30' title='bbox 251 591 321 635; x_wconf 87' lang='lat' dir='ltr'>ta,</span> <span class='ocrx_word' id='word_1_31' title='bbox 362 585 500 624; x_wconf 86' lang='lat' dir='ltr'>finem</span> <span class='ocrx_word' id='word_1_32' title='bbox 538 586 747 636; x_wconf 85' lang='lat' dir='ltr'>peccatis</span> <span class='ocrx_word' id='word_1_33' title='bbox 782 597 1018 637; x_wconf 84' lang='lat' dir='ltr'>nunquam</span> <span class='ocrx_word' id='word_1_34' title='bbox 1055 586 1280 637; x_wconf 78' lang='lat' dir='ltr'>imponit,</span> <span class='ocrx_word' id='word_1_35' title='bbox 1319 586 1524 637; x_wconf 83' lang='lat' dir='ltr'>quinimo</span> <span class='ocrx_word' id='word_1_36' title='bbox 1559 586 1784 626; x_wconf 86' lang='lat' dir='ltr'>maiorem</span> <span class='ocrx_word' id='word_1_37' title='bbox 1821 585 1868 625; x_wconf 92' lang='lat' dir='ltr'>in</span> 
     </span>
     <span class='ocr_line' id='line_1_6' title="bbox 252 656 1867 708; baseline 0.001 -13"><span class='ocrx_word' id='word_1_38' title='bbox 252 656 349 696; x_wconf 90' lang='lat' dir='ltr'>dies</span> <span class='ocrx_word' id='word_1_39' title='bbox 376 656 487 696; x_wconf 88' lang='lat' dir='ltr'>facit</span> <span class='ocrx_word' id='word_1_40' title='bbox 515 657 857 707; x_wconf 73' lang='lat' dir='ltr'>accessionem,</span> <span class='ocrx_word' id='word_1_41' title='bbox 888 657 1225 697; x_wconf 87' lang='lat' dir='ltr'>accumulando</span> <span class='ocrx_word' id='word_1_42' title='bbox 1253 662 1445 708; x_wconf 89' lang='lat' dir='ltr'>peccata</span> <span class='ocrx_word' id='word_1_43' title='bbox 1473 658 1698 708; x_wconf 88' lang='lat' dir='ltr'>peccatis;</span> <span class='ocrx_word' id='word_1_44' title='bbox 1729 661 1773 696; x_wconf 85' lang='lat' dir='ltr'>et</span> <span class='ocrx_word' id='word_1_45' title='bbox 1803 661 1867 697; x_wconf 87' lang='lat' dir='ltr'>ta-</span> 
     </span>
     <span class='ocr_line' id='line_1_7' title="bbox 251 727 1870 779; baseline 0.001 -13"><span class='ocrx_word' id='word_1_46' title='bbox 251 738 355 766; x_wconf 92' lang='lat' dir='ltr'>men</span> <span class='ocrx_word' id='word_1_47' title='bbox 377 739 459 778; x_wconf 92' lang='lat' dir='ltr'>per</span> <span class='ocrx_word' id='word_1_48' title='bbox 486 727 808 778; x_wconf 86' lang='lat' dir='ltr'>longissimum</span> <span class='ocrx_word' id='word_1_49' title='bbox 836 728 1028 778; x_wconf 80' lang='lat' dir='ltr'>triginta</span> <span class='ocrx_word' id='word_1_50' title='bbox 1057 740 1285 768; x_wconf 88' lang='lat' dir='ltr'>annorum</span> <span class='ocrx_word' id='word_1_51' title='bbox 1311 729 1512 779; x_wconf 84' lang='lat' dir='ltr'>spatium</span> <span class='ocrx_word' id='word_1_52' title='bbox 1541 728 1754 768; x_wconf 88' lang='lat' dir='ltr'>confessa</span> <span class='ocrx_word' id='word_1_53' title='bbox 1775 740 1870 768; x_wconf 90' lang='lat' dir='ltr'>non</span> 
     </span>
     <span class='ocr_line' id='line_1_8' title="bbox 241 798 1870 851; baseline 0.001 -14"><span class='ocrx_word' id='word_1_54' title='bbox 241 798 428 849; x_wconf 69' lang='lat' dir='ltr'>fuerat.</span> <span class='ocrx_word' id='word_1_55' title='bbox 453 798 581 838; x_wconf 86' lang='lat' dir='ltr'>Haec</span> <span class='ocrx_word' id='word_1_56' title='bbox 603 799 661 838; x_wconf 85' lang='lat' dir='ltr'>ad</span> <span class='ocrx_word' id='word_1_57' title='bbox 684 799 931 850; x_wconf 89' lang='lat' dir='ltr'>quemdam</span> <span class='ocrx_word' id='word_1_58' title='bbox 953 812 976 838; x_wconf 91' lang='lat' dir='ltr'>e</span> <span class='ocrx_word' id='word_1_59' title='bbox 998 800 1170 839; x_wconf 86' lang='lat' dir='ltr'>nostris</span> <span class='ocrx_word' id='word_1_60' title='bbox 1191 799 1423 849; x_wconf 82' lang='lat' dir='ltr'>Patribus,</span> <span class='ocrx_word' id='word_1_61' title='bbox 1448 805 1663 851; x_wconf 87' lang='lat' dir='ltr'>peccata,</span> <span class='ocrx_word' id='word_1_62' title='bbox 1687 800 1760 839; x_wconf 89' lang='lat' dir='ltr'>uel</span> <span class='ocrx_word' id='word_1_63' title='bbox 1781 799 1870 839; x_wconf 90' lang='lat' dir='ltr'>uir-</span> 
     </span>
     <span class='ocr_line' id='line_1_9' title="bbox 251 869 1871 920; baseline 0.001 -12"><span class='ocrx_word' id='word_1_64' title='bbox 251 874 372 909; x_wconf 90' lang='lat' dir='ltr'>tutes</span> <span class='ocrx_word' id='word_1_65' title='bbox 403 869 574 920; x_wconf 88' lang='lat' dir='ltr'>potius,</span> <span class='ocrx_word' id='word_1_66' title='bbox 611 881 727 920; x_wconf 82' lang='lat' dir='ltr'>quas</span> <span class='ocrx_word' id='word_1_67' title='bbox 757 870 1028 920; x_wconf 75' lang='lat' dir='ltr'>simulabat,</span> <span class='ocrx_word' id='word_1_68' title='bbox 1059 870 1113 910; x_wconf 91' lang='lat' dir='ltr'>de</span> <span class='ocrx_word' id='word_1_69' title='bbox 1145 882 1272 910; x_wconf 87' lang='lat' dir='ltr'>more</span> <span class='ocrx_word' id='word_1_70' title='bbox 1306 870 1576 911; x_wconf 87' lang='lat' dir='ltr'>confessura</span> <span class='ocrx_word' id='word_1_71' title='bbox 1608 871 1871 919; x_wconf 82' lang='lat' dir='ltr'>accedebat,·</span> 
     </span>
     <span class='ocr_line' id='line_1_10' title="bbox 251 940 1872 993; baseline 0.001 -13"><span class='ocrx_word' id='word_1_72' title='bbox 251 940 332 980; x_wconf 88' lang='lat' dir='ltr'>sed</span> <span class='ocrx_word' id='word_1_73' title='bbox 366 940 582 981; x_wconf 87' lang='lat' dir='ltr'>misertus</span> <span class='ocrx_word' id='word_1_74' title='bbox 616 941 844 981; x_wconf 79' lang='lat' dir='ltr'>Dominus</span> <span class='ocrx_word' id='word_1_75' title='bbox 880 942 1015 981; x_wconf 77' lang='lat' dir='ltr'>liuius</span> <span class='ocrx_word' id='word_1_76' title='bbox 1050 942 1254 993; x_wconf 87' lang='lat' dir='ltr'>animae,</span> <span class='ocrx_word' id='word_1_77' title='bbox 1287 942 1490 993; x_wconf 79' lang='lat' dir='ltr'>gratiam</span> <span class='ocrx_word' id='word_1_78' title='bbox 1521 943 1566 982; x_wconf 90' lang='lat' dir='ltr'>in</span> <span class='ocrx_word' id='word_1_79' title='bbox 1597 942 1872 983; x_wconf 88' lang='lat' dir='ltr'>confessarii</span> 
     </span>
     <span class='ocr_line' id='line_1_11' title="bbox 250 1012 1867 1064; baseline 0.002 -13"><span class='ocrx_word' id='word_1_80' title='bbox 250 1012 385 1052; x_wconf 86' lang='lat' dir='ltr'>labiis</span> <span class='ocrx_word' id='word_1_81' title='bbox 413 1012 641 1063; x_wconf 59' lang='lat' dir='ltr'>diffiniit,</span> <span class='ocrx_word' id='word_1_82' title='bbox 668 1013 746 1064; x_wconf 88' lang='lat' dir='ltr'>qui</span> <span class='ocrx_word' id='word_1_83' title='bbox 773 1013 835 1053; x_wconf 89' lang='lat' dir='ltr'>ita</span> <span class='ocrx_word' id='word_1_84' title='bbox 865 1026 912 1052; x_wconf 86' lang='grc'>56</span> <span class='ocrx_word' id='word_1_85' title='bbox 934 1013 1078 1064; x_wconf 77' lang='lat' dir='ltr'>gessit</span> <span class='ocrx_word' id='word_1_86' title='bbox 1107 1014 1152 1053; x_wconf 90' lang='lat' dir='ltr'>in</span> <span class='ocrx_word' id='word_1_87' title='bbox 1180 1014 1269 1053; x_wconf 89' lang='lat' dir='ltr'>hac</span> <span class='ocrx_word' id='word_1_88' title='bbox 1299 1013 1593 1054; x_wconf 85' lang='lat' dir='ltr'>confessione</span> <span class='ocrx_word' id='word_1_89' title='bbox 1622 1013 1867 1063; x_wconf 88' lang='lat' dir='ltr'>audienda,</span> 
     </span>
     <span class='ocr_line' id='line_1_12' title="bbox 249 1083 1871 1135; baseline 0.002 -13"><span class='ocrx_word' id='word_1_90' title='bbox 249 1090 297 1122; x_wconf 90' lang='lat' dir='ltr'>ut</span> <span class='ocrx_word' id='word_1_91' title='bbox 332 1083 470 1123; x_wconf 83' lang='lat' dir='ltr'>fuerit</span> <span class='ocrx_word' id='word_1_92' title='bbox 506 1095 641 1123; x_wconf 88' lang='lat' dir='ltr'>ouem</span> <span class='ocrx_word' id='word_1_93' title='bbox 675 1083 794 1124; x_wconf 88' lang='lat' dir='ltr'>hanc</span> <span class='ocrx_word' id='word_1_94' title='bbox 829 1084 1058 1135; x_wconf 80' lang='lat' dir='ltr'>perditam</span> <span class='ocrx_word' id='word_1_95' title='bbox 1093 1086 1299 1124; x_wconf 78' lang='lat' dir='ltr'>lucratus</span> <span class='ocrx_word' id='word_1_96' title='bbox 1331 1084 1556 1135; x_wconf 90' lang='lat' dir='ltr'>Domino,</span> <span class='ocrx_word' id='word_1_97' title='bbox 1593 1085 1734 1125; x_wconf 87' lang='lat' dir='ltr'>multo</span> <span class='ocrx_word' id='word_1_98' title='bbox 1765 1096 1871 1125; x_wconf 92' lang='lat' dir='ltr'>cum</span> 
     </span>
     <span class='ocr_line' id='line_1_13' title="bbox 252 1153 1869 1207; baseline 0.002 -14"><span class='ocrx_word' id='word_1_99' title='bbox 252 1153 440 1194; x_wconf 82' lang='lat' dir='ltr'>foenore</span> <span class='ocrx_word' id='word_1_100' title='bbox 470 1166 528 1194; x_wconf 82' lang='lat' dir='ltr'>ex</span> <span class='ocrx_word' id='word_1_101' title='bbox 562 1155 769 1205; x_wconf 87' lang='lat' dir='ltr'>peccatis</span> <span class='ocrx_word' id='word_1_102' title='bbox 796 1160 1055 1206; x_wconf 75' lang='lat' dir='ltr'>reportato,</span> <span class='ocrx_word' id='word_1_103' title='bbox 1086 1161 1135 1195; x_wconf 84' lang='lat' dir='ltr'>vt</span> <span class='ocrx_word' id='word_1_104' title='bbox 1163 1156 1328 1196; x_wconf 86' lang='lat' dir='ltr'>merito</span> <span class='ocrx_word' id='word_1_105' title='bbox 1356 1156 1552 1207; x_wconf 84' lang='lat' dir='ltr'>dubitet,</span> <span class='ocrx_word' id='word_1_106' title='bbox 1584 1168 1692 1196; x_wconf 87' lang='lat' dir='ltr'>num</span> <span class='ocrx_word' id='word_1_107' title='bbox 1721 1156 1869 1196; x_wconf 88' lang='lat' dir='ltr'>maior</span> 
     </span>
     <span class='ocr_line' id='line_1_14' title="bbox 253 1224 1870 1276; baseline 0.001 -12"><span class='ocrx_word' id='word_1_108' title='bbox 253 1224 533 1276; x_wconf 80' lang='lat' dir='ltr'>solidiorque</span> <span class='ocrx_word' id='word_1_109' title='bbox 554 1225 612 1265; x_wconf 88' lang='lat' dir='ltr'>sit</span> <span class='ocrx_word' id='word_1_110' title='bbox 634 1225 770 1265; x_wconf 90' lang='lat' dir='ltr'>modo</span> <span class='ocrx_word' id='word_1_111' title='bbox 792 1227 942 1266; x_wconf 78' lang='lat' dir='ltr'>virtus</span> <span class='ocrx_word' id='word_1_112' title='bbox 963 1226 1081 1276; x_wconf 81' lang='lat' dir='ltr'>eius,</span> <span class='ocrx_word' id='word_1_113' title='bbox 1104 1238 1165 1266; x_wconf 74' lang='lat' dir='ltr'>aiz</span> <span class='ocrx_word' id='word_1_114' title='bbox 1187 1232 1430 1267; x_wconf 71' lang='lat' dir='ltr'>anteactae</span> <span class='ocrx_word' id='word_1_115' title='bbox 1451 1227 1573 1267; x_wconf 86' lang='lat' dir='ltr'>uitae</span> <span class='ocrx_word' id='word_1_116' title='bbox 1596 1227 1728 1267; x_wconf 77' lang='lat' dir='ltr'>uitia.</span> <span class='ocrx_word' id='word_1_117' title='bbox 1752 1227 1870 1267; x_wconf 85' lang='lat' dir='ltr'>Tan-</span> 
     </span>
     <span class='ocr_line' id='line_1_15' title="bbox 252 1296 1870 1349; baseline 0.001 -14"><span class='ocrx_word' id='word_1_118' title='bbox 252 1302 298 1335; x_wconf 88' lang='lat' dir='ltr'>ta</span> <span class='ocrx_word' id='word_1_119' title='bbox 319 1299 474 1335; x_wconf 80' lang='lat' dir='ltr'>autem</span> <span class='ocrx_word' id='word_1_120' title='bbox 496 1296 594 1336; x_wconf 89' lang='lat' dir='ltr'>cius</span> <span class='ocrx_word' id='word_1_121' title='bbox 616 1296 820 1336; x_wconf 87' lang='lat' dir='ltr'>animum</span> <span class='ocrx_word' id='word_1_122' title='bbox 843 1308 1031 1336; x_wconf 83' lang='lat' dir='ltr'>suorum</span> <span class='ocrx_word' id='word_1_123' title='bbox 1054 1303 1353 1348; x_wconf 86' lang='lat' dir='ltr'>peccatorum</span> <span class='ocrx_word' id='word_1_124' title='bbox 1376 1298 1624 1349; x_wconf 77' lang='lat' dir='ltr'>poenitudo</span> <span class='ocrx_word' id='word_1_125' title='bbox 1648 1297 1803 1348; x_wconf 89' lang='lat' dir='ltr'>subiit,</span> <span class='ocrx_word' id='word_1_126' title='bbox 1823 1304 1870 1337; x_wconf 89' lang='lat' dir='ltr'>ut</span> 
     </span>
     <span class='ocr_line' id='line_1_16' title="bbox 253 1367 1870 1420; baseline 0.001 -14"><span class='ocrx_word' id='word_1_127' title='bbox 253 1367 352 1416; x_wconf 80' lang='lat' dir='ltr'>vix,</span> <span class='ocrx_word' id='word_1_128' title='bbox 377 1367 454 1418; x_wconf 89' lang='lat' dir='ltr'>qui</span> <span class='ocrx_word' id='word_1_129' title='bbox 475 1379 578 1407; x_wconf 90' lang='lat' dir='ltr'>eam</span> <span class='ocrx_word' id='word_1_130' title='bbox 599 1367 894 1407; x_wconf 87' lang='lat' dir='ltr'>confitentem</span> <span class='ocrx_word' id='word_1_131' title='bbox 916 1368 1178 1417; x_wconf 84' lang='lat' dir='ltr'>audiuerat,</span> <span class='ocrx_word' id='word_1_132' title='bbox 1204 1369 1403 1419; x_wconf 78' lang='lat' dir='ltr'>potuerit</span> <span class='ocrx_word' id='word_1_133' title='bbox 1425 1369 1466 1408; x_wconf 88' lang='lat' dir='ltr'>ei</span> <span class='ocrx_word' id='word_1_134' title='bbox 1489 1369 1737 1419; x_wconf 87' lang='lat' dir='ltr'>obsistere,</span> <span class='ocrx_word' id='word_1_135' title='bbox 1760 1368 1870 1420; x_wconf 86' lang='lat' dir='ltr'>quin</span> 
     </span>
     <span class='ocr_line' id='line_1_17' title="bbox 255 1437 1629 1490; baseline 0.001 -13"><span class='ocrx_word' id='word_1_136' title='bbox 255 1449 337 1489; x_wconf 88' lang='lat' dir='ltr'>per</span> <span class='ocrx_word' id='word_1_137' title='bbox 359 1437 488 1478; x_wconf 90' lang='lat' dir='ltr'>uicos</span> <span class='ocrx_word' id='word_1_138' title='bbox 509 1443 552 1477; x_wconf 87' lang='grc'>61</span> <span class='ocrx_word' id='word_1_139' title='bbox 574 1438 754 1489; x_wconf 77' lang='lat' dir='ltr'>plateas</span> <span class='ocrx_word' id='word_1_140' title='bbox 777 1438 959 1489; x_wconf 87' lang='lat' dir='ltr'>publice</span> <span class='ocrx_word' id='word_1_141' title='bbox 982 1444 1173 1489; x_wconf 88' lang='lat' dir='ltr'>peccata</span> <span class='ocrx_word' id='word_1_142' title='bbox 1197 1451 1280 1479; x_wconf 90' lang='lat' dir='ltr'>sua</span> <span class='ocrx_word' id='word_1_143' title='bbox 1302 1440 1629 1490; x_wconf 74' lang='lat' dir='ltr'>proclamaret.</span> 
     </span>
    </p>

    <p class='ocr_par' dir='ltr' id='par_1_3' title="bbox 252 1508 1874 2259">
     <span class='ocr_line' id='line_1_18' title="bbox 331 1508 1871 1560; baseline 0.001 -11"><span class='ocrx_word' id='word_1_144' title='bbox 331 1508 405 1549; x_wconf 89' lang='lat' dir='ltr'>Ad</span> <span class='ocrx_word' id='word_1_145' title='bbox 433 1509 656 1549; x_wconf 83' lang='lat' dir='ltr'>exercitia</span> <span class='ocrx_word' id='word_1_146' title='bbox 684 1509 945 1560; x_wconf 74' lang='lat' dir='ltr'>spiritualia</span> <span class='ocrx_word' id='word_1_147' title='bbox 972 1516 1077 1549; x_wconf 91' lang='lat' dir='ltr'>sunt</span> <span class='ocrx_word' id='word_1_148' title='bbox 1106 1510 1297 1550; x_wconf 87' lang='lat' dir='ltr'>admissi</span> <span class='ocrx_word' id='word_1_149' title='bbox 1324 1510 1454 1550; x_wconf 88' lang='lat' dir='ltr'>multi</span> <span class='ocrx_word' id='word_1_150' title='bbox 1481 1509 1750 1551; x_wconf 82' lang='lat' dir='ltr'>scholastici</span> <span class='ocrx_word' id='word_1_151' title='bbox 1777 1511 1871 1550; x_wconf 90' lang='lat' dir='ltr'>alii—</span> 
     </span>
     <span class='ocr_line' id='line_1_19' title="bbox 253 1579 1873 1633; baseline 0.001 -13"><span class='ocrx_word' id='word_1_152' title='bbox 253 1591 341 1631; x_wconf 87' lang='lat' dir='ltr'>que</span> <span class='ocrx_word' id='word_1_153' title='bbox 362 1579 578 1631; x_wconf 84' lang='lat' dir='ltr'>gcnerosi</span> <span class='ocrx_word' id='word_1_154' title='bbox 598 1579 709 1630; x_wconf 87' lang='lat' dir='ltr'>uiri,</span> <span class='ocrx_word' id='word_1_155' title='bbox 734 1580 797 1619; x_wconf 89' lang='lat' dir='ltr'>ita</span> <span class='ocrx_word' id='word_1_156' title='bbox 827 1586 875 1619; x_wconf 84' lang='lat' dir='ltr'>vt</span> <span class='ocrx_word' id='word_1_157' title='bbox 903 1581 1076 1620; x_wconf 88' lang='lat' dir='ltr'>nullum</span> <span class='ocrx_word' id='word_1_158' title='bbox 1105 1586 1286 1632; x_wconf 87' lang='lat' dir='ltr'>tempus</span> <span class='ocrx_word' id='word_1_159' title='bbox 1309 1582 1489 1632; x_wconf 87' lang='lat' dir='ltr'>lapsum</span> <span class='ocrx_word' id='word_1_160' title='bbox 1517 1582 1595 1632; x_wconf 90' lang='lat' dir='ltr'>sit,</span> <span class='ocrx_word' id='word_1_161' title='bbox 1619 1582 1664 1621; x_wconf 91' lang='lat' dir='ltr'>in</span> <span class='ocrx_word' id='word_1_162' title='bbox 1686 1593 1777 1633; x_wconf 92' lang='lat' dir='ltr'>quo</span> <span class='ocrx_word' id='word_1_163' title='bbox 1799 1582 1873 1621; x_wconf 91' lang='lat' dir='ltr'>uel</span> 
     </span>
     <span class='ocr_line' id='line_1_20' title="bbox 252 1651 1868 1703; baseline 0.001 -13"><span class='ocrx_word' id='word_1_164' title='bbox 252 1651 478 1702; x_wconf 82' lang='lat' dir='ltr'>quinque,</span> <span class='ocrx_word' id='word_1_165' title='bbox 500 1652 571 1690; x_wconf 89' lang='grc'><strong>1161</strong></span> <span class='ocrx_word' id='word_1_166' title='bbox 593 1662 694 1699; x_wconf 83' lang='lat' dir='ltr'>sex,</span> <span class='ocrx_word' id='word_1_167' title='bbox 726 1657 769 1690; x_wconf 90' lang='lat' dir='ltr'>et</span> <span class='ocrx_word' id='word_1_168' title='bbox 792 1651 846 1690; x_wconf 88' lang='grc'>115</span> <span class='ocrx_word' id='word_1_169' title='bbox 867 1651 1142 1703; x_wconf 81' lang='lat' dir='ltr'>quandoque</span> <span class='ocrx_word' id='word_1_170' title='bbox 1174 1652 1349 1703; x_wconf 85' lang='lat' dir='ltr'>plures,</span> <span class='ocrx_word' id='word_1_171' title='bbox 1373 1664 1465 1692; x_wconf 86' lang='lat' dir='ltr'>non</span> <span class='ocrx_word' id='word_1_172' title='bbox 1495 1652 1585 1692; x_wconf 88' lang='lat' dir='ltr'>sint</span> <span class='ocrx_word' id='word_1_173' title='bbox 1613 1652 1868 1693; x_wconf 71' lang='lat' dir='ltr'>exercitati.</span> 
     </span>
     <span class='ocr_line' id='line_1_21' title="bbox 253 1721 1872 1775; baseline 0.001 -14"><span class='ocrx_word' id='word_1_174' title='bbox 253 1721 387 1772; x_wconf 86' lang='lat' dir='ltr'>Quod</span> <span class='ocrx_word' id='word_1_175' title='bbox 421 1722 458 1761; x_wconf 90' lang='lat' dir='ltr'>si</span> <span class='ocrx_word' id='word_1_176' title='bbox 494 1722 902 1773; x_wconf 87' lang='lat' dir='ltr'>occupationibus,</span> <span class='ocrx_word' id='word_1_177' title='bbox 941 1723 1107 1773; x_wconf 89' lang='lat' dir='ltr'>quibus</span> <span class='ocrx_word' id='word_1_178' title='bbox 1139 1723 1455 1774; x_wconf 88' lang='lat' dir='ltr'>implicamur,</span> <span class='ocrx_word' id='word_1_179' title='bbox 1480 1723 1872 1775; x_wconf 63' lang='lat' dir='ltr'>relaxariposse-</span> 
     </span>
     <span class='ocr_line' id='line_1_22' title="bbox 252 1792 1873 1845; baseline 0.001 -13"><span class='ocrx_word' id='word_1_180' title='bbox 252 1804 377 1842; x_wconf 92' lang='lat' dir='ltr'>mus,</span> <span class='ocrx_word' id='word_1_181' title='bbox 415 1792 770 1832; x_wconf 72' lang='lat' dir='ltr'>admitteremus</span> <span class='ocrx_word' id='word_1_182' title='bbox 807 1792 931 1833; x_wconf 91' lang='lat' dir='ltr'>haud</span> <span class='ocrx_word' id='word_1_183' title='bbox 965 1793 1100 1833; x_wconf 89' lang='lat' dir='ltr'>dubie</span> <span class='ocrx_word' id='word_1_184' title='bbox 1135 1794 1278 1833; x_wconf 90' lang='lat' dir='ltr'>multo</span> <span class='ocrx_word' id='word_1_185' title='bbox 1313 1795 1482 1845; x_wconf 88' lang='lat' dir='ltr'>plures.</span> <span class='ocrx_word' id='word_1_186' title='bbox 1519 1794 1728 1845; x_wconf 84' lang='lat' dir='ltr'>Quantos</span> <span class='ocrx_word' id='word_1_187' title='bbox 1761 1805 1873 1834; x_wconf 89' lang='lat' dir='ltr'>uero</span> 
     </span>
     <span class='ocr_line' id='line_1_23' title="bbox 254 1864 1873 1917; baseline 0.001 -13"><span class='ocrx_word' id='word_1_188' title='bbox 254 1864 491 1915; x_wconf 85' lang='lat' dir='ltr'>profectus</span> <span class='ocrx_word' id='word_1_189' title='bbox 512 1864 559 1904; x_wconf 91' lang='lat' dir='ltr'>in</span> <span class='ocrx_word' id='word_1_190' title='bbox 586 1864 822 1904; x_wconf 77' lang='lat' dir='ltr'>exercitiis</span> <span class='ocrx_word' id='word_1_191' title='bbox 842 1864 918 1903; x_wconf 78' lang='lat' dir='ltr'>illi</span> <span class='ocrx_word' id='word_1_192' title='bbox 940 1864 1154 1914; x_wconf 77' lang='lat' dir='ltr'>fecerint,</span> <span class='ocrx_word' id='word_1_193' title='bbox 1184 1872 1498 1916; x_wconf 85' lang='lat' dir='ltr'>quantumque</span> <span class='ocrx_word' id='word_1_194' title='bbox 1526 1866 1738 1917; x_wconf 88' lang='lat' dir='ltr'>spiritum</span> <span class='ocrx_word' id='word_1_195' title='bbox 1768 1865 1873 1906; x_wconf 85' lang='lat' dir='ltr'>inde</span> 
     </span>
     <span class='ocr_line' id='line_1_24' title="bbox 254 1935 1873 1987; baseline 0.001 -12"><span class='ocrx_word' id='word_1_196' title='bbox 254 1935 515 1984; x_wconf 87' lang='lat' dir='ltr'>hauserint,</span> <span class='ocrx_word' id='word_1_197' title='bbox 548 1935 835 1975; x_wconf 86' lang='lat' dir='ltr'>demonstrat</span> <span class='ocrx_word' id='word_1_198' title='bbox 871 1947 1073 1985; x_wconf 88' lang='lat' dir='ltr'>summa,</span> <span class='ocrx_word' id='word_1_199' title='bbox 1112 1947 1202 1987; x_wconf 90' lang='lat' dir='ltr'>qua</span> <span class='ocrx_word' id='word_1_200' title='bbox 1237 1936 1373 1976; x_wconf 90' lang='lat' dir='ltr'>modo</span> <span class='ocrx_word' id='word_1_201' title='bbox 1409 1942 1536 1986; x_wconf 87' lang='lat' dir='ltr'>sunt,</span> <span class='ocrx_word' id='word_1_202' title='bbox 1575 1948 1686 1987; x_wconf 85' lang='lat' dir='ltr'>erga</span> <span class='ocrx_word' id='word_1_203' title='bbox 1723 1936 1873 1976; x_wconf 91' lang='lat' dir='ltr'>Deum</span> 
     </span>
     <span class='ocr_line' id='line_1_25' title="bbox 253 2006 1873 2058; baseline 0.001 -12"><span class='ocrx_word' id='word_1_204' title='bbox 253 2007 423 2058; x_wconf 90' lang='lat' dir='ltr'>pietas,</span> <span class='ocrx_word' id='word_1_205' title='bbox 452 2018 507 2046; x_wconf 89' lang='lat' dir='ltr'>ac</span> <span class='ocrx_word' id='word_1_206' title='bbox 532 2006 689 2046; x_wconf 86' lang='lat' dir='ltr'>feruor</span> <span class='ocrx_word' id='word_1_207' title='bbox 722 2006 769 2046; x_wconf 90' lang='lat' dir='ltr'>in</span> <span class='ocrx_word' id='word_1_208' title='bbox 804 2006 988 2046; x_wconf 90' lang='lat' dir='ltr'>diuinae</span> <span class='ocrx_word' id='word_1_209' title='bbox 1022 2006 1138 2057; x_wconf 84' lang='lat' dir='ltr'>legis</span> <span class='ocrx_word' id='word_1_210' title='bbox 1166 2007 1512 2058; x_wconf 86' lang='lat' dir='ltr'>obseruatione,</span> <span class='ocrx_word' id='word_1_211' title='bbox 1543 2007 1758 2058; x_wconf 91' lang='lat' dir='ltr'>omnique</span> <span class='ocrx_word' id='word_1_212' title='bbox 1785 2008 1873 2047; x_wconf 87' lang='lat' dir='ltr'>uir-</span> 
     </span>
     <span class='ocr_line' id='line_1_26' title="bbox 254 2077 1872 2130; baseline 0.001 -14"><span class='ocrx_word' id='word_1_213' title='bbox 254 2083 352 2117; x_wconf 89' lang='lat' dir='ltr'>tute</span> <span class='ocrx_word' id='word_1_214' title='bbox 373 2077 609 2125; x_wconf 89' lang='lat' dir='ltr'>sectanda,</span> <span class='ocrx_word' id='word_1_215' title='bbox 634 2082 683 2116; x_wconf 83' lang='lat' dir='ltr'>vt</span> <span class='ocrx_word' id='word_1_216' title='bbox 705 2077 781 2127; x_wconf 92' lang='lat' dir='ltr'>qui</span> <span class='ocrx_word' id='word_1_217' title='bbox 803 2077 948 2117; x_wconf 82' lang='lat' dir='ltr'>vitam</span> <span class='ocrx_word' id='word_1_218' title='bbox 971 2083 1330 2128; x_wconf 84' lang='lat' dir='ltr'>consequentem</span> <span class='ocrx_word' id='word_1_219' title='bbox 1354 2084 1597 2118; x_wconf 87' lang='lat' dir='ltr'>anteactae</span> <span class='ocrx_word' id='word_1_220' title='bbox 1619 2083 1872 2130; x_wconf 90' lang='lat' dir='ltr'>comparet,</span> 
     </span>
     <span class='ocr_line' id='line_1_27' title="bbox 255 2147 1874 2198; baseline 0.001 -10"><span class='ocrx_word' id='word_1_221' title='bbox 255 2148 391 2188; x_wconf 88' lang='lat' dir='ltr'>facile</span> <span class='ocrx_word' id='word_1_222' title='bbox 426 2148 654 2198; x_wconf 84' lang='lat' dir='ltr'>intelligat</span> <span class='ocrx_word' id='word_1_223' title='bbox 689 2148 895 2188; x_wconf 90' lang='lat' dir='ltr'>diuinam</span> <span class='ocrx_word' id='word_1_224' title='bbox 930 2148 993 2188; x_wconf 89' lang='lat' dir='ltr'>ibi</span> <span class='ocrx_word' id='word_1_225' title='bbox 1026 2148 1230 2188; x_wconf 81' lang='lat' dir='ltr'>adfuisse</span> <span class='ocrx_word' id='word_1_226' title='bbox 1262 2147 1482 2189; x_wconf 84' lang='lat' dir='ltr'>dexterae</span> <span class='ocrx_word' id='word_1_227' title='bbox 1516 2149 1701 2190; x_wconf 75' lang='lat' dir='ltr'>Excelsi</span> <span class='ocrx_word' id='word_1_228' title='bbox 1732 2154 1874 2190; x_wconf 87' lang='lat' dir='ltr'>muta-</span> 
     </span>
     <span class='ocr_line' id='line_1_28' title="bbox 255 2219 442 2259; baseline -0.011 -1"><span class='ocrx_word' id='word_1_229' title='bbox 255 2219 442 2259; x_wconf 91' lang='lat' dir='ltr'>tionem.</span> 
     </span>
    </p>

    <p class='ocr_par' dir='ltr' id='par_1_4' title="bbox 254 2282 1879 2908">
     <span class='ocr_line' id='line_1_29' title="bbox 334 2282 1875 2343; baseline 0 -13"><span class='ocrx_word' id='word_1_230' title='bbox 334 2290 408 2330; x_wconf 86' lang='lat' dir='ltr'>Ad</span> <span class='ocrx_word' id='word_1_231' title='bbox 431 2282 711 2330; x_wconf 84' lang='lat' dir='ltr'>Societatem</span> <span class='ocrx_word' id='word_1_232' title='bbox 734 2291 923 2331; x_wconf 89' lang='lat' dir='ltr'>admissi</span> <span class='ocrx_word' id='word_1_233' title='bbox 945 2298 1065 2341; x_wconf 90' lang='lat' dir='ltr'>sunt,</span> <span class='ocrx_word' id='word_1_234' title='bbox 1090 2298 1289 2343; x_wconf 86' lang='lat' dir='ltr'>quatuor</span> <span class='ocrx_word' id='word_1_235' title='bbox 1310 2292 1365 2332; x_wconf 93' lang='lat' dir='ltr'>iis</span> <span class='ocrx_word' id='word_1_236' title='bbox 1386 2292 1635 2342; x_wconf 89' lang='lat' dir='ltr'>mensibus,</span> <span class='ocrx_word' id='word_1_237' title='bbox 1659 2297 1875 2343; x_wconf 88' lang='lat' dir='ltr'>quatuor-</span> 
     </span>
     <span class='ocr_line' id='line_1_30' title="bbox 255 2361 1875 2414; baseline 0 -13"><span class='ocrx_word' id='word_1_238' title='bbox 255 2361 405 2401; x_wconf 89' lang='lat' dir='ltr'>decim</span> <span class='ocrx_word' id='word_1_239' title='bbox 426 2361 714 2409; x_wconf 89' lang='lat' dir='ltr'>scholastici,</span> <span class='ocrx_word' id='word_1_240' title='bbox 739 2367 925 2413; x_wconf 89' lang='lat' dir='ltr'>praeter</span> <span class='ocrx_word' id='word_1_241' title='bbox 947 2363 1192 2402; x_wconf 87' lang='lat' dir='ltr'>nonnullos</span> <span class='ocrx_word' id='word_1_242' title='bbox 1220 2363 1355 2412; x_wconf 87' lang='lat' dir='ltr'>alios,</span> <span class='ocrx_word' id='word_1_243' title='bbox 1380 2363 1457 2414; x_wconf 90' lang='lat' dir='ltr'>qui</span> <span class='ocrx_word' id='word_1_244' title='bbox 1477 2362 1525 2401; x_wconf 76' lang='lat' dir='ltr'>id</span> <span class='ocrx_word' id='word_1_245' title='bbox 1544 2362 1701 2413; x_wconf 78' lang='lat' dir='ltr'>ipsum</span> <span class='ocrx_word' id='word_1_246' title='bbox 1723 2367 1875 2413; x_wconf 88' lang='lat' dir='ltr'>postu—</span> 
     </span>
     <span class='ocr_line' id='line_1_31' title="bbox 254 2432 1876 2483; baseline 0 -12"><span class='ocrx_word' id='word_1_247' title='bbox 254 2433 372 2481; x_wconf 88' lang='lat' dir='ltr'>lant,</span> <span class='ocrx_word' id='word_1_248' title='bbox 406 2443 490 2472; x_wconf 92' lang='lat' dir='ltr'>suo</span> <span class='ocrx_word' id='word_1_249' title='bbox 526 2437 733 2483; x_wconf 90' lang='lat' dir='ltr'>tempore</span> <span class='ocrx_word' id='word_1_250' title='bbox 769 2432 1074 2483; x_wconf 89' lang='lat' dir='ltr'>recipiendos.</span> <span class='ocrx_word' id='word_1_251' title='bbox 1112 2432 1199 2483; x_wconf 83' lang='lat' dir='ltr'>Qui</span> <span class='ocrx_word' id='word_1_252' title='bbox 1230 2433 1421 2473; x_wconf 88' lang='lat' dir='ltr'>admissi</span> <span class='ocrx_word' id='word_1_253' title='bbox 1450 2438 1577 2482; x_wconf 91' lang='lat' dir='ltr'>sunt,</span> <span class='ocrx_word' id='word_1_254' title='bbox 1607 2433 1662 2472; x_wconf 92' lang='lat' dir='ltr'>iis</span> <span class='ocrx_word' id='word_1_255' title='bbox 1693 2432 1876 2472; x_wconf 89' lang='lat' dir='ltr'>dotibus</span> 
     </span>
     <span class='ocr_line' id='line_1_32' title="bbox 255 2502 1874 2554; baseline 0.001 -13"><span class='ocrx_word' id='word_1_256' title='bbox 255 2508 362 2542; x_wconf 90' lang='lat' dir='ltr'>sunt</span> <span class='ocrx_word' id='word_1_257' title='bbox 383 2503 556 2553; x_wconf 83' lang='lat' dir='ltr'>ornati,</span> <span class='ocrx_word' id='word_1_258' title='bbox 587 2509 635 2543; x_wconf 91' lang='lat' dir='ltr'>ut</span> <span class='ocrx_word' id='word_1_259' title='bbox 665 2514 885 2554; x_wconf 83' lang='lat' dir='ltr'>magnam</span> <span class='ocrx_word' id='word_1_260' title='bbox 916 2502 971 2542; x_wconf 91' lang='lat' dir='ltr'>de</span> <span class='ocrx_word' id='word_1_261' title='bbox 1003 2515 1051 2542; x_wconf 91' lang='lat' dir='ltr'>se</span> <span class='ocrx_word' id='word_1_262' title='bbox 1077 2503 1392 2543; x_wconf 63' lang='lat' dir='ltr'>exmtnnm‘rzt</span> <span class='ocrx_word' id='word_1_263' title='bbox 1421 2503 1470 2542; x_wconf 77' lang='lat' dir='ltr'>iii</span> <span class='ocrx_word' id='word_1_264' title='bbox 1500 2503 1632 2543; x_wconf 89' lang='lat' dir='ltr'>nobis</span> <span class='ocrx_word' id='word_1_265' title='bbox 1662 2509 1874 2554; x_wconf 81' lang='lat' dir='ltr'>expecta-</span> 
     </span>
     <span class='ocr_line' id='line_1_33' title="bbox 255 2572 1875 2624; baseline -0.001 -11"><span class='ocrx_word' id='word_1_266' title='bbox 255 2572 442 2613; x_wconf 86' lang='lat' dir='ltr'>tionem.</span> <span class='ocrx_word' id='word_1_267' title='bbox 473 2573 529 2613; x_wconf 84' lang='lat' dir='ltr'>Et</span> <span class='ocrx_word' id='word_1_268' title='bbox 551 2573 677 2624; x_wconf 88' lang='lat' dir='ltr'>licet,</span> <span class='ocrx_word' id='word_1_269' title='bbox 701 2573 892 2613; x_wconf 88' lang='lat' dir='ltr'>maioris</span> <span class='ocrx_word' id='word_1_270' title='bbox 920 2573 1162 2613; x_wconf 85' lang='lat' dir='ltr'>breuitatis</span> <span class='ocrx_word' id='word_1_271' title='bbox 1189 2574 1366 2624; x_wconf 84' lang='lat' dir='ltr'>gratia,</span> <span class='ocrx_word' id='word_1_272' title='bbox 1397 2574 1507 2614; x_wconf 92' lang='lat' dir='ltr'>illud</span> <span class='ocrx_word' id='word_1_273' title='bbox 1538 2580 1607 2614; x_wconf 89' lang='lat' dir='ltr'>sat</span> <span class='ocrx_word' id='word_1_274' title='bbox 1637 2574 1875 2623; x_wconf 74' lang='lat' dir='ltr'>essetfor-</span> 
     </span>
     <span class='ocr_line' id='line_1_34' title="bbox 256 2643 1877 2694; baseline 0.001 -12"><span class='ocrx_word' id='word_1_275' title='bbox 256 2643 428 2694; x_wconf 85' lang='lat' dir='ltr'>tassis,</span> <span class='ocrx_word' id='word_1_276' title='bbox 456 2644 495 2684; x_wconf 89' lang='grc'>51</span> <span class='ocrx_word' id='word_1_277' title='bbox 527 2645 792 2684; x_wconf 87' lang='lat' dir='ltr'>summatim</span> <span class='ocrx_word' id='word_1_278' title='bbox 821 2644 1022 2684; x_wconf 88' lang='lat' dir='ltr'>dicerem</span> <span class='ocrx_word' id='word_1_279' title='bbox 1051 2643 1138 2683; x_wconf 88' lang='lat' dir='ltr'>hos</span> <span class='ocrx_word' id='word_1_280' title='bbox 1167 2644 1378 2684; x_wconf 89' lang='lat' dir='ltr'>homines</span> <span class='ocrx_word' id='word_1_281' title='bbox 1405 2644 1709 2684; x_wconf 87' lang='lat' dir='ltr'>scholasticos</span> <span class='ocrx_word' id='word_1_282' title='bbox 1735 2643 1877 2683; x_wconf 89' lang='lat' dir='ltr'>fuisse</span> 
     </span>
     <span class='ocr_line' id='line_1_35' title="bbox 257 2715 1878 2766; baseline 0 -13"><span class='ocrx_word' id='word_1_283' title='bbox 257 2725 438 2764; x_wconf 88' lang='lat' dir='ltr'>semper</span> <span class='ocrx_word' id='word_1_284' title='bbox 474 2715 593 2754; x_wconf 88' lang='lat' dir='ltr'>inter</span> <span class='ocrx_word' id='word_1_285' title='bbox 627 2716 801 2766; x_wconf 89' lang='lat' dir='ltr'>primos</span> <span class='ocrx_word' id='word_1_286' title='bbox 835 2715 972 2755; x_wconf 90' lang='lat' dir='ltr'>huius</span> <span class='ocrx_word' id='word_1_287' title='bbox 1006 2715 1289 2755; x_wconf 82' lang='lat' dir='ltr'>Academiae</span> <span class='ocrx_word' id='word_1_288' title='bbox 1325 2721 1637 2766; x_wconf 74' lang='lat' dir='ltr'>computatos,</span> <span class='ocrx_word' id='word_1_289' title='bbox 1675 2715 1783 2765; x_wconf 89' lang='lat' dir='ltr'>quia</span> <span class='ocrx_word' id='word_1_290' title='bbox 1812 2720 1878 2754; x_wconf 90' lang='lat' dir='ltr'>ta-</span> 
     </span>
     <span class='ocr_line' id='line_1_36' title="bbox 257 2784 1879 2835; baseline 0 -11"><span class='ocrx_word' id='word_1_291' title='bbox 257 2797 362 2825; x_wconf 91' lang='lat' dir='ltr'>men</span> <span class='ocrx_word' id='word_1_292' title='bbox 390 2785 671 2825; x_wconf 77' lang='lat' dir='ltr'>obedientiae</span> <span class='ocrx_word' id='word_1_293' title='bbox 705 2786 864 2826; x_wconf 77' lang='lat' dir='ltr'>mimts</span> <span class='ocrx_word' id='word_1_294' title='bbox 897 2785 1190 2835; x_wconf 70' lang='lat' dir='ltr'>satisfecisse</span> <span class='ocrx_word' id='word_1_295' title='bbox 1225 2786 1436 2835; x_wconf 86' lang='lat' dir='ltr'>uidebar,</span> <span class='ocrx_word' id='word_1_296' title='bbox 1470 2786 1557 2825; x_wconf 89' lang='lat' dir='ltr'>nisi</span> <span class='ocrx_word' id='word_1_297' title='bbox 1593 2786 1648 2826; x_wconf 88' lang='lat' dir='ltr'>de</span> <span class='ocrx_word' id='word_1_298' title='bbox 1683 2784 1879 2835; x_wconf 84' lang='lat' dir='ltr'>singulis</span> 
     </span>
     <span class='ocr_line' id='line_1_37' title="bbox 257 2856 1557 2908; baseline 0 -13"><span class='ocrx_word' id='word_1_299' title='bbox 257 2856 563 2906; x_wconf 71' lang='lat' dir='ltr'>attingerem,</span> <span class='ocrx_word' id='word_1_300' title='bbox 586 2862 759 2908; x_wconf 88' lang='lat' dir='ltr'>quanta</span> <span class='ocrx_word' id='word_1_301' title='bbox 782 2863 943 2908; x_wconf 85' lang='lat' dir='ltr'>potero</span> <span class='ocrx_word' id='word_1_302' title='bbox 966 2857 1203 2896; x_wconf 84' lang='lat' dir='ltr'>celeritate</span> <span class='ocrx_word' id='word_1_303' title='bbox 1224 2856 1272 2895; x_wconf 77' lang='lat' dir='ltr'>sd</span> <span class='ocrx_word' id='word_1_304' title='bbox 1287 2857 1557 2907; x_wconf 66' lang='lat' dir='ltr'>praestabo.</span> 
     </span>
    </p>

    <p class='ocr_par' dir='ltr' id='par_1_5' title="bbox 256 2916 1880 3122">
     <span class='ocr_line' id='line_1_38' title="bbox 311 2916 1880 2975; baseline -0.001 -9"><span class='ocrx_word' id='word_1_305' title='bbox 311 2916 318 2922; x_wconf 41' lang='lat'>&#39;¹</span> <span class='ocrx_word' id='word_1_306' title='bbox 337 2926 520 2967; x_wconf 85' lang='lat' dir='ltr'>Primus</span> <span class='ocrx_word' id='word_1_307' title='bbox 541 2927 625 2967; x_wconf 85' lang='lat' dir='ltr'>fuit</span> <span class='ocrx_word' id='word_1_308' title='bbox 645 2927 824 2968; x_wconf 90' lang='lat' dir='ltr'>Doctor</span> <span class='ocrx_word' id='word_1_309' title='bbox 843 2927 965 2966; x_wconf 73' lang='lat' dir='ltr'>iuris</span> <span class='ocrx_word' id='word_1_310' title='bbox 986 2926 1214 2970; x_wconf 73' lang='lat' dir='ltr'>canonici.</span> <span class='ocrx_word' id='word_1_311' title='bbox 1235 2927 1419 2966; x_wconf 88' lang='lat' dir='ltr'>nomine</span> <span class='ocrx_word' id='word_1_312' title='bbox 1449 2926 1704 2975; x_wconf 78' lang='lat' dir='ltr'>Saavedra,</span> <span class='ocrx_word' id='word_1_313' title='bbox 1728 2926 1798 2966; x_wconf 89' lang='lat' dir='ltr'>uir</span> <span class='ocrx_word' id='word_1_314' title='bbox 1819 2925 1880 2964; x_wconf 89' lang='lat' dir='ltr'>iis</span> 
     </span>
     <span class='ocr_line' id='line_1_39' title="bbox 256 2997 1876 3048; baseline -0.001 -11"><span class='ocrx_word' id='word_1_315' title='bbox 256 2997 424 3037; x_wconf 86' lang='lat' dir='ltr'>litteris</span> <span class='ocrx_word' id='word_1_316' title='bbox 455 3009 509 3037; x_wconf 86' lang='lat' dir='ltr'>ac</span> <span class='ocrx_word' id='word_1_317' title='bbox 535 2998 790 3048; x_wconf 83' lang='lat' dir='ltr'>grauitate,</span> <span class='ocrx_word' id='word_1_318' title='bbox 829 3004 877 3037; x_wconf 89' lang='lat' dir='ltr'>ut</span> <span class='ocrx_word' id='word_1_319' title='bbox 910 3009 1003 3037; x_wconf 89' lang='lat' dir='ltr'>non</span> <span class='ocrx_word' id='word_1_320' title='bbox 1038 3008 1213 3048; x_wconf 90' lang='lat' dir='ltr'>paucos</span> <span class='ocrx_word' id='word_1_321' title='bbox 1242 3008 1353 3037; x_wconf 87' lang='lat' dir='ltr'>suae</span> <span class='ocrx_word' id='word_1_322' title='bbox 1383 2997 1619 3037; x_wconf 86' lang='lat' dir='ltr'>facultatis</span> <span class='ocrx_word' id='word_1_323' title='bbox 1647 2997 1876 3044; x_wconf 88' lang='lat' dir='ltr'>doctores,</span> 
     </span>
     <span class='ocr_line' id='line_1_40' title="bbox 258 3066 1878 3122; baseline -0.002 -13"><span class='ocrx_word' id='word_1_324' title='bbox 258 3067 488 3120; x_wconf 78' lang='lat' dir='ltr'>compluti</span> <span class='ocrx_word' id='word_1_325' title='bbox 511 3068 753 3122; x_wconf 82' lang='lat' dir='ltr'>degentes,</span> <span class='ocrx_word' id='word_1_326' title='bbox 778 3067 912 3107; x_wconf 90' lang='lat' dir='ltr'>facile</span> <span class='ocrx_word' id='word_1_327' title='bbox 944 3066 1142 3108; x_wconf 75' lang='lat' dir='ltr'>anteiret</span> <span class='ocrx_word' id='word_1_328' title='bbox 1155 3078 1168 3106; x_wconf 95' lang='grc'>.·</span> <span class='ocrx_word' id='word_1_329' title='bbox 1191 3067 1229 3106; x_wconf 95' lang='lat' dir='ltr'>is</span> <span class='ocrx_word' id='word_1_330' title='bbox 1256 3068 1375 3107; x_wconf 87' lang='lat' dir='ltr'>enim</span> <span class='ocrx_word' id='word_1_331' title='bbox 1400 3075 1521 3116; x_wconf 87' lang='lat' dir='ltr'>erat,</span> <span class='ocrx_word' id='word_1_332' title='bbox 1547 3067 1604 3106; x_wconf 88' lang='lat' dir='ltr'>ad</span> <span class='ocrx_word' id='word_1_333' title='bbox 1626 3077 1762 3118; x_wconf 89' lang='lat' dir='ltr'>quem</span> <span class='ocrx_word' id='word_1_334' title='bbox 1783 3066 1878 3106; x_wconf 81' lang='lat' dir='ltr'>fere</span> 
     </span>
    </p>
   </div>
  </div>
 </body>
</html>
