2020 3342
256 150 327 189 536
765 160 991 189 LITTERAE
1017 161 1374 194 QUADRIMESTRES

260 247 315 288 ab
351 247 657 299 aegritudinis
692 247 737 287 ui
764 246 977 295 recreati,
1009 247 1231 298 optimam
1261 247 1471 298 corporis
1499 247 1875 288 constitutionem

255 325 491 369 reparant:
515 318 637 370 quod
659 318 841 368 quidem
864 324 959 357 tam
981 317 1130 369 rapidi
1152 319 1322 358 caloris
1342 325 1558 369 tempore*
1579 330 1672 358 non
1704 324 1773 358 est
1796 318 1874 359 m-i-

260 389 472 430 randum.

338 459 495 500 Mense
515 460 652 512 Junio
675 459 886 510 publicae
903 459 950 499 in
981 459 1067 499 hoc
1096 460 1293 510 collegio
1322 459 1506 500 habitae
1537 466 1643 500 sunt
1671 460 1875 513 disputa-

260 531 409 571 tiones
430 530 776 579 celeberrimae,
809 530 973 581 quibus
1001 529 1248 570 adfuerunt
1276 531 1418 571 totius
1448 529 1734 572 Academiae
1756 532 1874 583 prin-

260 601 385 652 cipes
420 612 524 640 cum
556 600 808 652 praefecto:
846 600 990 640 adfuit
1025 601 1164 641 etiam
1199 601 1267 641 uir
1302 601 1506 652 quidam,
1538 613 1673 653 quem
1709 602 1808 645 Rex
1829 609 1877 643 ut

259 672 408 722 ipsam
430 671 735 712 Academiam
760 678 1008 711 renouaret
1030 672 1168 712 misit:
1195 672 1362 712 dicitur
1391 672 1637 713 Balthasar
1664 685 1691 712 a
1719 672 1875 723 Faria,

260 743 337 794 qui
353 742 492 783 etiam
513 742 559 782 in
580 743 718 782 istam
740 742 976 782 ciuitatem
996 743 1177 794 legatus
1198 755 1224 782 a
1240 742 1367 794 Rege
1397 744 1565 783 missus
1594 749 1676 784 est:
1707 744 1780 784 hic
1801 755 1878 783 no-

260 814 329 853 bis
350 814 551 853 maxime
568 813 707 862 fauet,
727 812 1098 864 Societatemque
1117 814 1249 853 unice
1266 813 1415 865 diligit
1432 825 1486 853 ac
1504 814 1696 854 charam
1718 814 1873 855 habet.-

261 885 348 936 Qui
370 891 501 924 erant
522 884 801 936 disputaturi
823 884 935 924 satis
957 885 1107 935 parati
1130 891 1370 934 uenerunt,
1395 891 1585 936 propter
1613 885 1876 936 opinionem

261 967 400 1007 quam
420 955 476 995 de
497 955 669 995 nostris
688 961 959 1006 conceptam
978 955 1161 1005 habent,
1180 955 1254 995 cui
1271 967 1363 995 non
1380 955 1676 996 mediocriter
1694 967 1879 1008 respon-

262 1027 441 1066 derunt:
476 1038 635 1066 omnes
665 1026 786 1066 enirn
822 1025 1172 1066 admirabantur
1207 1026 1327 1078 quod
1364 1026 1568 1067 omnium
1603 1032 1879 1077 argumenta

262 1098 453 1138 minimo
475 1097 661 1148 negotio
691 1096 999 1137 confutarent.
1030 1096 1382 1149 Disputationes
1403 1109 1538 1137 mane
1566 1097 1751 1137 habitae
1773 1104 1879 1138 sunt

265 1181 290 1208 a
309 1169 505 1220 septima
524 1179 668 1220 usque
682 1167 739 1208 ad
752 1167 995 1216 decimam,
1013 1181 1038 1208 a
1054 1168 1251 1219 prandio
1268 1180 1294 1208 a
1308 1169 1442 1208 tertia
1456 1179 1599 1220 usque
1613 1168 1671 1208 ad
1683 1174 1879 1215 sextam:

265 1246 309 1280 et
330 1251 435 1280 cum
456 1239 553 1280 dies
576 1240 745 1279 caloris
767 1246 888 1279 esset
910 1239 1116 1289 maximi,
1141 1245 1205 1279 tot
1228 1247 1470 1289 uenerunt,
1489 1246 1538 1279 ut
1555 1239 1664 1280 solis
1683 1239 1879 1279 doctori-

264 1310 347 1350 bus
369 1310 726 1361 argumentandi
747 1311 877 1350 locus
899 1310 1248 1361 relinqueretur.
1280 1310 1416 1350 Mane
1437 1310 1597 1350 habuit
1619 1310 1882 1350 orationem

267 1381 472 1422 carmine
494 1381 799 1432 compositam
826 1381 969 1420 frater
1004 1381 1206 1432 quidam,
1244 1392 1362 1433 quae
1385 1381 1597 1421 omnibus
1630 1380 1765 1421 ualde
1788 1382 1883 1432 pla-

267 1452 375 1493 cuit:
398 1458 560 1504 postea
581 1452 888 1492 scholasticus
910 1452 1048 1492 aliam
1066 1452 1277 1492 oratione
1295 1452 1458 1492 soluta.

343 1522 393 1573 Ii,
417 1523 494 1575 qui
511 1523 655 1563 literis
673 1534 863 1574 operam
882 1523 1006 1573 dant,
1026 1522 1160 1563 solita
1180 1529 1398 1563 exercent
1416 1534 1622 1573 munera,
1643 1534 1761 1574 quae
1779 1533 1884 1562 cum

265 1605 446 1634 summa
475 1594 679 1634 omnium
707 1594 1109 1645 congratulatione
1138 1594 1329 1644 obeunt;
1361 1594 1588 1634 habentur
1620 1592 1885 1645 frequenter

263 1666 622 1717 disputationes,
660 1665 909 1715 orationes,
947 1665 1324 1715 declamationes,
1359 1665 1564 1705 carmine
1595 1671 1639 1705 et
1674 1664 1883 1705 oratione

260 1738 424 1787 soluta,
449 1737 614 1788 quibus
636 1735 746 1776 Diui
766 1736 1029 1786 laudantur,
1054 1736 1325 1788 saepissime
1347 1747 1507 1776 coram
1538 1735 1758 1776 uniuersa
1779 1747 1882 1776 aca-

262 1808 428 1848 demia:
454 1820 544 1860 qua
567 1808 612 1847 in
634 1819 698 1858 re,
731 1819 835 1847 cum
857 1807 904 1847 in
938 1806 1288 1847 humanioribus
1309 1807 1580 1858 disciplinis,
1603 1815 1700 1846 tum
1730 1806 1777 1846 in
1797 1805 1885 1846 Dei

265 1878 435 1930 Optim.
459 1878 585 1918 Max.
609 1878 855 1928 desiderio,
879 1878 1073 1918 multum
1094 1877 1360 1929 proficiunt:
1385 1878 1540 1918 omnia
1561 1878 1682 1918 enim
1703 1877 1886 1917 illorum

261 1950 486 1990 exercitia
524 1949 596 1989 his
630 1949 921 1989 suauissimis
960 1948 1239 1989 condiuntur
1274 1949 1561 2000 pharmacis,
1599 1948 1765 2000 quibus
1799 1948 1887 2000 ipsi

262 2021 463 2061 maxime
495 2020 804 2070 delectantur3
831 2031 917 2059 nec
940 2020 1089 2059 solum
1120 2020 1197 2059 illa
1219 2025 1514 2071 componunt,
1539 2019 1620 2060 sed
1640 2025 1814 2070 augent
1843 2025 1887 2059 et

263 2092 317 2132 de
347 2104 430 2132 suo
459 2093 550 2131 late
572 2090 870 2142 amplificant.
897 2090 1069 2131 Omnes
1092 2091 1356 2142 aenigmata
1379 2098 1422 2131 et
1446 2091 1696 2140 orationes,
1721 2089 1887 2142 quibus

263 2163 373 2203 anni
394 2162 674 2214 principium
697 2161 975 2211 celebretur,
999 2168 1298 2213 praeparant,
1329 2162 1555 2213 simulque
1578 2161 1787 2212 agendus
1820 2166 1889 2200 est

264 2234 495 2284 dialogus,
517 2244 652 2284 quem
670 2232 808 2272 Pater
823 2231 1090 2283 Perpinhan
1108 2233 1383 2284 composuit:
1398 2232 1513 2272 haec
1530 2232 1757 2284 principia
1775 2233 1887 2272 cele·

263 2305 465 2345 berrima
486 2303 640 2344 futura
663 2314 920 2355 speramus3
946 2302 1067 2354 quod
1090 2303 1142 2351 si,
1169 2309 1216 2343 ut
1240 2303 1485 2353 credimus,
1509 2303 1603 2352 fiat,
1626 2303 1671 2342 id
1693 2301 1793 2342 Deo
1814 2314 1886 2343 ac·

265 2382 448 2427 ceptum
470 2374 765 2415 referendum
785 2375 1002 2415 arbitror.

342 2446 443 2486 Hoc
471 2445 804 2486 feruentissimi
838 2446 1007 2486 caloris
1037 2453 1259 2497 tempore,
1291 2446 1328 2485 si
1356 2446 1583 2485 rationem
1614 2445 1885 2497 praeterito-

265 2529 366 2557 rum
393 2528 623 2556 annorum
644 2516 918 2567 habeamus,
951 2517 1218 2568 paucissimi
1252 2516 1565 2556 discesserunt
1601 2516 1885 2556 scholastici.

266 2587 382 2629 Cum
405 2587 686 2637 domesticis,
714 2598 909 2638 quorum
927 2599 1037 2627 cura
1058 2587 1189 2627 nobis
1212 2593 1280 2627 est
1303 2587 1533 2637 imposita,
1552 2587 1888 2639 aliquantulum

265 2658 439 2698 laboris
461 2658 751 2710 pertulimus3
785 2658 916 2698 multi
951 2658 1072 2698 enim
1108 2658 1289 2698 illorum
1323 2669 1428 2698 curn
1463 2658 1743 2708 grauissimo
1765 2658 1889 2698 uitae
1938 2687 1941 2689 »

268 2729 475 2781 periculo
497 2729 544 2769 in
567 2729 778 2769 morbum
805 2728 1080 2778 inciderunt,
1116 2740 1233 2779 quos
1261 2728 1349 2768 nisi
1378 2728 1730 2779 diligentissime
1760 2739 1889 2768 cura-

267 2812 437 2847 remus,
476 2812 499 2840 e
534 2800 631 2840 uita
660 2799 858 2840 fortasse
893 2799 1198 2847 discederent,
1237 2810 1406 2850 magno
1442 2799 1560 2838 enim
1594 2799 1840 2839 interuallo
1862 2810 1888 2839 a

268 2870 538 2924 parentibus
559 2870 808 2917 distabant,
832 2870 894 2910 ita
916 2876 965 2910 ut
987 2882 1079 2910 non
1099 2870 1234 2910 facile
1262 2881 1330 2918 ea,
1363 2881 1481 2921 quae
1511 2869 1598 2909 sibi
1621 2870 1888 2910 necessaria
1909 2901 1911 2903 .

269 2948 416 2992 erant,
441 2941 547 2982 inde
576 2953 800 2995 quaerere
828 2947 1032 2994 possent:
1063 2941 1204 2994 aliqui
1232 2941 1415 2982 illorum
1438 2940 1560 2981 domi
1588 2940 1737 2982 curati
1764 2946 1884 2986 sunt,
