2020 3342
259 205 329 243 586
771 204 993 244 LITTERAE
1022 214 1380 249 QUADmMESTREs

259 302 410 344 Deum
432 303 670 355 Diuosque
692 302 895 342 conuitia
917 303 1290 353 exterminanda,
1315 303 1714 343 circumforaneos
1735 302 1882 342 circu-

259 375 431 414 latores
457 373 596 426 (quod
618 372 1023 425 peruersissimum
1044 374 1155 414 illud
1171 385 1319 424 genus
1335 373 1576 414 hominum
1602 373 1799 414 multum
1818 371 1882 412 ibi

260 446 482 493 afflueret)
502 444 738 496 pellendos
751 444 1161 497 profligandosque
1174 445 1404 495 attineret,
1424 444 1880 496 praetermissurum

258 516 345 556 sibi
366 516 584 567 deinceps
606 526 766 555 curam
788 515 843 555 de
874 515 1164 556 xenodochio
1192 516 1410 556 futuram:
1444 526 1527 566 pro
1563 514 1881 555 confirmanda

258 593 412 627 autem
433 586 551 626 inter
573 586 777 637 reliquos
799 586 950 626 adhuc
972 587 1198 638 quosdam
1221 587 1348 627 ciues
1364 598 1480 638 pace
1499 587 1669 638 (quam,
1693 590 1881 637 propter

258 658 516 698 absentiam
551 656 916 707 nonnz-tllorum,
951 658 1029 709 qui
1065 657 1123 697 ad
1159 669 1263 697 eam
1298 656 1699 707 desiderarentur,
1732 655 1879 696 nostri

258 730 390 780 plene
413 728 663 768 conciliare
693 727 1041 779 nequiuissent),
1080 728 1283 780 quinque
1305 739 1355 767 se
1384 728 1512 768 uiros
1534 740 1592 767 ex
1615 728 1740 768 omni
1769 728 1881 769 ciui-

257 806 353 840 tate
375 799 566 840 idoneos
594 799 897 839 deiecturum.

338 869 654 910 Accesserunt
671 876 714 910 et
732 870 823 910 duo
840 882 904 909 ex
919 870 1101 910 nostris
1119 870 1177 910 ad
1189 870 1394 911 Montem
1411 869 1634 911 Sanctum
1655 870 1738 918 (sic
1756 871 1881 922 oppi-

257 941 366 982 dum
383 940 616 993 quoddam
638 941 684 981 in
705 940 875 981 Piceno
898 941 1100 991 uocant),
1128 941 1263 991 vnde,
1288 941 1454 993 quibus
1476 940 1650 981 studiis
1671 940 1881 982 Societas

256 1013 450 1053 multum
479 1012 696 1052 exerceri
719 1012 979 1062 consueuit,
1009 1012 1349 1063 amplissimum
1375 1012 1579 1052 fructum
1608 1013 1878 1053 retulerunt.

256 1081 330 1123 Ad
347 1094 546 1133 magnas
567 1083 690 1123 enim
706 1088 750 1123 et
767 1082 975 1123 difficiles
993 1083 1313 1123 restitutiones
1331 1083 1559 1134 quosdam
1580 1083 1877 1124 induxerunt.

257 1153 592 1194 Monasterium
619 1154 957 1194 monacharum
985 1154 1084 1194 eius
1113 1154 1318 1194 ciuitatis
1345 1154 1570 1205 pristinae
1604 1153 1878 1205 integritati,

256 1225 515 1265 communis
537 1231 580 1264 et
600 1224 701 1264 sine
715 1224 916 1276 proprio
939 1225 1063 1265 uitae
1080 1224 1274 1275 rationi,
1296 1224 1420 1264 sacri
1441 1225 1643 1264 conuiuii
1653 1225 1879 1275 frequen-

254 1295 428 1336 tatione·
443 1295 760 1335 restituerunt.
794 1295 1000 1346 Aliquot,
1032 1294 1268 1336 Sathanae
1298 1295 1375 1335 diu
1406 1295 1700 1347 mancipatos
1735 1296 1878 1336 serui-

256 1367 355 1417 tuti,
379 1366 564 1408 Christo
586 1374 900 1407 asseruerunt.
930 1367 1002 1407 Ac
1024 1368 1144 1407 inter
1172 1379 1251 1407 eos
1274 1367 1535 1418 iuuencula,
1559 1367 1623 1407 illi
1645 1368 1738 1407 iam
1760 1367 1882 1419 pesti

257 1438 314 1478 ab
348 1438 663 1489 impurissima
698 1444 847 1478 matre
882 1438 1129 1486 destinata,
1169 1450 1331 1478 eorum
1362 1449 1520 1490 opera,
1557 1438 1649 1478 imo
1689 1437 1878 1490 Christi,

255 1509 502 1560 implorato
538 1509 842 1560 magistratus
876 1509 1064 1559 auxilio,
1100 1510 1157 1549 ab
1189 1509 1457 1560 turpissimo
1478 1509 1668 1550 interitu
1690 1521 1879 1550 reuoca-

255 1586 301 1620 ta
335 1580 436 1630 fuit,
474 1586 518 1620 et
545 1591 650 1620 cum
682 1580 964 1631 magistratu
995 1580 1039 1620 id
1062 1580 1290 1630 effectum,
1328 1586 1377 1620 ut
1412 1592 1516 1621 eam
1544 1581 1642 1632 ipse
1676 1592 1879 1621 commu-

254 1663 358 1691 nem
381 1651 550 1702 oppido
587 1651 859 1702 adoptatam
895 1651 1035 1691 filiam
1072 1651 1194 1702 apud
1229 1651 1450 1691 honestas
1485 1663 1712 1703 personas
1742 1652 1878 1693 collo-

255 1728 397 1762 caret.

330 1793 426 1833 Nec
439 1793 592 1834 minus
608 1794 655 1833 in
672 1792 844 1833 Sancto
867 1793 1106 1844 §eum-ino,
1125 1795 1331 1835 eiusdem
1348 1794 1506 1834 Piceni
1523 1794 1710 1846 oppido,
1727 1795 1805 1834 alii
1819 1795 1878 1835 ad

265 1864 505 1915 religionis
521 1864 726 1904 studium
744 1865 920 1915 paucis,
941 1877 1056 1916 quas
1074 1865 1136 1905 ibi
1158 1866 1434 1916 habuerunt,
1464 1865 1759 1905 contionibus
1777 1877 1877 1917 pro-

251 1935 474 1987 fecerunt;
499 1948 552 1976 ea
574 1948 776 1987 namque
797 1948 905 1976 mox
927 1937 1182 1987 uoluntate,
1207 1937 1330 1977 haud
1353 1937 1415 1977 ita
1438 1936 1618 1988 pridem
1640 1937 1727 1977 sibi
1749 1938 1877 1988 igno-

252 2013 346 2047 tam
368 2007 650 2047 Societatem
672 2012 898 2055 nostram,
923 2018 1029 2047 cum
1050 2008 1264 2059 populus,
1289 2015 1386 2047 tum
1407 2008 1704 2048 sacerdotum
1723 2008 1877 2059 impri-

253 2078 338 2117 mis
373 2078 586 2128 collegia,
620 2084 726 2118 sunt
762 2078 1007 2129 complexi,
1045 2085 1093 2118 ut
1115 2090 1206 2118 non
1238 2084 1333 2118 tam
1354 2078 1527 2118 distare
1556 2079 1712 2130 aliquo
1742 2079 1800 2119 ab
1824 2091 1878 2119 ea

253 2149 534 2200 discrimine,
554 2161 694 2201 quam
713 2150 810 2189 eius
828 2150 1015 2189 omnino
1034 2150 1125 2190 iam
1143 2150 1285 2190 ueluti
1303 2150 1511 2190 membra
1529 2150 1760 2201 quaedam
1777 2162 1878 2190 esse

252 2220 513 2260 uideantur.
537 2220 854 2260 Veneratione
876 2226 1030 2260 autem
1053 2226 1182 2260 tanta
1204 2227 1310 2260 sunt
1333 2227 1518 2260 nostros
1549 2221 1800 2272 prosecuti,
1826 2227 1877 2262 ut

252 2292 405 2331 clerus
433 2292 584 2331 omnis
619 2293 758 2342 longo
795 2292 971 2341 ordine,
1008 2298 1230 2343 tanquam
1257 2291 1304 2331 in
1334 2292 1482 2331 sacris
1504 2292 1874 2343 lustrationibus,

252 2363 527 2414 procedens,
551 2363 609 2403 ad
637 2369 910 2414 suggestum
944 2363 1324 2403 concionatorem
1353 2363 1616 2413 deduceret,
1643 2368 1688 2403 et
1715 2363 1878 2403 eodem

251 2445 414 2474 rursus
443 2434 634 2484 honore,
671 2434 796 2474 facta
831 2435 1061 2484 contione,
1099 2435 1354 2475 reduceret.
1387 2434 1458 2474 Ex
1480 2434 1717 2474 canonicis
1739 2445 1876 2486 porro

252 2505 520 2545 honoratim
542 2506 737 2557 quisque
760 2506 944 2556 nostris,
970 2505 1009 2545 si
1035 2517 1171 2545 sacra
1202 2505 1423 2554 facerent,
1455 2505 1661 2545 studiose
1693 2504 1876 2557 cupide·

253 2588 339 2627 que
359 2576 633 2626 z‘nserm‘ret,
668 2577 775 2616 licet
796 2577 964 2617 obnixe
1000 2576 1088 2616 illis
1118 2577 1281 2626 nostri,
1314 2583 1363 2616 ut
1394 2577 1440 2616 in
1473 2576 1700 2617 eiusmodi
1719 2588 1770 2617 re
1791 2588 1877 2628 par

253 2653 336 2696 est,
361 2647 693 2687 reniterentur.

330 2717 396 2757 lbi
418 2729 529 2758 uero
547 2719 847 2769 quatriduum
865 2719 1154 2769 commorati,
1174 2718 1474 2759 Camarinum
1493 2724 1599 2758 sunt
1615 2719 1872 2769 progressi.

252 2789 338 2828 Hic
360 2789 452 2829 iam
474 2789 600 2828 urbis
622 2789 894 2841 Episcopus,
919 2790 996 2841 qui
1018 2790 1275 2830 incredibili
1297 2801 1376 2829 eos
1398 2789 1693 2830 contentione
1726 2790 1875 2841 requi-

253 2859 407 2909 sierat,
447 2863 490 2899 et
525 2859 756 2900 desiderio
801 2867 1094 2911 expectafflt,
1132 2860 1297 2900 maiori
1334 2860 1509 2900 laetitia
1546 2871 1600 2898 ac
1638 2861 1874 2911 uoluptate

253 2930 447 2982 excepit.
473 2930 588 2971 Cum
619 2942 672 2970 eo
709 2931 910 2971 ciuitatis
949 2932 1244 2971 Gubernator
1273 2931 1374 2982 pari
1409 2931 1464 2971 de
1491 2930 1622 2970 nobis
1659 2930 1873 2982 opinione

253 3008 390 3054 atque
412 3001 754 3043 existimatione
776 3007 938 3052 certat;
963 3014 1017 3043 ac
1045 3003 1249 3043 nondum
1276 3003 1331 3042 ab
1360 3001 1414 3042 iis
1435 3002 1676 3052 salutatus,
1706 3000 1871 3042 aduen-
