2020 3342
837 246 921 284 AN.
951 246 1042 284 1556
1676 248 1747 285 545

854 770 1030 824 DLH

198 998 246 1036 P.
267 997 550 1036 Eleutherius
570 997 795 1036 Fontanus

248 1062 296 1100 Ρ.
318 1063 484 1110 Jacobo
505 1063 700 1111 Laynez,
722 1064 917 1102 Vicario.

297 1128 462 1166 Bibona
480 1128 503 1166 3
522 1128 723 1167 Octobris
744 1129 834 1166 1556
853 1130 877 1165 ¹.

574 1305 724 1357 jesus,
748 1303 912 1344 Maria.

635 1374 660 1414 3
682 1374 870 1415 Octobr.
900 1374 1015 1414 1556.

218 1555 317 1596 Pax
339 1554 411 1595 Χῖ

213 1626 343 1678 Quae
360 1625 500 1676 Maio,
523 1625 676 1678 Junio,
694 1625 816 1678 Julio
833 1631 878 1665 et
894 1625 1110 1676 Augusto
1128 1626 1339 1677 proxime
1357 1628 1516 1678 elapso
1536 1633 1758 1668 annotan-

134 1698 207 1748 da,
228 1705 276 1738 ut
294 1697 352 1738 ad
375 1703 436 1747 te,
460 1697 663 1749 alioquin
684 1708 866 1748 semper
883 1697 1308 1748 occupatissimum,
1334 1698 1530 1749 perferri
1551 1704 1758 1750 possent,

136 1775 403 1819 occurrunt,
427 1768 545 1808 haec
566 1773 686 1808 sunt.

212 1839 304 1880 Res
325 1839 551 1891 priuatae,
575 1845 625 1879 ut
645 1839 720 1880 hic
741 1839 978 1891 incipiam,
1003 1846 1129 1880 recte
1158 1839 1246 1880 Dei
1266 1840 1489 1880 beneficio
1511 1853 1559 1880 se
1588 1840 1758 1881 habue-

135 1919 255 1961 runt,
289 1911 484 1962 singulis
511 1910 558 1950 in
587 1910 676 1950 hoc
705 1911 1052 1951 elaborantibus
1082 1917 1144 1959 ut,
1175 1911 1374 1951 seruatis
1402 1910 1652 1951 Societatis
1680 1923 1759 1951 no-

135 1989 259 2023 strae
279 1982 516 2032 institutis,
540 1982 586 2022 in
608 1993 723 2033 pace
740 1993 795 2022 ac
817 1981 1063 2022 dilectione
1081 1982 1311 2022 uiuamus:
1335 1994 1509 2031 omnes,
1530 1994 1669 2034 super
1686 1982 1760 2023 fir-

135 2053 392 2094 missimum
412 2052 661 2104 religiosae
681 2052 806 2092 uitae
828 2052 1180 2092 fundamentum
1199 2052 1400 2104 (triplex,
1424 2053 1543 2104 dico,
1564 2065 1760 2105 pauper·

134 2124 258 2175 tatis,
278 2123 522 2174 castitatis,
540 2123 832 2163 obedientiae
848 2123 1022 2173 uotum)
1041 2123 1201 2164 sedulo
1220 2130 1512 2165 caeterarum
1534 2124 1759 2165 uirtutum

135 2201 461 2247 superstruunt
498 2192 774 2234 aedificium.
804 2192 1019 2234 Aduersa
1050 2194 1315 2234 ualetudine
1346 2195 1555 2234 nonnulli
1583 2196 1762 2235 labora-

137 2272 257 2317 runt,
291 2277 454 2306 uerum
481 2265 610 2305 breui
636 2276 797 2305 omnes
819 2266 1178 2316 conualuerunt,
1208 2272 1393 2317 praeter
1425 2278 1568 2307 unum
1591 2266 1763 2307 Guido-

137 2349 243 2378 nem
263 2337 535 2386 Antonium,
565 2336 644 2388 qui
672 2337 808 2376 simul
838 2336 1054 2376 laborare
1083 2336 1219 2377 desiit
1246 2344 1290 2377 et
1321 2337 1444 2388 apud
1474 2350 1559 2377 nos
1587 2338 1763 2389 uiuere,

139 2409 301 2449 eodem
321 2420 437 2459 pene
459 2414 681 2458 tempore,
706 2419 796 2459 quo
819 2408 1168 2448 sanctissimum
1188 2407 1375 2448 Patrem
1395 2415 1607 2449 nostrum
1633 2409 1766 2460 Igna-

139 2480 252 2520 tium
275 2479 330 2519 ad
354 2480 511 2519 coelos
532 2479 761 2528 migrasse
783 2478 1064 2529 accepimus,
1088 2485 1225 2519 nocte
1247 2479 1479 2529 nimirum,
1503 2491 1623 2530 quae
1644 2480 1767 2520 diem

143 2550 270 2590 illum
290 2550 439 2601 pridie
461 2549 682 2589 calendas
702 2549 905 2599 Augusti
926 2549 1140 2600 proxime
1172 2550 1369 2601 excepit.
1393 2549 1655 2590 Praecessit
1685 2550 1767 2590 Pa-

141 2628 211 2661 ter
231 2621 456 2672 Ignatius:
479 2619 704 2660 successit
724 2619 843 2659 filius
865 2619 1018 2660 Guido
1040 2620 1289 2670 Antonius,
1314 2626 1363 2660 ut
1385 2622 1462 2672 qui
1483 2621 1660 2662 uiuenti
1677 2633 1769 2662 ma-

143 2692 319 2732 ximum
352 2702 535 2743 semper
564 2690 789 2730 honorem
817 2690 1060 2741 detulerat,
1094 2691 1307 2731 eumdem
1338 2703 1522 2744 quoque
1553 2693 1771 2733 morienti

196 2877 206 2898 ¹
255 2876 503 2912 Apographae,
520 2875 646 2910 duplici
667 2875 755 2909 folio,
771 2875 880 2910 primo
893 2883 924 2902 n.
948 2875 1008 2908 169,
1029 2876 1151 2908 altero,
1173 2876 1267 2910 cujus
1291 2879 1422 2903 tantum
1445 2881 1599 2904 remanet
1621 2878 1775 2911 superior

147 2933 241 2961 pars,
255 2932 321 2952 non
336 2923 660 2952 numerat0.-—Vere
676 2927 753 2950 sunt
774 2922 917 2950 latinum
938 2923 1214 2957 praecedentium
1234 2922 1396 2950 Thomasi
1418 2922 1561 2951 Romani
1581 2925 1776 2952 litterarum

149 2973 352 3007 exemplum;
374 2970 431 2998 sed
447 2971 526 3005 quia
540 2970 573 2998 in
588 2970 789 3004 quibusdam
809 2977 869 2997 nec
884 2970 970 2997 levis
990 2970 1124 3004 quidem
1144 2969 1304 3001 momenti
1321 2969 1489 3003 differunt,
1506 2977 1539 2998 et
1561 2972 1603 2998 ab
1619 2972 1697 3006 alio,
1713 2971 1775 2999 Re-

145 3024 240 3048 ctore
267 3019 400 3046 scilicet
420 3017 621 3046 Bibonensis
643 3016 799 3052 Collegii,
821 3017 1033 3052 subscriptae
1056 3021 1145 3052 sunt,
1161 3024 1219 3045 eas
1240 3017 1295 3044 hic
1317 3017 1477 3045 distincto
1492 3018 1566 3046 loco
1587 3022 1620 3046 et
1638 3026 1777 3047 numero

148 3074 314 3102 pommus.

288 3126 338 3163 T.
362 3136 414 3163 iv.
1544 3134 1586 3170 35
