2020 3342
847 242 929 279 ΑΝ.
960 242 1050 279 1556
1662 242 1726 278 411

108 337 489 388 clausz'sjanm's,
511 349 584 377 ma
607 338 652 378 di
673 338 805 379 fuora
827 350 935 387 non,
960 339 1165 389 nesteret
1187 337 1424 378 tumultus
1443 338 1493 377 in
1504 336 1681 388 populo
1704 337 1729 377 ¹.

110 407 241 448 Gran
261 419 372 448 cosa
393 412 418 448 e
439 420 570 448 come
592 409 622 448 il
642 409 856 449 demonio
878 411 918 450 16
935 411 1057 450 116116
1074 410 1119 450 111
1136 416 1299 461 questo
1317 409 1494 458 grande
1512 419 1670 448 errore
1689 414 1732 447 61

105 485 242 518 tanto
263 490 440 519 crasso,
473 479 521 519 Il.
551 478 638 519 Sre
660 479 789 519 Iddio
811 481 839 519 li
863 482 1019 531 uoglia
1048 480 1133 520 dar
1163 480 1315 520 sanita
1342 478 1560 519 dimonte
1587 487 1631 518 et
1665 490 1729 518 re-

94 549 230 589 rdurli
251 562 278 589 a
308 549 333 589 l’
355 550 607 590 obedienza
637 551 710 590 del
736 557 922 602 pastore
945 563 1043 599 suo,
1074 551 1178 604 Jhu.
1206 550 1304 600 X.⁰,
1335 557 1378 590 61
1408 561 1491 589 5110
1520 549 1730 598 Vicario,

101 620 194 659 ⁴che
215 623 239 658 e
261 620 393 672 quasi
413 621 697 672 impossibile
717 628 761 661 et
782 621 1042 672 desperata,
1067 623 1103 661 si
1126 621 1448 661 consideramo
1472 622 1514 660 la
1537 620 1730 671 disposi-

110 690 233 730 tione
268 692 392 740 loro,
431 698 474 731 et
509 691 792 742 giudicando
827 693 1082 732 secumdum
1117 692 1374 732 hominem:
1412 691 1540 742 apud
1580 691 1732 730 Deum

108 765 265 801 tamen
286 773 504 813 speramo
519 766 714 813 praeter
735 767 777 802 et
799 774 1086 803 commanem
1114 769 1258 814 spem,
1288 774 1397 802 uam
1426 761 1543 801 m'lzc'l
1563 761 1731 812 impos-

109 831 241 871 sibile
263 833 393 883 apud
414 833 564 873 Deum
589 834 614 870 ².

188 902 317 943 Gran
339 905 663 955 compassione
686 905 726 944 ci
749 915 884 944 moue
907 910 951 944 et
973 912 1107 945 tocca
1131 905 1160 944 il
1176 916 1316 945 cuore
1334 904 1519 956 quando
1536 904 1732 943 vedemo

108 979 238 1013 tanta
259 974 378 1014 bella
400 975 626 1024 giuuentu
648 982 718 1014 tra
748 976 789 1014 le
817 976 944 1014 mani
971 974 1043 1014 del
1071 975 1285 1015 demonio
1314 981 1358 1015 et
1385 975 1502 1015 tanti
1528 974 1736 1014 huomini

110 1044 256 1085 andar
279 1046 321 1084 al
343 1045 523 1085 inferno
545 1046 766 1085 ducentes
786 1046 835 1084 2'12
857 1046 988 1085 bonis
1009 1046 1109 1085 dies
1129 1057 1244 1086 suos
1265 1045 1292 1086 ³.
1323 1045 1475 1097 Prego
1505 1045 1562 1085 V.
1596 1045 1649 1085 R.
1684 1045 1733 1084 P.

103 1127 201 1155 non
236 1115 278 1155 ci
310 1116 439 1167 volgi
474 1117 722 1156 smenticar
752 1129 779 1156 a
807 1117 1137 1167 specialmente
1165 1117 1235 1157 far
1264 1127 1436 1168 pregar
1463 1128 1543 1168 pcr
1571 1123 1733 1168 questa

107 1197 283 1237 pouera
304 1193 443 1237 gente
465 1193 594 1227 tanto
618 1187 865 1234 obstinata,
890 1188 975 1227 che
997 1187 1163 1227 dicono
1180 1188 1259 1239 piu
1276 1193 1432 1238 presto
1450 1188 1492 1227 ci
1510 1188 1732 1238 vogliono

106 1258 286 1297 lassare
307 1258 508 1307 bruziar,
532 1269 664 1298 come
685 1258 801 1308 Hus,
826 1258 911 1298 che
940 1258 985 1297 di
1016 1270 1208 1299 mancas
1237 1259 1311 1299 dal
1340 1260 1366 1298 l'
1400 1258 1630 1309 essempio
1662 1258 1734 1298 dcl

109 1327 235 1368 detto
257 1328 357 1368 Hus
378 1335 421 1368 et
443 1340 526 1369 sua
548 1335 682 1369 setta.
707 1329 763 1369 Et
791 1329 832 1368 ci
860 1330 1014 1369 hanno
1046 1330 1122 1369 noi
1150 1336 1279 1370 tanto
1306 1330 1525 1380 suspetti,
1557 1329 1643 1369 che
1672 1329 1733 1368 di-

106 1410 224 1438 cono
246 1400 331 1439 che
359 1400 507 1439 siamo
538 1400 746 1440 mandati
775 1411 866 1451 qua
894 1412 975 1451 per
1006 1401 1288 1452 ingagnarli,
1319 1407 1362 1440 et
1393 1404 1504 1451 pero
1536 1412 1629 1440 non
1656 1412 1735 1440 uo-

107 1470 266 1520 gliono
289 1470 485 1510 mandar
506 1471 607 1511 suoi
628 1471 788 1522 figlioli
810 1483 835 1510 a
858 1472 901 1511 la
924 1478 1084 1511 nostra
1107 1472 1281 1511 schola.

184 1540 290 1580 Vno
312 1540 358 1581 di
379 1542 440 1581 mi
461 1543 654 1592 parlaua
682 1542 879 1593 qualche
909 1543 1103 1592 hussita,
1135 1544 1304 1582 huomo
1332 1542 1378 1582 di
1409 1553 1529 1593 gran
1561 1542 1733 1593 riputa-

104 1612 244 1663 tione,
269 1618 313 1652 et
334 1611 459 1664 dipoi
482 1613 689 1653 anchora
711 1613 852 1653 molte
876 1614 1001 1653 volte
1023 1617 1046 1653 6
1070 1620 1254 1653 tornato
1283 1626 1308 1653 a
1330 1613 1423 1663 noi,
1453 1613 1483 1653 il
1511 1614 1645 1664 quale
1674 1613 1737 1652 mi

101 1682 229 1722 dissi:
268 1682 338 1723 “Si
367 1684 444 1723 voi
474 1685 626 1724 volete
654 1690 778 1724 stare
808 1684 853 1723 in
884 1683 1060 1735 praga,
1091 1685 1286 1735 bisogna
1314 1684 1398 1724 che
1428 1694 1521 1724 non
1550 1691 1735 1723 toccate

100 1759 267 1794 contra
288 1761 448 1794 nostra
471 1754 587 1803 fede,
611 1755 782 1806 perche
804 1756 1081 1795 altramente
1105 1767 1197 1794 non
1219 1761 1397 1806 potrete
1419 1756 1593 1795 hauere
1614 1765 1732 1805 pace

103 1825 177 1865 fra
199 1826 318 1874 noi.‚⁷
342 1826 399 1866 Et
421 1826 451 1865 il
473 1825 725 1866 medesimo
747 1826 914 1877 pocchi
934 1826 980 1865 di
1008 1838 1154 1866 sonno
1182 1826 1241 1865 ha
1274 1826 1494 1866 mandato
1515 1838 1608 1865 vno
1636 1826 1736 1875 gio-

106 1907 227 1936 uane
247 1908 332 1937 suo
354 1897 503 1947 affine,
527 1898 708 1937 fratello
731 1897 851 1937 della
873 1909 988 1937 suoa
1011 1897 1196 1947 moglie,
1221 1909 1246 1937 a
1269 1898 1312 1937 la
1341 1898 1501 1937 schola
1531 1909 1736 1937 saccom-

105 1967 418 2008 mandandolo
442 1980 467 2008 a
499 1980 571 2008 me
598 1969 757 2008 molto:
788 1969 818 2008 11
848 1970 983 2019 quale
1012 1968 1288 2008 medessimo
1314 1967 1372 2008 m’
1402 1980 1427 2007 a
1458 1979 1613 2008 mosso
1644 1980 1737 2007 vna

103 2039 361 2089 questione,
385 2040 430 2079 la
450 2040 585 2090 quale
608 2039 826 2089 resoluta,
852 2040 910 2078 m'
941 2051 966 2078 a
990 2045 1184 2090 pregato
1206 2039 1291 2079 che
1313 2039 1355 2079 io
1377 2039 1507 2090 vogli
1529 2039 1736 2079 scriuere

103 2122 130 2148 a
152 2109 300 2149 Roma
322 2121 402 2160 per
430 2110 577 2150 hauer
603 2110 822 2161 dispensa
854 2110 929 2150 dal
961 2110 1086 2161 Papa
1118 2110 1308 2159 (benche
1337 2110 1404 2150 sia
1433 2110 1627 2158 hussita)
1655 2121 1738 2161 pcr

101 2187 236 2231 poter
264 2181 410 2221 hauer
437 2193 520 2232 per
547 2181 719 2232 moglie
746 2182 790 2221 la
818 2182 986 2221 sorella
1015 2181 1069 2221 de
1097 2192 1180 2221 sua
1210 2182 1380 2232 moglie
1409 2181 1649 2231 defuncta,
1680 2194 1738 2221 ne

103 2252 241 2291 vuole
263 2253 381 2292 altra
404 2252 540 2292 sinon
560 2252 634 2302 lei,
658 2253 705 2292 ni
729 2263 897 2292 manco
920 2253 961 2292 lo
985 2254 1087 2291 vole
1109 2263 1249 2292 senza
1271 2252 1490 2304 dispensa
1519 2253 1592 2292 del
1625 2251 1737 2292 Pon-

104 2321 241 2373 tifice,
266 2322 462 2362 essendo
485 2322 571 2362 che
599 2323 643 2362 io
675 2323 704 2362 li
734 2323 901 2363 habbia
933 2323 1136 2370 resoluto
1168 2322 1252 2362 che
1284 2335 1376 2362 non
1402 2335 1508 2374 poo,
1538 2335 1626 2374 pur
1655 2335 1739 2375 per

105 2394 398 2433 contentarlo
426 2399 469 2433 et
499 2405 591 2433 non
623 2393 694 2433 del
722 2400 840 2433 tutto
872 2404 1099 2444 rompere,
1130 2393 1341 2434 vedendo
1370 2395 1455 2434 che
1481 2406 1562 2434 era
1594 2395 1737 2435 molto

105 2469 309 2504 attacato
333 2476 359 2504 a
380 2466 531 2516 quello
553 2476 635 2505 suo
657 2476 823 2516 parere
845 2471 888 2504 et
910 2464 1155 2514 desiderio,
1180 2465 1271 2505 imo
1293 2465 1378 2505 che
1401 2477 1576 2505 ancora
1608 2466 1739 2506 molti

105 2534 299 2575 heretici
319 2535 591 2586 piccardite,
615 2536 807 2585 hussite,
832 2542 875 2575 et
896 2535 1002 2575 altri
1023 2535 1269 2585 lutherani,
1290 2542 1333 2575 et
1351 2536 1457 2576 altri
1474 2548 1614 2576 senza
1632 2536 1735 2576 fede

101 2605 297 2645 nissuna
328 2606 359 2645 li
386 2607 708 2646 consiliauano
738 2606 823 2646 che
854 2606 916 2646 lui
945 2612 1136 2657 poteua,
1168 2612 1212 2645 et
1242 2606 1327 2646 che
1361 2607 1391 2646 il
1422 2618 1652 2647 consenso
1683 2607 1738 2646 de

104 2676 132 2715 l’
152 2687 243 2716 uno
271 2682 314 2716 et
335 2677 392 2717 de
419 2678 446 2716 l'
471 2678 591 2717 altro
613 2677 824 2727 bastaua,
851 2677 1059 2716 dicendo:
1091 2677 1192 2716 “voi
1213 2683 1309 2716 sete
1331 2677 1377 2717 di
1398 2677 1501 2727 Dio,
1527 2689 1618 2717 non
1641 2685 1737 2718 sete

104 2748 314 2788 subiecto
336 2748 382 2793 in
403 2754 566 2799 questo
589 2759 699 2787 caso
723 2760 748 2787 a
771 2747 963 2787 njssuno
985 2747 1119 2787 sinon
1142 2759 1167 2787 a
1190 2746 1293 2797 Dio,
1329 2754 1371 2788 et
1401 2747 1489 2788 Dio
1522 2749 1570 2788 vi
1597 2755 1738 2788 mette

104 2820 179 2857 nel
201 2830 342 2858 cuore
363 2826 527 2870 questa
551 2818 801 2868 affettione,
826 2825 869 2858 et
892 2818 1083 2858 nissuno
1112 2819 1246 2868 altro,
1278 2825 1321 2858 et
1353 2821 1482 2858 cousi
1510 2825 1665 2870 potete
1695 2825 1738 2858 61

161 2955 172 2974 ¹
213 2954 338 2982 Matth.
355 2963 446 2987 xxm,
464 2956 490 2982 ζ».

168 3001 182 3020 ²
217 3001 368 3037 Mare.x,
384 3003 428 3036 27;
444 3002 527 3030 Luc.
543 3003 621 3035 1,37;
637 3003 792 3036 xv111,27.

162 3049 177 3069 ὃ
215 3050 288 3084 Job,
305 3057 373 3082 xxx,
390 3050 430 3077 13,
