2020 3342
863 210 946 247 AN.
985 209 1074 246 1556
1735 211 1781 246 41³

160 315 331 358 tentur,
356 321 447 348 non
469 309 643 359 absque
663 307 888 347 virtutum
908 305 1141 356 profectu:
1165 316 1360 356 quorum
1380 305 1498 345 duos
1515 305 1779 345 adolescen-

163 387 253 429 tes,
291 390 550 430 nunquam,
589 378 645 418 ob
680 384 869 417 tenerae
910 377 1077 416 aetatis
1115 382 1432 427 praetextum,
1477 387 1662 415 sacram
1703 377 1781 426 qui

162 449 508 490 Eucharistiam
530 455 667 488 antea
688 453 997 499 sumpserant,
1022 446 1152 486 festis
1172 445 1405 486 Natalitiis
1428 457 1563 486 sacra
1581 458 1780 486 commu-

163 521 301 560 nione
336 532 438 560 sum
483 519 745 571 impertitus
787 529 891 558 cum
931 518 1107 568 aliquot
1141 518 1244 557 aliis
1287 517 1567 557 domesticis.
1606 516 1781 557 Diebus

164 591 360 641 singulis
382 591 482 642 pias
503 591 799 642 precationes
820 589 1114 639 vespertinas
1141 600 1297 628 coram
1330 587 1550 628 Crucifixi
1580 588 1782 639 imagine

164 661 374 701 vnanimi
396 662 632 701 consortio
654 661 973 709 obseruamUS,
998 672 1055 699 ex
1077 671 1204 699 more
1224 658 1423 699 Parisini
1442 659 1652 709 Collegii.
1672 659 1782 698 Eos-

163 732 269 772 dem
290 732 488 783 hospitis
508 732 597 771 mei
619 731 870 782 discipulos
891 731 937 770 in
954 730 1238 770 christianae
1255 729 1494 769 doctrinae
1511 729 1783 769 rudimentis

163 802 370 853 instituo,
395 810 438 842 et
456 803 502 842 in
519 814 568 842 re
586 801 792 842 literaria
810 812 892 852 per
914 801 1060 840 otium
1077 812 1290 840 exerceo,
1311 800 1587 849 Summarie‚
1606 799 1720 839 vitia
1738 800 1782 839 in

162 873 251 913 hac
285 873 460 913 familia
488 873 714 913 virtutum
744 872 896 923 gloria
928 871 1192 921 offuscauit,
1225 883 1279 910 ac
1311 871 1499 911 domum
1531 871 1653 910 hanc
1688 871 1785 910 illu-

161 944 343 984 strauit.

245 1014 480 1065 Quantum
502 1015 561 1055 ad
582 1022 803 1055 externos
825 1015 1003 1064 attinet,
1022 1013 1211 1065 jurandi
1232 1014 1519 1054 consuetudo
1543 1013 1714 1065 passim
1740 1013 1784 1052 in

164 1085 352 1125 familiis
373 1085 625 1125 dediscitur
648 1086 763 1126 adeo
785 1092 849 1135 vt,
873 1086 1075 1125 nominis
1101 1085 1191 1125 mei
1220 1085 1515 1136 interpellata
1543 1084 1782 1130 memoria,

164 1168 266 1196 sese
287 1162 447 1196 mutuo
469 1157 606 1196 amici
628 1157 776 1196 amice
798 1163 1018 1196 moneant
1046 1157 1105 1196 ad
1127 1155 1314 1207 jurandi
1341 1156 1651 1195 inueteratam
1681 1166 1784 1194 con-

164 1227 455 1267 suetudinem
478 1227 819 1278 extirpandam.
844 1226 1122 1267 Scurrarum
1143 1228 1294 1278 copia,
1319 1227 1481 1266 diebus
1503 1226 1649 1266 sacris
1667 1226 1787 1265 ludis

165 1309 220 1336 ac
242 1298 385 1337 lucris
406 1309 578 1337 vacare
600 1298 749 1347 solita,
775 1298 990 1350 periuriis
1012 1310 1066 1338 ac
1089 1298 1308 1337 conuitiis
1329 1297 1610 1346 execranda,
1641 1309 1665 1336 e
1692 1297 1786 1346 pla—

164 1368 251 1408 teis
272 1369 475 1418 euanuit,
498 1369 633 1408 turba
656 1369 859 1420 Vndique
877 1369 1122 1409 confertim
1141 1369 1199 1409 ad
1215 1369 1488 1409 concionem
1511 1367 1783 1408 confluente.

168 1438 457 1479 Concionum
478 1451 686 1479 mearum
707 1440 886 1480 fructus
906 1442 981 1480 vel
1002 1440 1074 1480 his
1100 1440 1247 1491 signis
1274 1439 1493 1479 elucescit
1513 1451 1520 1478 :
1553 1438 1676 1490 quod
1701 1438 1786 1477 fre-

173 1511 360 1561 quentia
395 1510 595 1561 suspiria
624 1512 806 1551 coelum
837 1518 1093 1561 penetrent,
1131 1510 1437 1551 confessionis
1472 1510 1731 1550 antidotum
1763 1521 1787 1547 a

169 1581 322 1620 multis
355 1582 627 1632 postuletur,
665 1581 908 1622 sacrificiis
943 1582 1058 1622 meis
1091 1582 1309 1633 frequens
1339 1582 1578 1621 hominum
1615 1592 1787 1620 corona

171 1651 376 1701 assistat,
401 1664 597 1703 quorum
624 1665 716 1692 non
745 1654 884 1704 pauci
915 1654 1081 1693 horam
1111 1655 1472 1705 praestolantur.
1505 1651 1607 1692 Non
1638 1652 1788 1691 defue-

168 1728 276 1762 runt
311 1723 388 1774 qui
424 1724 647 1774 optabant
676 1735 749 1763 me
783 1723 944 1764 diebus
975 1724 1170 1775 singulis
1206 1725 1265 1764 ad
1297 1724 1610 1776 Epiphaniam
1643 1734 1789 1774 vsque

169 1794 478 1833 concionandi
512 1795 797 1834 functionem
834 1802 939 1845 post
974 1795 1240 1835 Aduentum
1279 1806 1567 1847 propagare:
1609 1805 1788 1839 verum,

171 1864 344 1915 absque
366 1865 599 1904 communi
621 1865 732 1905 cleri
753 1878 808 1905 ac
830 1865 1032 1906 ciuitatis
1053 1867 1288 1917 petitione,
1312 1866 1436 1907 votis
1456 1865 1789 1917 postulantium

172 1935 465 1975 subscribere
485 1935 626 1975 nolui.
649 1935 830 1976 Sensim
853 1948 996 1976 conor
1017 1937 1077 1977 ad
1103 1938 1416 1988 poenitentiae
1448 1943 1585 1988 atque
1612 1936 1790 1976 Eucha-

172 2005 332 2045 ristiae
352 2006 771 2057 frequentationem
794 2008 1033 2059 utriusque
1055 2020 1196 2048 sexus
1217 2009 1426 2048 homines
1449 2008 1695 2048 adducere.

249 2076 463 2116 Matrona
485 2078 715 2128 quaedam
739 2078 892 2129 vidua,
924 2086 1077 2119 aetate
1106 2085 1344 2131 prouecta,
1375 2079 1691 2119 conscientiae
1719 2078 1791 2118 de-

170 2147 322 2197 posito
353 2159 482 2187 meae
511 2148 614 2188 fidei
643 2149 834 2196 credito,
866 2151 1057 2190 coelesti
1085 2151 1403 2190 consolatione
1432 2150 1634 2200 perfusa,
1666 2156 1737 2189 est
1765 2162 1789 2188 a

164 2217 371 2267 quodam
393 2230 507 2258 casu
527 2226 768 2259 reseruato
790 2221 1000 2269 liberata,
1026 2221 1101 2260 cui
1123 2222 1180 2261 ab
1203 2221 1304 2272 ipsa
1326 2221 1642 2261 adolescentia
1664 2221 1792 2260 intri-

170 2294 276 2327 cata
298 2300 323 2327 a
346 2290 469 2328 nullo
492 2289 782 2330 confessario
806 2291 957 2331 adhuc
981 2304 1029 2331 se
1051 2299 1317 2343 exemptam
1335 2292 1665 2332 arbitrabatur.
1686 2291 1789 2342 Qui-

169 2359 290 2407 dam,
322 2371 393 2398 me
422 2362 634 2400 consulto
667 2362 790 2401 circa
823 2362 1132 2402 restitutionis
1163 2363 1421 2413 materiam,
1454 2363 1789 2403 conscientiam

169 2430 397 2469 redimere
433 2430 722 2482 deliberauit,
754 2444 840 2472 nec
872 2433 1057 2484 quidem
1089 2444 1267 2473 summa
1300 2440 1368 2473 est
1399 2434 1586 2484 exigua.
1619 2433 1791 2484 Resipi-

170 2508 301 2540 scent
323 2501 510 2541 tandem
534 2502 710 2554 aliquot
732 2502 951 2544 Pastores
970 2504 1292 2554 ecclesiastici,
1318 2516 1423 2544 curn
1440 2505 1606 2555 quibus
1623 2505 1670 2543 in
1688 2516 1792 2544 con-

170 2571 381 2611 cionibus
415 2573 576 2622 grauis
603 2573 714 2613 mihi
742 2574 986 2615 conflictus
1016 2582 1098 2625 est,
1133 2576 1231 2626 qui,
1265 2587 1549 2627 quamquam
1578 2582 1620 2615 et
1653 2576 1791 2625 negli-

168 2648 332 2691 gentes
354 2649 397 2681 et
420 2643 640 2683 obstinati
661 2655 805 2696 prope
826 2645 1089 2695 videantur,
1121 2658 1194 2685 mc
1222 2655 1377 2686 tamen
1403 2646 1723 2698 increpantem
1750 2652 1793 2684 et

169 2719 328 2752 amant
350 2719 394 2752 ct
414 2721 714 2764 venerantur,
740 2727 795 2755 ac
826 2716 999 2756 bonam
1028 2717 1216 2756 tandem
1248 2729 1377 2768 spem
1408 2717 1645 2768 praebent.
1680 2716 1793 2756 Usu-

169 2794 264 2829 rae,
289 2784 508 2835 periuria,
533 2786 872 2826 concubinatus
893 2797 1089 2837 grauem
1120 2787 1227 2827 huic
1256 2788 1437 2838 regioni
1465 2794 1643 2837 pestem
1671 2786 1793 2826 adfe-

171 2863 291 2893 runt.
319 2854 527 2905 Quorum
549 2862 705 2896 tamen
729 2857 941 2908 tyrannis
963 2858 1135 2898 sensim
1156 2858 1288 2898 verbi
1318 2858 1405 2898 Dei
1432 2858 1623 2907 energia
1656 2868 1794 2907 expu-

169 2932 344 2973 gnatur
366 2938 471 2966 cum
493 2928 742 2967 multorum
766 2928 1102 2968 consolatione.

253 2995 424 3035 Omitto
447 3004 648 3047 caetera,
673 3010 792 3049 quae
814 3010 872 3038 cx
893 2999 1163 3050 praemissis
1189 3000 1397 3050 epistolis
1422 2999 1685 3039 Paternitas
1717 3006 1795 3038 tua
