2020 3342
877 274 954 310 ΑΝ.
987 274 1075 311 1556
1713 275 1784 313 277

165 374 304 409 tasse.
328 369 385 409 Et
407 369 529 420 quod
550 370 703 421 magis
724 370 987 411 mirandum
1015 376 1108 421 est,
1142 370 1357 422 patritios
1391 370 1539 421 viros,
1576 371 1633 410 ab
1661 373 1785 411 omni

166 440 389 479 virtutum
411 450 582 490 genere
605 440 932 492 abhorrentes,
957 453 1078 482 nunc
1110 440 1286 481 crebris
1317 441 1621 481 concionibus
1641 447 1685 481 et
1715 453 1785 481 as-

165 510 309 550 siduis
330 512 711 562 persuasionibus
728 511 881 552 Patris
903 512 1124 553 Doctoris
1145 512 1360 552 Ramirez
1386 511 1394 530 ¹
1418 512 1481 552 ita
1504 512 1561 552 ad
1583 513 1785 552 seruien-

166 581 275 621 dum
295 581 395 621 Deo
418 582 590 633 optimo
613 589 656 622 et
678 583 880 623 maximo
903 583 1119 624 incitatos
1141 594 1257 633 esse,
1282 589 1330 622 ut
1359 583 1436 622 alii
1456 594 1540 622 sua
1571 583 1782 633 crimina,

165 652 242 692 diu
264 653 548 704 multumque
578 653 728 694 celata
750 659 793 694 et
822 656 1024 704 occulta,
1055 654 1271 694 Patribus
1298 654 1469 693 nostris
1501 655 1782 705 aperuerint3

166 723 244 763 alii
266 724 388 763 omni
418 736 475 764 ex
503 731 634 775 parte
662 725 824 765 vitium
855 725 1160 774 detestantes,
1188 724 1351 764 virtuti
1377 736 1462 775 pro
1490 724 1613 764 virili
1639 725 1783 765 indul-

161 800 317 845 geam,
341 795 537 846 denique
560 807 720 836 omnes
742 796 804 836 ita
827 796 947 836 bona
969 807 1112 846 opera
1134 796 1359 836 facientes
1380 802 1700 847 perseuerant,
1734 802 1784 836 ut

162 876 219 904 ex
240 864 392 917 impiis
413 865 608 905 ethnicis
629 866 715 906 sibi
737 874 781 906 et
804 867 927 906 omni
955 867 1124 918 populo
1148 867 1193 906 in
1215 866 1362 906 bonos
1384 865 1664 907 christianos
1695 866 1783 907 hoc

161 940 370 987 tempore
392 937 598 976 evasisse
627 936 891 977 videantur.

240 1001 480 1058 Quaedam
501 1008 664 1048 mulier
686 1009 932 1059 primaria,
957 1020 982 1048 a
1006 1020 1089 1049 suo
1111 1009 1212 1048 viro
1235 1014 1477 1060 separata,
1501 1020 1624 1049 nunc
1646 1009 1782 1048 mari-

160 1085 221 1127 to,
244 1078 459 1118 Patribus
480 1079 654 1119 nostris
676 1079 720 1119 id
743 1080 1036 1130 conantibus,
1061 1086 1130 1119 est
1157 1080 1386 1120 restituta.
1420 1078 1660 1130 Quaedam
1690 1079 1781 1120 foe-

159 1150 284 1189 mina
301 1150 537 1200 religiosa,
557 1151 718 1190 relicto
736 1151 975 1201 coenobio,
996 1162 1166 1202 magna
1190 1150 1378 1191 infamia
1398 1150 1544 1190 vitam
1566 1150 1779 1201 degebat3

163 1221 245 1261 sed
285 1221 478 1261 consilio
516 1227 785 1261 nostrorum
826 1222 869 1262 in
909 1222 1245 1262 monasterium
1279 1221 1428 1261 rediit.
1480 1221 1650 1261 Multae
1687 1233 1780 1262 mu·

159 1280 324 1339 lieres,
360 1298 454 1332 tam
495 1304 552 1332 ex
586 1292 656 1332 his
697 1304 815 1344 quae
852 1293 936 1333 sub
970 1298 1201 1344 potestate
1238 1293 1326 1332 viri
1366 1298 1501 1343 sunt,
1544 1303 1683 1344 quam
1723 1305 1780 1333 ex

162 1363 232 1403 his
264 1374 382 1414 quae
414 1363 647 1414 coniugali
669 1363 854 1403 vinculo
877 1375 968 1403 non
990 1369 1226 1414 tenentur,
1250 1364 1480 1404 illecebris
1512 1364 1667 1404 carnis
1707 1364 1780 1404 de-

158 1433 311 1485 ditae,
353 1446 474 1475 nunc
513 1434 685 1475 auxilio
726 1435 884 1475 diuino
934 1441 977 1475 et
1017 1435 1189 1475 nostris
1236 1435 1451 1476 Patribus
1500 1436 1780 1476 consiliariis

156 1505 330 1546 factum
361 1512 429 1546 est
457 1512 507 1547 ut
535 1506 598 1547 ita
628 1518 769 1558 parce
798 1512 842 1547 et
870 1506 1061 1547 honeste
1088 1507 1267 1558 viuant,
1305 1513 1353 1548 ut
1388 1519 1564 1558 omnes,
1594 1507 1778 1548 illarum

157 1578 368 1629 exemplo
391 1584 434 1618 et
460 1578 558 1618 vita
587 1577 791 1630 vndique
813 1578 1171 1630 circumspecta,
1194 1589 1417 1629 magnam
1438 1579 1485 1618 in
1513 1579 1779 1619 admiratio-

155 1660 261 1689 nem
283 1649 543 1700 rapiantur.
572 1649 771 1700 Quidam
791 1649 931 1690 homo
954 1650 1075 1690 hanc
1092 1650 1255 1690 vrbem
1273 1650 1519 1699 incolebat,
1540 1650 1619 1702 qui
1635 1651 1778 1691 semel

155 1725 337 1761 tantum
358 1721 718 1772 poenitentiario
741 1722 919 1761 scelera
941 1721 1279 1772 declarauerat,
1299 1727 1343 1762 et
1364 1722 1601 1773 inutiliter3
1626 1722 1774 1762 occul·

159 1796 342 1832 tauerat
364 1792 592 1844 siquidem
613 1792 795 1833 facinus
816 1792 1059 1843 indignum
1082 1793 1363 1844 christiano,
1394 1793 1525 1833 cuius
1546 1793 1774 1834 detestan-
1829 1812 1832 1814 -

154 1862 263 1902 dum
299 1862 500 1903 officium
530 1863 634 1914 (seu
663 1864 818 1915 potius
845 1864 1144 1914 maleficium)
1175 1870 1274 1904 erat
1305 1864 1515 1905 homines
1543 1864 1772 1916 occidere,

153 1934 256 1974 aliis
277 1934 336 1974 ad
365 1935 605 1974 minimum
633 1936 829 1975 vulnera
861 1935 1067 1986 ingentia
1098 1935 1324 1987 infligere3
1356 1935 1487 1976 cuius
1514 1941 1644 1976 tanta
1674 1941 1775 1976 erat

153 2006 321 2046 mentis
352 2006 585 2046 dementia
615 2012 659 2046 et
688 2006 829 2046 animi
859 2007 1078 2058 perditio,
1108 2012 1158 2047 ut
1185 2008 1278 2047 alta
1308 2007 1409 2048 loca
1438 2007 1773 2048 conscenderet

151 2087 323 2128 magno
345 2088 457 2117 suae
478 2077 604 2118 vitae
625 2077 849 2129 pericu10,
873 2078 1012 2118 modo
1033 2084 1191 2130 posset
1213 2078 1382 2118 herbas
1410 2078 1645 2129 colligere,
1678 2078 1772 2129 qui-

150 2147 234 2188 bus
255 2159 365 2188 ense
387 2154 527 2189 uncto
549 2154 593 2188 et
613 2160 844 2200 resperso,
871 2160 1046 2200 omnes,
1066 2160 1182 2201 quos
1202 2149 1377 2200 feriret,
1395 2154 1702 2190 morerentur:
1729 2155 1773 2190 et

148 2218 270 2270 quod
293 2219 423 2271 peius
444 2226 527 2269 est,
553 2221 661 2271 quia
683 2220 866 2261 dicebat
888 2232 1052 2271 parum
1083 2232 1185 2261 esse
1214 2221 1415 2273 aliquem
1442 2221 1686 2261 mortalem
1707 2221 1770 2261 in-

85 2323 88 2328 .
147 2289 372 2331 terficere:
406 2298 449 2331 et
477 2296 648 2343 quanto
679 2297 899 2332 versutus
930 2292 976 2332 in
1003 2292 1143 2332 rebus
1174 2293 1323 2343 malis,
1356 2298 1487 2333 tanto
1522 2293 1696 2333 inscius
1727 2297 1771 2332 et

147 2360 339 2412 ignarus
368 2374 523 2402 rerum
550 2363 797 2414 bonarum,
829 2363 891 2403 ita
920 2368 969 2403 ut
990 2374 1047 2403 ne
1074 2363 1259 2414 quidem
1288 2363 1546 2404 orationem
1577 2362 1770 2404 domini·

148 2443 251 2472 cam
272 2439 465 2475 teneret:
491 2434 734 2475 confessus
756 2435 944 2475 tandem
966 2440 1034 2474 est
1057 2435 1102 2474 in
1132 2440 1292 2475 nostro
1321 2434 1528 2486 Collegio
1549 2440 1593 2475 et
1614 2435 1769 2486 poeni·

145 2504 337 2544 tentiam
359 2506 472 2556 agit.

223 2574 361 2616 Pater
389 2575 565 2617 Doctor
597 2576 813 2617 Ramirez
842 2577 1126 2627 mulieribus,
1161 2577 1207 2617 in
1232 2577 1448 2627 lupanari
1476 2577 1673 2629 turpiter
1703 2577 1768 2617 vi·

146 2646 375 2695 uentibus,
409 2647 611 2698 quadam
641 2649 867 2688 concione
898 2648 1147 2699 persuasit,
1172 2654 1235 2698 ut,
1260 2660 1318 2688 ex
1348 2648 1539 2699 triginta
1569 2655 1612 2688 et
1644 2655 1765 2700 octo,

144 2716 310 2767 viginti
332 2723 375 2757 et
398 2718 515 2758 duae
538 2718 595 2758 ad
617 2718 869 2759 Dominum
890 2725 1258 2770 reuerterentur3
1284 2731 1341 2759 ex
1363 2719 1528 2770 quibus
1550 2720 1670 2760 aliae
1701 2720 1766 2760 vi·

145 2787 208 2827 ris
229 2795 501 2840 nupserunt,
526 2789 645 2830 aliae
665 2790 937 2841 parentibus
958 2797 1002 2830 et
1023 2790 1203 2830 maritis
1223 2796 1330 2830 sunt
1357 2790 1612 2830 restitutae.

221 2858 322 2899 Non
342 2866 411 2900 est
434 2860 616 2900 silentio
637 2860 1046 2912 praetereundum,
1071 2861 1193 2912 quod
1215 2867 1311 2901 tam
1332 2862 1630 2912 desperatum
1647 2869 1762 2913 erat,

143 2935 185 2969 et
209 2930 308 2970 sola
331 2931 418 2971 Dei
441 2932 772 2983 omnipotentis
793 2944 895 2984 ope,
919 2938 963 2972 et
984 2944 1076 2972 non
1097 2932 1363 2972 mortalium
1391 2932 1584 2972 consilio
1607 2939 1650 2973 et
1667 2933 1764 2974 dili—

197 3087 207 3109 ¹
246 3089 282 3118 P.
299 3089 358 3118 Dr.
376 3091 523 3126 joannes
536 3092 702 3123 Ramirez.
718 3093 805 3123 Vide
821 3092 962 3120 Polanci
980 3091 1182 3126 Chrom'con,
1197 3097 1219 3122 t.
1235 3102 1268 3129 v,
1282 3101 1360 3131 pag.
1374 3093 1436 3128 365,
1454 3098 1567 3122 annot.
1582 3094 1607 3124 5.
