2020 3342
821 244 903 281 AN.
942 244 1032 282 1556
1668 241 1738 279 493

104 342 301 394 famz‘lta
326 342 334 362 ¹
356 341 668 395 percipiendis
689 347 841 381 terrae
869 341 1095 381 fructibus
1124 343 1427 390 occupantur:
1451 337 1558 377 hinc
1586 339 1735 377 exori-

114 422 188 455 tur
217 413 552 454 maledicorum
581 412 770 462 inuidia,
805 424 939 463 quae,
973 423 1078 452 cum
1108 410 1288 461 legibus
1318 408 1467 449 soluta
1498 408 1571 456 sit,
1595 408 1736 447 libere

115 485 213 525 sine
236 484 368 524 obice
388 490 692 535 peruagatus,
717 494 998 534 quamquam
1018 493 1109 522 non
1132 481 1298 521 desunt
1319 479 1464 529 multi,
1488 478 1579 530 qui,
1606 478 1739 518 nobis

115 556 255 595 etiam
276 555 565 597 inconsultis.
589 560 802 593 nostrum
828 553 1141 604 patrocinium
1171 564 1225 592 ac
1257 550 1573 591 defensionem
1596 549 1737 589 susci-

116 626 259 677 piunt:
292 637 455 666 uerum
485 627 586 677 ipsa
616 638 667 665 re
697 626 838 665 multo
867 631 992 664 certe
1023 622 1344 663 uehementius
1375 632 1514 672 quam
1545 620 1740 660 alicuius

115 707 231 737 uoce
252 703 296 737 et
324 696 534 736 oratione
563 696 867 736 defendimur:
900 706 991 746 qua
1021 694 1077 733 de
1106 705 1156 733 re
1185 705 1237 733 ea
1267 693 1398 733 breui
1427 691 1496 731 sic
1523 690 1684 730 habeto
1708 689 1737 740 ¹,

115 779 234 819 quae
254 767 383 808 hisce
404 767 630 819 proximis
652 767 813 807 diebus
835 766 1090 817 contigere.

194 837 275 879 Est
295 837 515 878 Perusiae
536 837 723 889 quidam
744 838 1055 877 humanarum
1083 836 1322 876 literarum
1343 834 1594 885 professor,
1618 833 1740 873 inter

114 909 392 961 praecipuos
423 908 625 959 habitus,
659 908 737 960 qui
765 907 939 948 nostris
970 907 1178 956 obstare,
1212 917 1267 945 ac
1302 889 1466 945 eorum
1500 903 1743 954 aspernari

115 980 390 1029 doctrinam,
414 980 572 1020 nescio
594 991 684 1031 quo
707 991 818 1019 sane
841 978 1034 1018 consilio
1056 977 1238 1026 ductus,
1263 976 1516 1027 inceperat:
1539 981 1678 1026 atque
1697 974 1743 1014 id

115 1051 301 1090 liberius
325 1051 449 1099 (nam
479 1050 615 1090 facile
645 1049 730 1090 fuit
753 1050 918 1101 ignaro
950 1049 1092 1099 uulgo
1123 1047 1191 1087 rei
1221 1047 1357 1086 huius
1387 1045 1523 1086 fidem
1554 1045 1741 1094 facere),

116 1121 337 1172 quoniam
358 1133 413 1173 p1
416 1133 534 1161 imas
557 1121 767 1160 obtinere
788 1119 875 1160 sibi
897 1119 986 1171 ipsi
1006 1118 1268 1158 videbatur.
1291 1116 1468 1157 Tamen
1486 1123 1555 1156 est
1577 1115 1742 1156 deinde

117 1192 382 1243 adscriptus
414 1192 531 1232 inter
553 1191 839 1232 Academiae
866 1189 1157 1241 piosessores
1187 1187 1377 1240 quidam
1409 1194 1632 1237 nostrum,
1664 1197 1740 1237 qm

115 1262 377 1302 oratoriam
398 1261 584 1302 artem⁵
594 1269 808 1314 ,·p1aeter
829 1261 1036 1301 omnium
1073 1259 1338 1311 opinionem
1359 1258 1589 1308 superiori
1620 1269 1742 1298 anno

118 1333 356 1385 professus
386 1340 469 1374 est.
503 1333 588 1374 Cui
618 1341 844 1384 quantum
873 1330 1233 1372 existimationis
1263 1329 1532 1379 accedebat,
1564 1334 1743 1368 tantum

116 1404 180 1444 illi
200 1404 545 1444 detrahebatur.
570 1404 723 1455 Atque
744 1403 818 1443 [εἰς
838 1401 852 1421 ⁴
873 1403 1049 1443 ueritus
1069 1413 1126 1441 ne
1148 1399 1363 1441 mercede
1385 1400 1669 1451 minaretur,
1696 1405 1743 1439 ut

118 1476 194 1527 qui
224 1487 330 1516 cum
360 1476 509 1516 tribus
539 1487 655 1527 pene
687 1474 975 1515 auditoribus
1005 1473 1194 1513 relictus
1223 1471 1399 1522 fuisset,
1433 1471 1486 1521 iS,
1519 1470 1578 1510 ad
1609 1481 1744 1522 quem

121 1558 280 1587 omnes
302 1546 432 1598 prius
462 1553 684 1598 tanquam
714 1546 771 1586 ad
793 1545 1023 1597 Apollinis
1054 1544 1297 1584 oraculum
1326 1542 1636 1592 confluebant,
1667 1553 1743 1581 an-

119 1628 220 1658 sam
240 1618 470 1668 quaesiuit
491 1617 622 1658 nobis
645 1617 817 1669 aliquid
841 1615 1118 1656 obiectandi.
1142 1614 1205 1654 At
1228 1613 1450 1665 quomam
1473 1611 1486 1630 ³
1508 1624 1650 1653 caeca
1671 1619 1745 1652 est

119 1689 262 1728 animi
282 1689 586 1740 perturbatio,
608 1690 752 1728 multa
774 1688 891 1728 falso
912 1693 1075 1727 contra
1098 1697 1183 1726 nos
1204 1685 1250 1725 in
1273 1686 1443 1736 uulgus
1473 1683 1741 1724 dissemina-

117 1760 197 1800 uit.
220 1759 469 1800 Caeterum
498 1766 784 1811 prouocatus
815 1765 862 1798 ut
884 1757 1005 1809 apud
1036 1757 1248 1797 homines
1269 1755 1476 1796 eruditos
1506 1755 1562 1795 de
1582 1762 1744 1795 nostra

116 1837 160 1870 ct
180 1841 264 1870 sua
286 1830 499 1871 doctrina
530 1830 790 1882 periculum
803 1829 948 1881 fieret
969 1827 999 1879 ⁶,
1032 1829 1179 1868 iratus
1200 1826 1451 1867 recusauit.
1489 1825 1621 1866 Vnde
1653 1837 1743 1877 quo

116 1902 271 1942 animo
294 1903 372 1943 illa
394 1903 405 1920 ⁷
429 1903 603 1942 diceret
624 1908 762 1953 atque
785 1907 947 1953 ageret
967 1900 997 1951 ⁸,
1022 1899 1193 1940 nemini
1214 1910 1306 1939 non
1328 1904 1621 1949 compertum
1643 1909 1745 1937 esse

115 1973 331 2013 arbitror.
355 1972 470 2014 Sunt
492 1973 755 2014 huiusmodi
777 1973 895 2012 aliae
917 1971 1242 2011 insultationes
1264 1969 1538 2022 permultae,
1563 1969 1646 2009 sed
1667 1969 1743 2009 ob-

115 2045 295 2084 scurari
317 2045 491 2084 veritas
512 2056 604 2084 non
626 2050 792 2094 potest,
827 2049 870 2083 et
891 2054 982 2093 quo
1005 2041 1280 2093 deprimitur
1310 2040 1475 2091 magis,
1507 2051 1561 2080 eo
1593 2040 1745 2090 magis

118 2116 355 2156 attollitur.
380 2115 498 2156 Nam
520 2116 592 2155 his
613 2115 839 2167 proximis
860 2114 1021 2154 diebus
1043 2113 1289 2164 diligenter
1307 2123 1333 2151 a
1350 2112 1507 2152 multis
1529 2117 1745 2151 curatum

118 2193 186 2226 est
207 2193 270 2237 ut,
295 2186 489 2227 sublatis
510 2187 704 2238 publicis
726 2186 1037 2226 humanarum
1068 2184 1308 2225 literarum
1335 2182 1589 2234 magistriS,
1613 2181 1747 2222 nobis

118 2258 335 2298 iuuentus
369 2258 516 2298 literis
550 2264 594 2298 et
629 2258 835 2298 moribus
871 2255 1119 2296 imbuenda
1163 2255 1444 2295 traderetur,
1482 2253 1617 2304 Quod
1652 2264 1746 2292 non

118 2329 232 2369 adeo
253 2328 516 2380 difficulter
536 2340 709 2380 magna
730 2341 789 2368 ex
810 2335 942 2379 parte
963 2327 1228 2367 confectum
1247 2333 1331 2376 est,
1364 2332 1408 2365 et
1431 2325 1524 2365 iam
1546 2324 1605 2364 ad
1626 2323 1747 2364 futu-

122 2412 173 2440 ra
195 2400 348 2440 studia
368 2411 452 2452 pro
474 2400 596 2440 uirili
617 2406 750 2451 parte
772 2398 1077 2449 accingimur.

198 2470 443 2523 Reliquum
464 2478 534 2511 est
554 2479 602 2511 ut
634 2471 689 2511 de
712 2470 884 2510 ciuium
906 2468 1229 2509 beneuolentia
1261 2468 1307 2507 in
1327 2478 1413 2507 nos
1435 2474 1478 2508 et
1501 2478 1660 2507 amore
1682 2466 1743 2506 di-

120 2553 295 2582 camus.
319 2541 584 2582 Cardinalis
604 2541 811 2590 Fuluius,
836 2551 926 2592 quo
944 2546 1065 2579 esset
1086 2549 1200 2589 erga
1218 2537 1466 2588 collegium
1485 2538 1655 2588 animo,
1677 2548 1748 2576 sa-

173 2726 184 2746 ¹
226 2727 377 2760 integris
393 2727 469 2753 suis
483 2725 648 2756 familiis.
666 2725 852 2752 Pomxcus.

173 2773 186 2793 ²
226 2774 321 2801 breui
337 2776 455 2801 autem
473 2773 602 2800 dicam.
618 2773 665 2800 ID.

174 2822 187 2841 ⁵
224 2823 285 2856 qui
299 2822 493 2848 oratoriam
509 2823 624 2848 artem
640 2820 769 2847 addidit
787 2819 963 2845 Polancus.

172 2869 187 2888 ‘⁴
228 2869 329 2897 vnde.
348 2868 397 2895 ID.

175 2916 189 2936 ⁵
226 2916 272 2943 Et
286 2918 335 2944 vt.
356 2916 408 2944 ID.

173 2962 188 2984 ⁶
217 2964 305 2999 fieri
318 2963 440 2991 vellet.
460 2962 512 2990 10.

177 3010 189 3030 ⁷
228 3012 354 3046 priora
370 3012 499 3039 addidit
516 3010 695 3038 Polancus.

175 3059 190 3078 5
227 3067 299 3086 tam
317 3060 421 3086 etiam
439 3059 566 3086 addidit
583 3058 763 3085 Polancus.
