2020 3342
638 272 858 309 ADDENDA
884 283 925 309 m
951 282 1065 309 Tomo
1091 282 1245 309 ΤΕκτιο
1681 268 1752 305 717

129 368 381 417 auditores,
406 379 658 419 omnesque
679 380 780 408 esse
801 375 1060 415 contentos,
1084 367 1236 419 quoad
1258 377 1502 418 possumus
1524 364 1746 405 iudicare.

127 437 192 488 Id,
217 437 371 488 credo,
394 438 659 489 intelligens
682 439 958 489 Cardinalis,
982 440 1129 478 voluit
1151 423 1338 478 idcirco⁸
1353 438 1508 489 plures
1534 436 1651 475 alios
1673 447 1745 474 eo·

127 508 231 549 dem
251 508 479 560 stipendio
500 510 639 558 alere,
663 509 726 549 ita
749 516 797 549 vt
819 521 1010 549 numero
1030 508 1082 548 30
1103 515 1270 558 essent,
1294 508 1371 559 qui
1391 508 1512 547 hanc
1532 511 1743 546 nostram

126 579 373 619 lectionem
404 579 636 628 audirent,
671 580 806 620 simul
833 588 875 619 et
904 581 1098 619 alteram
1126 579 1180 619 de
1212 579 1398 618 casibus
1424 588 1606 629 quoque
1636 588 1746 616 con-

126 650 363 699 scientiae,
389 661 528 701 quam
549 651 666 690 alius
687 657 978 702 praeceptor,
1003 663 1029 691 a
1050 650 1298 691 Cardinale
1319 649 1512 697 accitus,
1535 647 1742 699 exponit.

125 719 241 760 Sunt
276 728 517 771 praeterea
544 727 729 772 praeter
757 722 864 770 hos,
895 721 973 772 qui
1002 719 1243 772 stipendiis
1270 718 1532 759 Cardinalis
1568 724 1745 758 susten-

124 796 295 840 tantur,
318 791 450 831 multi
469 792 560 841 alii,
585 792 663 843 qui
684 798 893 832 nostram
914 791 1159 831 lectionem
1175 790 1273 830 sine
1290 789 1529 840 stipendiis
1546 789 1742 828 libenter

123 861 331 902 audiunt.
356 862 476 902 Hinc
499 864 658 914 procul
679 863 816 903 dubio
839 873 1051 902 summus
1071 861 1222 901 honor
1247 864 1291 899 et
1316 861 1324 878 ¹
1353 860 1441 900 Dei
1466 859 1617 910 gloria
1645 870 1744 909 spe-

122 939 276 983 ratur;
308 945 417 973 narn
446 934 718 974 sacerdotes
745 934 793 973 hi
819 946 877 974 ex
904 933 1048 973 uariis
1076 932 1191 972 locis
1219 931 1354 971 huius
1383 930 1608 971 dioecesis
1637 941 1743 970 con-

121 1003 283 1054 fluunt,
307 1005 386 1055 qui
407 1016 520 1044 sane
542 1004 741 1056 quidem,
765 1011 1011 1056 postquam
1032 1005 1313 1046 necessariis
1333 1003 1546 1044 omnibus
1562 1001 1622 1041 ad
1637 1012 1744 1040 con-

100 1074 372 1115 -fessionem
406 1081 450 1115 et
485 1076 683 1115 aliorum
718 1087 960 1116 sacrorum
995 1087 1131 1116 vsum
1164 1075 1279 1115 satis
1312 1072 1527 1114 instructi
1556 1071 1742 1119 fuerint,

121 1156 234 1185 suae
270 1157 325 1185 ac
359 1147 682 1197 proximorum
716 1146 853 1186 saluti
887 1146 933 1186 si
962 1146 1259 1192 studuerint,
1298 1144 1434 1184 ualde
1471 1142 1741 1194 proderunt3

121 1215 286 1256 modus
307 1223 463 1256 autem
483 1223 527 1256 et
547 1217 786 1267 exercitia,
811 1228 928 1268 quae
949 1217 995 1256 in
1016 1229 1071 1256 ea
1091 1216 1288 1256 lectione
1309 1215 1552 1263 habentur,
1577 1212 1740 1252 eadem

120 1292 241 1337 sunt,
265 1298 383 1337 quae
405 1287 497 1326 iam
518 1287 696 1338 pridem
718 1287 777 1328 ad
797 1286 846 1327 P.
870 1287 922 1327 T.
945 1287 1232 1338 scripsimus:
1256 1284 1448 1337 proinde
1465 1284 1520 1324 de
1537 1283 1608 1323 his
1625 1281 1740 1322 nihil

120 1356 343 1397 dicemus.

198 1426 477 1469 Sacerdotes
499 1434 606 1469 sunt
632 1429 677 1468 in
699 1429 787 1469 hoc
816 1428 1038 1480 Collegio,
1071 1434 1266 1479 excepto
1294 1426 1343 1466 Ρ.
1374 1426 1595 1475 Rectore,
1628 1424 1710 1464 40¹·
1729 1456 1738 1472 ,

118 1509 315 1549 quorum
337 1510 470 1548 unus,
494 1498 542 1539 P.
565 1500 839 1539 Emmanuel
859 1498 1146 1547 FernandeZ,
1165 1498 1220 1537 de
1237 1509 1326 1549 quo
1346 1508 1502 1547 supra,
1523 1500 1742 1545 aegrotat

117 1569 210 1609 iarn
231 1569 336 1609 inde
359 1582 383 1609 a
406 1571 636 1621 principio
658 1570 945 1610 Decembris:
969 1569 1133 1621 reliqui
1160 1567 1530 1609 confessionibus
1557 1565 1738 1605 schola-

115 1640 340 1681 sticorum
361 1641 604 1681 audiendis
626 1648 928 1693 occupantur,
952 1641 1029 1691 qui
1051 1652 1172 1680 nunc
1194 1651 1385 1679 numero
1406 1637 1486 1678 300
1505 1646 1611 1677 sunt
1632 1639 1737 1687 plus

115 1711 283 1751 minus:
307 1712 539 1752 interdum
560 1713 698 1752 etiarn
729 1713 927 1752 aliorum
957 1711 1274 1751 confessiones
1301 1709 1516 1758 audiunt,
1540 1718 1736 1759 quarum

115 1782 316 1833 quidem,
340 1783 379 1822 si
400 1783 555 1834 plures
576 1783 849 1823 confessarii
871 1790 1040 1832 essent,
1064 1783 1220 1833 plures
1237 1781 1465 1821 audirent.
1488 1779 1738 1820 Praeterea

112 1853 158 1902 ii,
179 1853 255 1904 qui
273 1854 408 1894 morti
426 1854 815 1905 appropinquant,
829 1865 1178 1905 nonnumquam
1194 1852 1471 1892 inuisuntur.
1487 1850 1643 1901 Nuper
1660 1861 1738 1889 au-

112 1931 220 1972 tem,
246 1936 352 1964 cum
372 1937 489 1964 unus
512 1937 569 1964 ex
591 1924 763 1964 nostris
785 1924 1027 1964 cuiusdam
1048 1924 1389 1964 confessionem
1407 1922 1615 1961 auditum
1632 1921 1734 1969 iret,

114 1995 231 2035 duos
253 2003 331 2035 aut
353 2002 448 2036 tres
469 1995 646 2035 amicos
661 1995 784 2045 fecit
809 1997 839 2045 23
868 1997 983 2035 alter
1017 1995 1234 2046 quinque:
1265 1995 1452 2044 insuper
1474 1992 1544 2032 his
1574 1991 1738 2032 diebus

112 2065 203 2105 viri
225 2067 415 2117 quidam
436 2067 594 2106 deuoti
622 2078 676 2106 ac
706 2066 769 2118 pii
799 2067 978 2106 Patres
1004 2069 1087 2105 aut
1103 2066 1299 2115 fratres
1327 2065 1508 2115 aliquos
1535 2063 1734 2113 postula-

111 2143 233 2187 runt,
257 2138 334 2188 qui
356 2149 520 2188 pacem
541 2143 872 2188 componerent
894 2137 1013 2176 inter
1034 2148 1179 2176 vmtm
1201 2139 1244 2175 et
1265 2134 1387 2174 alios
1408 2141 1503 2174 tres
1524 2139 1602 2173 aut
1622 2133 1705 2172 40¹·
1724 2165 1734 2181 ,

112 2209 231 2248 inter
253 2219 368 2259 quos
388 2193 589 2258 magnae
611 2213 744 2248 erant
765 2207 1086 2247 contentiones
1108 2216 1151 2247 et
1180 2207 1281 2246 lites
1302 2216 1408 2245 cum
1435 2216 1616 2244 summa
1645 2203 1735 2243 Dei

111 2279 297 2319 iniuria:
321 2285 367 2318 at
390 2279 464 2319 ille
486 2291 568 2318 sua
592 2278 913 2319 misericordia
941 2277 1093 2318 effecit
1125 2284 1172 2317 ut
1202 2278 1249 2317 in
1280 2276 1482 2327 gratiam
1511 2275 1730 2322 redirent,

110 2356 154 2389 et
175 2350 410 2400 prouoluti
431 2349 627 2399 genibus
654 2349 842 2388 veniam
862 2348 1083 2398 inuicem,
1113 2360 1206 2388 non
1228 2347 1326 2387 sine
1346 2345 1615 2397 lachrymis,
1654 2357 1735 2396 po-

110 2421 352 2460 stularent.

188 2490 317 2530 Haec
339 2491 434 2531 fere
456 2498 587 2531 erant
609 2491 667 2530 ad
689 2490 737 2530 Ρ.
763 2491 814 2530 T.
838 2490 1098 2530 scribenda:
1123 2490 1210 2529 hoc
1232 2489 1381 2528 solum
1398 2487 1625 2537 reliquum
1644 2493 1730 2534 est,

110 2561 233 2613 quod
254 2561 300 2601 in
321 2561 439 2601 festo
462 2560 641 2601 Natalis
662 2560 852 2601 Domini
873 2561 1012 2601 aedes
1032 2559 1328 2607 mutauimus,
1353 2564 1396 2598 et
1426 2570 1484 2598 ex
1504 2557 1635 2608 regio
1656 2568 1731 2607 pa-

110 2632 238 2681 latio,
274 2632 350 2672 ubi
386 2631 537 2671 adhuc
573 2631 919 2681 habitabamus,
951 2633 996 2672 in
1031 2642 1203 2671 nouum
1239 2629 1484 2680 collegium
1511 2628 1731 2678 migraui-

106 2714 223 2752 mus,
249 2703 326 2742 ubi
346 2702 459 2742 satis
481 2702 722 2742 commode
744 2702 1024 2751 habitamus,
1054 2700 1330 2753 praesertim
1360 2698 1514 2751 quoad
1545 2698 1728 2738 cubicu-

106 2773 164 2821 la,
189 2773 271 2813 sed
291 2774 435 2813 multo
456 2772 620 2812 melius
641 2772 952 2812 habitabimus
980 2772 1192 2811 absoluto
1213 2771 1302 2810 hoc
1323 2781 1462 2821 opere
1484 2775 1594 2818 toto;
1617 2780 1728 2807 non-

104 2844 212 2883 dum
240 2844 362 2883 enim
394 2849 583 2894 propter
609 2843 898 2883 turbationes
926 2841 1156 2894 opificum,
1188 2853 1304 2892 quos
1334 2851 1524 2880 necesse
1553 2845 1621 2879 est
1652 2839 1729 2878 hic

161 3026 168 3045 ί
208 3033 352 3053 summa.
367 3025 554 3053 PoLANcus.

156 3073 170 3091 ’ὲ
207 3074 245 3100 in
261 3073 460 3100 amicitiam
476 3073 628 3100 reduxit.
644 3072 692 3099 11).
