2020 3342
900 260 982 297 AN.
1015 261 1105 299 1556
1743 265 1812 302 ‘229

189 356 376 397 Domini
403 356 756 408 Archiepiscopi
779 358 1101 408 consobrinus,
1124 358 1201 409 qui
1222 359 1271 398 z'n
1299 359 1454 409 Regio
1490 360 1697 410 Collegz‘o
1726 361 1808 401 Re-

192 427 334 467 ctoris
355 439 521 468 munus
543 427 762 478 subierat,
787 434 831 468 et
857 440 1044 469 cursum
1073 430 1239 469 artium
1272 441 1327 469 ac
1357 429 1677 481 philosophiae
1707 443 1811 471 cum

188 509 362 549 magna
398 498 718 539 satisfactione
753 511 807 539 ac
843 500 1104 540 auditorum
1140 500 1461 540 aedificatione
1487 501 1809 552 praelegerat,

186 581 303 609 suos
321 570 557 610 auditores
573 570 622 609 in
644 571 1035 611 Baccalaureatus
1056 571 1206 621 gradu
1224 572 1502 612 constitutos
1527 573 1807 624 relinquens,

187 647 396 681 nostram
414 640 693 681 Societatem
715 653 819 681 curn
842 643 1041 693 quodam
1064 643 1289 693 discipulo
1313 643 1553 693 ingressus
1570 650 1653 692 est,
1673 644 1810 694 idque

188 711 332 763 ipsius
355 712 710 764 Archiepiscopi
740 713 949 758 consilio,
975 714 1194 764 quamuis
1214 725 1317 753 eum
1339 714 1395 753 ad
1420 726 1639 764 magnam
1662 714 1807 761 digni-

187 788 346 833 tatem,
369 788 562 834 propter
583 783 681 823 eius
702 784 1007 823 eruditionem
1032 797 1085 824 ac
1114 785 1333 825 eximiam
1362 785 1596 833 virtutem,
1620 791 1806 836 promo-

184 865 293 893 vere
307 857 570 894 statuerat:
586 854 631 894 hi
649 855 788 894 etiam
806 855 863 894 ad
881 856 1167 906 probationis
1185 856 1371 895 domurn
1400 856 1659 896 Cordubam
1676 858 1805 897 missi

183 930 303 974 sunt,
342 925 418 964 ubi
444 926 509 973 (vt
536 925 826 976 accepimus)
855 938 959 966 cum
986 937 1158 977 magna
1187 927 1505 966 consolatione
1532 927 1804 968 beneficium

183 995 271 1035 sibi
293 1008 318 1035 a
340 994 440 1035 Deo
463 997 682 1036 collatum
703 1001 990 1048 agnoscunt.

262 1065 352 1107 Sed
383 1071 436 1107 vt
465 1067 523 1107 ad
550 1067 735 1108 Patrem
764 1075 976 1108 nostrum
1005 1068 1346 1109 Prouincialem
1379 1069 1583 1115 redeam,
1614 1081 1682 1119 ea,
1713 1082 1802 1121 qua

184 1137 317 1188 solet,
348 1137 576 1178 charitate
606 1149 660 1178 ac
689 1139 856 1189 studio,
887 1139 1031 1179 noluit
1058 1139 1164 1179 hinc
1195 1139 1448 1189 discedere,
1486 1140 1632 1180 donec
1665 1141 1803 1180 aliam

183 1208 368 1249 domum
392 1209 524 1249 nobis
546 1209 847 1249 habitandam
868 1210 1170 1261 relinqueret3
1200 1210 1276 1249 illa
1307 1222 1529 1262 namque,
1558 1223 1696 1262 quam
1725 1212 1801 1251 ha-

179 1279 395 1329 bitamuS,
418 1292 510 1320 non
530 1286 629 1320 erat
651 1288 760 1332 apta
783 1280 841 1320 ad
863 1281 1134 1331 religionem
1159 1285 1442 1332 nostrasque
1473 1281 1674 1331 regulas
1704 1285 1801 1321 tam

181 1356 347 1390 exacte
368 1350 640 1399 seruandas,
666 1362 805 1401 qnam
827 1358 1037 1391 nostrum
1059 1351 1190 1391 decet
1214 1352 1488 1392 institutum.
1515 1353 1663 1401 Vnde,
1694 1353 1799 1404 quia

180 1422 306 1462 nulla
341 1421 506 1462 domus
541 1422 808 1462 huiusmodi
842 1422 1027 1462 venalis
1066 1423 1409 1473 inueniebatur,
1447 1423 1801 1475 Archiepiscopi

179 1493 372 1533 consilio
390 1493 619 1545 quaedam
638 1493 869 1534 conducta
887 1500 969 1539 est,
990 1494 1117 1533 iuxta
1136 1506 1275 1546 quam
1292 1494 1520 1545 quaedam
1539 1507 1662 1546 area,
1689 1496 1801 1547 opti-

179 1576 253 1604 mo
274 1564 323 1603 in
345 1564 435 1604 situ
450 1564 631 1616 posita,
651 1564 839 1605 inuenta
862 1571 945 1615 est,
971 1565 1016 1605 in
1038 1577 1127 1615 qua
1150 1565 1397 1615 collegium
1420 1572 1462 1605 et
1481 1566 1677 1606 ecclesia
1696 1578 1797 1606 eum

182 1635 284 1676 aliis
319 1635 378 1675 ad
412 1635 686 1686 religionem
717 1636 1053 1688 pertinentibus
1089 1637 1377 1676 commodius
1411 1635 1538 1676 fiant.
1570 1637 1643 1677 Ad
1680 1638 1801 1688 quod

178 1707 303 1747 DNS
335 1705 746 1759 Archiepiscopus,
771 1713 956 1758 praeter
978 1708 1100 1747 mille
1130 1720 1295 1747 aureos
1318 1719 1546 1758 nummos,
1578 1720 1695 1759 quos
1723 1721 1799 1748 no-

177 1784 274 1818 stro
291 1778 489 1829 collegio
507 1777 780 1828 donauerat,
801 1779 891 1818 alia
911 1779 1000 1819 duo
1019 1779 1160 1818 millia
1179 1790 1300 1818 nunc
1318 1779 1469 1818 denuo
1484 1779 1688 1830 donauit,
1709 1791 1800 1819 non

178 1861 326 1901 paruo
347 1861 548 1901 namque
571 1849 801 1889 desiderio
823 1849 1058 1890 desiderat
1081 1850 1304 1901 plurimos
1325 1850 1379 1889 cle
1402 1850 1631 1890 Socz'ctate
1652 1851 1696 1890 in
1716 1863 1799 1890 sua

177 1920 380 1961 dioecesi
400 1920 581 1960 uidere:
605 1920 729 1972 quod
750 1920 936 1972 quidem
965 1921 1262 1971 desiderium,
1296 1927 1339 1960 et
1371 1921 1658 1971 singularem
1687 1933 1799 1972 erga

175 1990 457 2032 Societatem
479 2003 700 2042 amorem,
727 1998 769 2031 et
791 2003 930 2043 opere
953 1998 995 2031 et
1019 1992 1172 2032 uerbis
1195 1998 1354 2042 aperte
1377 1992 1598 2041 ostendit3
1624 1993 1801 2032 habens

175 2063 298 2103 enim
318 2063 468 2114 prima
496 2063 883 2114 quadragesimae
908 2063 1140 2103 dominica
1173 2064 1230 2103 ad
1258 2064 1477 2114 populum
1511 2064 1798 2113 concionem,

175 2137 226 2174 vt
248 2135 594 2174 commendaret
620 2134 849 2174 exercitia
877 2134 1172 2185 spl'm‘tualz‘a,
1199 2135 1365 2186 quibas
1394 2138 1562 2174 nostra
1592 2135 1802 2175 Societas

175 2205 353 2255 vtetur,
375 2205 436 2244 ad
458 2204 567 2257 quid
590 2205 769 2256 (inquit)
792 2205 1009 2256 cogitatis
1029 2205 1264 2245 Christum
1283 2205 1341 2245 ad
1359 2205 1594 2245 desertum
1612 2206 1795 2256 exiisse,

174 2276 263 2316 nisi
285 2276 341 2316 ad
366 2276 580 2319 facienda
603 2277 853 2316 exercitia?
874 2288 965 2316 non
997 2277 1103 2327 quia
1132 2277 1221 2316 illis
1252 2264 1505 2327 indigebat,
1537 2276 1615 2316 sed
1645 2283 1693 2317 ut
1722 2289 1800 2317 no-

174 2347 245 2388 bis
275 2347 453 2399 (inquit)
484 2347 747 2399 exemplum
774 2348 1056 2399 relinqueret
1084 2347 1142 2387 ad
1170 2359 1218 2387 se
1246 2348 1546 2388 imitandum:
1576 2348 1797 2388 exercitia

174 2419 296 2458 enim
317 2418 432 2458 haec
456 2429 631 2458 nouam
652 2419 897 2458 inuentum
920 2430 1012 2458 non
1041 2422 1170 2458 sant.
1194 2418 1370 2459 Diebus
1392 2419 1600 2470 proxime
1629 2419 1800 2470 elapsis

174 2490 234 2529 ita
259 2489 552 2540 aegrotantt,
573 2496 623 2529 vt
645 2489 700 2528 de
731 2489 886 2540 t'psms
915 2491 1064 2530 salute
1093 2490 1346 2539 timeretur,
1384 2489 1603 2541 Patrique
1638 2496 1800 2529 nostro

176 2560 460 2600 Prouinciali
487 2561 769 2611 generaliter
797 2561 1038 2601 confessus
1069 2568 1160 2610 est;
1190 2567 1233 2600 et
1261 2568 1448 2612 praeter
1476 2561 1796 2609 eleemosinas,

174 2642 291 2684 quas
313 2631 412 2683 ipse
434 2632 700 2682 frequenter
720 2632 1024 2682 largiebatur,
1049 2633 1241 2671 multum
1259 2632 1561 2682 pecuniarum
1585 2632 1796 2682 pauperi>

175 2703 259 2742 bus
283 2702 477 2754 aliisque
498 2702 588 2753 piis
610 2702 828 2753 operibus
850 2702 1097 2749 distribuit,
1123 2708 1171 2742 vt
1194 2703 1292 2742 sine
1321 2702 1494 2742 diuitiis
1521 2714 1795 2741 moreretur.

175 2773 372 2813 Praeses
394 2773 584 2824 insuper
606 2773 743 2812 huius
765 2773 852 2813 fori
876 2773 1025 2824 Regii,
1049 2773 1133 2824 (μα’
1148 2777 1218 2813 est
1240 2773 1486 2813 Am‘lensss
1513 2773 1796 2824 Eptscopns,

175 2855 261 2884 nos
282 2854 453 2894 magno
474 2844 771 2895 prosequitur
792 2855 964 2884 amore.
991 2843 1243 2895 Speramus
1266 2845 1311 2884 in
1333 2843 1536 2883 Domino
1559 2844 1695 2883 huius
1723 2855 1794 2883 ur-

172 2914 243 2954 bis
264 2914 511 2965 collegium
535 2914 757 2954 eximium
779 2914 1001 2964 futurum,
1026 2915 1071 2954 in
1094 2926 1182 2965 quo
1204 2915 1415 2955 Creatori
1434 2921 1476 2953 et
1494 2914 1795 2964 Redemptori

171 2991 334 3025 nostro
356 2996 534 3036 magno
557 2985 846 3035 camfractu
869 2986 1115 3026 seruiatur.

253 3055 378 3097 Infra
421 3062 639 3097 octauam
674 3055 882 3096 Paschae
919 3057 977 3097 ad
1012 3057 1212 3107 domum,
1250 3068 1368 3109 quae
1403 3056 1633 3096 conducta
1675 3061 1792 3103 erat,
