2020 3342
223 255 294 294 218
730 256 955 295 LITTERAE
982 267 1337 300 QUADRIMESTRES

223 365 334 394 nere
368 353 414 393 14
446 366 593 394 annos
622 355 840 405 expleuit.
864 354 946 394 Est
967 354 1089 394 bona
1117 354 1288 406 indole,
1314 356 1389 395 eui
1418 355 1546 397 Deus
1576 357 1697 397 hanc
1730 360 1852 398 men*

223 431 317 465 tem
345 425 523 465 vtinam
557 425 647 475 det,
678 431 728 465 vt
761 425 970 476 parentis
1004 424 1209 465 imitetur
1240 426 1535 477 probitatem.
1572 426 1674 467 Non
1709 429 1849 479 pauci

222 502 341 545 sunt,
367 501 411 535 et
432 507 489 535 ex
511 496 599 536 illis
621 495 807 546 quidam
829 495 1118 545 nobilissimi,
1149 495 1226 547 qui
1255 496 1365 549 Jesu
1397 496 1581 538 Christo
1614 498 1660 538 in
1682 505 1843 539 nostra

221 565 452 606 Societate
474 578 522 606 se
545 566 686 606 velint
707 566 879 616 (Πρω-α
905 565 984 605 sed
1009 565 1275 606 difficultate
1297 567 1573 618 impetrandi
1595 580 1621 609 a
1644 570 1842 620 parenti·

221 637 306 676 bus
329 636 373 677 id
395 636 592 677 faciendi
616 642 895 688 potestatem
924 636 1253 687 impediuntur.

302 708 616 748 Accesserunt
638 708 726 747 hue
748 707 934 755 fratres,
959 719 1076 758 quos
1098 708 1364 749 Ludouicus
1395 708 1660 759 Gonealues
1688 722 1845 752 seeum

220 778 367 818 Roma
404 779 560 829 duxit,
599 789 794 830 quorum
832 777 1143 818 obedientiam
1180 785 1223 819 et
1262 780 1665 822 mansuetudinem
1699 783 1844 834 suspi-

221 850 383 889 cimus.

299 920 426 960 Deus
454 919 558 971 Opt.
588 920 712 960 Max.
746 920 834 960 hoe
862 921 995 961 nobis
1022 927 1243 972 praestet,
1283 927 1330 961 ut
1363 922 1450 962 sibi
1479 923 1763 974 placeamus,
1801 930 1845 964 et

222 991 426 1042 perfecte
448 993 835 1042 obtemperemus.

297 1062 445 1102 Tuam
479 1062 813 1103 Paternitatem
840 1075 924 1115 pro
955 1064 1088 1103 nobis
1114 1063 1215 1104 Deo
1250 1064 1512 1116 supplicare
1540 1065 1844 1106 vehementer

221 1134 446 1184 cupimus.

304 1205 461 1245 Mense
507 1205 617 1245 Maii
666 1205 780 1245 1556.
835 1205 1158 1246 Conimbricae
1205 1205 1365 1246 datum
1409 1219 1467 1246 ex
1517 1207 1842 1249 commissione

222 1275 275 1316 R.
299 1275 348 1315 P.
373 1275 555 1325 Leonis,

1109 1419 1347 1460 ANTONms
1378 1420 1627 1461 ANDRADE.

296 1702 649 1755 Superscmptso
677 1705 726 1744 in
759 1709 931 1756 quarta
950 1705 1153 1755 pagina:
1183 1678 1294 1744 Isis,
1327 1704 1386 1744 Al
1413 1716 1522 1757 muy
1553 1705 1654 1746 R.d⁰
1693 1706 1841 1747 Padm

216 1782 405 1814 nuestso
424 1787 479 1814 en
499 1775 700 1826 Christo,
720 1777 759 1815 el
772 1775 820 1815 P.
842 1775 901 1814 M.
917 1775 1097 1826 Ignatio
1116 1776 1170 1815 de
1183 1776 1377 1827 Loyola,
1394 1775 1632 1828 Preposito
1649 1779 1840 1829 general

216 1844 335 1885 dela
360 1845 615 1896 Compasiia
638 1847 693 1886 de
714 1847 864 1899 Jesus,
889 1854 994 1897 eto,
1019 1846 1182 1887 Roma.

293 1915 403 1955 Alsa
426 1928 586 1956 numm:
613 1917 725 1956 1556.
752 1917 1063 1957 Conimbriea.
1088 1917 1463 1968 Quadrimestres
1486 1918 1610 1959 Maii.
1635 1921 1662 1966 †

294 1987 356 2026 Et
378 1986 492 2026 alsa:
512 1989 539 2034 †
562 1987 900 2037 Quadrimestii
922 1988 1056 2028 uechi
1078 1988 1132 2028 de
1157 1989 1329 2029 diuersi
1351 1990 1516 2030 uande.
1539 1990 1718 2030 Latine.

308 2057 566 2107 Vestigium
590 2069 721 2098 cerac
741 2058 911 2108 sigilli.
