2020 3342
251 240 317 278 104
756 241 980 278 LITTERAE
1007 251 1364 285 QUADmMESTREs

897 691 996 745 OD
1010 691 1208 744 LXXV

320 917 547 956 Gerardus
566 918 777 967 Lapidius

370 984 490 1020 Patri
507 984 676 1031 Ignatio
696 985 749 1021 de
768 984 950 1032 Loyola.

412 1049 643 1095 Panormo,
664 1050 707 1086 31
727 1049 925 1096 Januarii
945 1050 1037 1088 1556
1051 1050 1076 1086 ¹.

989 1259 1120 1329 ⁸llius,

331 1470 495 1510 Gratia
519 1477 561 1510 et
582 1483 676 1522 pax
698 1470 888 1511 Domini
909 1478 998 1511 etc.

326 1541 711 1593 Quandoquidem
732 1542 1050 1593 superioribus
1071 1543 1231 1591 literis,
1251 1554 1366 1594 quas
1384 1544 1439 1583 de
1455 1544 1635 1583 ratione
1658 1549 1871 1584 actorum

245 1612 654 1664 quadrimestrium
675 1613 946 1663 scripsimus
963 1612 992 1662 ⁶²,
1015 1613 1254 1664 sigillatim
1275 1625 1420 1664 prope
1441 1614 1597 1654 omnia
1618 1614 1673 1653 de
1698 1614 1871 1654 scholis

243 1690 288 1724 et
314 1683 630 1723 studiosorum
653 1684 1017 1723 adolescentium
1054 1684 1468 1724 exercitationibus
1495 1685 1765 1736 persequuti
1797 1696 1870 1725 su-

244 1765 360 1803 mus,
385 1754 477 1794 iam
498 1754 613 1794 nihil
641 1754 717 1793 illa
749 1761 957 1805 repetere
986 1755 1166 1794 attinet.
1199 1754 1392 1802 Verum,
1425 1756 1643 1806 quoniam
1677 1767 1769 1795 non
1790 1756 1870 1795 rni-

243 1837 328 1865 nus
369 1825 653 1864 laboriosum
686 1833 756 1864 est
790 1825 837 1864 in
876 1825 1015 1864 rebus
1049 1825 1242 1865 honeste
1282 1827 1511 1876 susceptis
1548 1837 1867 1876 perseuerare,

242 1907 380 1946 quam
403 1906 550 1934 nouas
578 1895 836 1944 instituere,
868 1895 914 1934 id
943 1896 1208 1935 summatim
1244 1895 1601 1946 significandum
1635 1895 1865 1936 duximus:

242 1966 397 2006 omnia
414 1967 460 2005 in
482 1966 643 2006 eodem
665 1967 897 2006 curriculo
920 1966 1145 2006 foeliciter
1174 1966 1394 2018 progredi
1427 1977 1516 2017 qno
1552 1966 1565 1984 ⁵
1596 1974 1866 2018 coeperunt.

242 2036 418 2087 Quibus
439 2037 637 2076 docendi
669 2049 836 2077 munus
866 2037 1044 2088 obtigit,
1071 2038 1116 2076 in
1140 2049 1193 2077 eo
1212 2038 1425 2077 laborant
1447 2037 1678 2088 gnauiter,
1703 2044 1750 2077 ut
1773 2044 1868 2078 tam

240 2119 422 2147 morum
444 2115 487 2147 et
509 2108 634 2147 vitae
656 2108 817 2158 optimi
837 2115 1166 2159 praeceptores
1188 2109 1463 2157 habeantur,
1487 2119 1627 2158 quam
1642 2109 1753 2148 boni
1773 2109 1868 2149 lite-

240 2190 399 2218 rarum
420 2178 648 2229 magistri;
672 2179 795 2230 quod
830 2190 935 2218 cum
971 2191 1149 2218 summe
1180 2186 1420 2229 praestare
1444 2179 1647 2230 cupiant,
1671 2186 1720 2219 ut
1740 2191 1872 2231 prae-

242 2254 363 2288 stent
383 2249 540 2288 diuina
566 2250 720 2300 gratia
755 2250 844 2289 illis
880 2256 948 2289 est
986 2250 1180 2290 auxilio:
1220 2262 1309 2301 quo
1345 2250 1417 2301 fit,
1454 2255 1503 2290 ut
1538 2249 1752 2301 discipuli
1777 2262 1870 2291 non

241 2320 390 2359 solum
412 2320 457 2359 in
487 2320 647 2370 literis,
684 2327 875 2371 propter
910 2320 1124 2360 assiduas
1158 2321 1519 2362 exercitationes
1549 2329 1593 2362 et
1625 2322 1870 2372 magistro-

240 2402 342 2430 rum
362 2390 664 2441 diligentiam,
688 2391 938 2443 plurimum
960 2391 1219 2442 proficiant,
1246 2403 1408 2433 uerum
1443 2394 1583 2433 etiam
1604 2394 1651 2433 in
1681 2392 1870 2443 pietatis

240 2461 407 2501 studiis
452 2473 675 2512 magnum
713 2473 1015 2513 progressum
1056 2462 1253 2502 faciant:
1298 2464 1446 2503 nostri
1486 2469 1641 2503 autem
1680 2463 1867 2511 fratres,

241 2542 522 2582 quamquam
548 2538 725 2572 tantam
758 2533 1154 2584 opportunitatem
1189 2534 1235 2573 in
1272 2533 1527 2585 disciplinis
1562 2533 1796 2574 discendis
1822 2534 1870 2573 in

240 2602 488 2653 gymnasio
525 2614 631 2642 cum
666 2603 768 2642 aliis
803 2615 1095 2643 communem
1128 2603 1345 2654 habeant,
1383 2604 1617 2655 priuatam
1648 2610 1804 2644 tamen
1825 2611 1870 2644 et

296 2760 306 2781 ¹
347 2761 595 2795 Autographae
620 2761 744 2795 duplici
766 2762 856 2795 folio,
872 2762 981 2795 primo
1003 2769 1033 2788 n.
1061 2761 1120 2794 153.
1144 2763 1253 2789 altero
1277 2769 1341 2789 non
1365 2763 1660 2790 numerato.—Est
1676 2767 1709 2790 et
1726 2771 1870 2798 apogra-

242 2808 345 2842 phum
361 2808 459 2835 unico
472 2808 561 2840 folio,
578 2808 681 2834 n.158.

295 2856 309 2875 2
348 2855 622 2888 Quadrimestres
638 2856 702 2882 hae
716 2856 865 2889 litterae,
882 2863 1024 2889 quarum
1041 2855 1094 2882 hic
1111 2856 1263 2882 meminit
1278 2855 1450 2890 Lapidius,
1463 2864 1526 2883 non
1542 2861 1618 2883 sunt
1632 2856 1873 2890 praecedentis

242 2903 320 2929 anni
341 2903 476 2935 tertiae,
491 2910 575 2936 quas
590 2903 728 2936 scripsit
745 2903 897 2936 Angelus
914 2903 1084 2929 Pulicinus
1096 2902 1195 2935 (Vide
1211 2910 1325 2936 supra,
1341 2907 1365 2929 t.
1378 2911 1513 2937 111‚pag.
1526 2903 1667 2937 620-624),
1684 2911 1743 2930 nee
1756 2911 1874 2931 secun-

244 2951 317 2984 dae,
334 2958 418 2985 quas
432 2951 593 2977 exaravit
609 2950 734 2977 Paulus
750 2951 928 2977 d'Achillis
955 2950 1054 2984 (ibid,
1076 2957 1155 2984 pag.
1177 2950 1317 2983 &2515ss
1340 2951 1371 2977 in
1394 2952 1433 2978 iis
1454 2951 1542 2978 enim
1556 2959 1666 2985 pauca
1681 2952 1815 2979 omnino
1830 2952 1870 2979 de

242 2998 372 3026 scholis
386 2998 566 3031 habentur;
583 2997 641 3024 sed
659 2998 798 3032 primae,
815 3005 898 3031 quas
914 2998 983 3031 ipsc
1000 2998 1138 3031 scripsit
1155 2997 1321 3032 Lapidius
1337 2999 1434 3032 (z'bt'd,
1449 3006 1526 3032 pag.
1539 2998 1685 3032 301-305).

296 3045 310 3065 ³
347 3047 392 3072 vt.
407 3045 590 3072 PoLANcus.
