2020 3342
858 246 935 283 AN.
965 245 1055 284 1556
1692 248 1762 284 013

151 342 291 393 aliud,
315 355 454 395 quam
475 345 596 396 quod
618 345 749 395 alius,
779 344 856 396 qui
883 343 1055 384 dudum
1083 343 1174 383 illic
1201 342 1449 383 Rectorem
1479 342 1573 393 egit
1602 340 1628 390 ¹,
1660 355 1767 382 non-

145 412 255 454 dum
289 414 551 466 emigravit.
590 415 692 455 Non
727 415 991 455 dubitamus
1027 415 1137 466 quin
1167 413 1368 466 plurima
1397 413 1456 453 sit
1493 418 1770 464 operaturus

146 484 375 525 Dominus
396 497 478 536 per
499 485 756 537 Collegium
779 486 880 535 hoc,
907 485 1029 537 quod
1057 490 1215 525 tantae
1238 484 1534 525 difficultates
1563 483 1770 535 tantique

144 556 329 596 labores
351 556 536 596 tandem
567 562 861 608 pepererunt.
894 556 1082 597 Obstitit
1112 556 1245 596 nobis
1266 556 1493 596 hactenus
1514 555 1771 606 uersipellis

146 632 190 667 et
217 626 519 667 saeuissimus
549 627 697 668 hostis
725 628 916 668 humani
943 627 1144 679 generis,
1174 628 1343 667 timens
1364 625 1655 666 inferendum
1685 625 1771 665 sibi

145 697 351 747 exitium,
376 698 413 738 si
435 709 519 749 pro
542 700 662 739 uotis
683 710 757 739 res
780 704 968 738 nostrae
998 697 1316 753 succederent,
1349 698 1480 749 sique
1511 696 1769 748 Collegium

145 768 330 820 aliquod
351 770 397 809 in
419 769 508 810 hac
530 776 625 810 tam
643 770 811 810 celebri
833 769 1149 810 Uniuersitate
1172 781 1227 809 ac
1247 769 1359 809 urbe
1381 768 1767 816 nominatissima,

144 846 188 880 et
223 851 341 892 quae
372 847 511 899 caput
541 852 622 881 seu
648 840 919 892 Metropolis
949 846 1018 880 est
1039 840 1179 881 totius
1205 839 1439 880 inferioris
1468 839 1764 889 Germaniae,

143 910 538 952 nancisee'remur.
571 911 704 952 Hanc
733 912 855 952 enim
886 911 1124 952 ciuitatem
1153 911 1295 951 ueluti
1323 911 1503 961 ducem,
1537 910 1669 950 cuius
1695 921 1767 950 ue-

141 981 280 1033 stigia
302 983 431 1034 sequi
454 983 652 1023 debeant
673 983 719 1023 in
741 983 969 1033 omnibus,
994 994 1112 1034 quae
1142 982 1201 1022 ad
1226 981 1517 1033 Religionem
1546 986 1589 1021 et
1618 992 1770 1021 mores

143 1053 390 1104 pertinent,
429 1054 666 1094 intuentur
701 1055 818 1094 aliae
854 1066 969 1105 pene
1005 1066 1180 1103 omneS‚
1215 1059 1264 1093 ut
1299 1054 1355 1093 ab
1391 1053 1527 1093 huius
1562 1052 1770 1093 moribus

144 1124 343 1164 aliorum
364 1136 519 1165 mores
541 1125 786 1176 pendeant.
810 1125 937 1165 Vicit
958 1131 1113 1165 tamen
1135 1125 1229 1165 Leo
1257 1124 1313 1165 de
1339 1124 1461 1164 tribu
1489 1124 1616 1173 Iuda,
1649 1123 1768 1163 Vice-

143 1200 249 1236 runt
272 1196 435 1236 merita
456 1196 894 1246 illustrissimorum,
924 1196 1323 1235 sanctissimorum
1354 1194 1549 1245 Regum,
1573 1206 1770 1246 quorum

142 1266 218 1307 hic
239 1278 345 1307 ossa
369 1267 628 1318 quiescunt.
652 1267 778 1307 Vicit
806 1267 977 1307 chorus
1006 1272 1275 1306 sanctarum
1304 1265 1556 1316 Virginum
1582 1264 1770 1306 VRSV-

143 1337 267 1378 LAE
287 1345 330 1378 et
353 1338 602 1379 comitatus
620 1338 733 1389 eiuS‚
757 1338 870 1378 vicit
891 1344 935 1378 et
955 1337 1273 1378 nobilissimus
1293 1337 1480 1377 Thebae
1490 1347 1620 1376 orum
1641 1347 1769 1376 exer-

143 1409 283 1460 citus,
313 1410 392 1462 qui
420 1421 503 1461 pro
531 1416 691 1450 nostra
722 1409 915 1450 Colonia
943 1409 1187 1450 continuas
1215 1408 1273 1449 ad
1307 1408 1458 1448 Deum
1485 1418 1647 1459 preces
1673 1407 1770 1447 fun-

143 1479 271 1532 dunt,
303 1492 360 1520 ne
390 1493 415 1521 a
443 1481 672 1521 maiorum
700 1492 890 1521 suorum
917 1480 1004 1520 fide
1032 1492 1086 1520 ac
1120 1479 1362 1530 Religione
1393 1477 1639 1529 desciscat,
1673 1477 1769 1528 sed,

143 1551 231 1604 piis
252 1553 439 1593 monitis
460 1552 633 1601 adiuta,
658 1552 884 1603 paulatim
904 1553 1115 1592 saniores
1137 1562 1293 1591 mores
1315 1556 1537 1591 assumat.

220 1623 446 1675 Magister
467 1624 698 1664 Henricus
719 1622 732 1642 ²
755 1622 1162 1675 (quemadmodum
1183 1622 1502 1674 superioribus
1523 1621 1668 1661 literis
1695 1632 1771 1661 ve-

144 1701 290 1736 stram
307 1695 360 1736 R.
380 1695 628 1736 certiorem
644 1694 748 1743 feci>
766 1700 1007 1746 promotus
1023 1694 1069 1734 in
1086 1694 1370 1744 Theologiae
1386 1694 1769 1743 Baccalaureum,

143 1767 436 1808 Psalmorum
473 1766 810 1806 Dauidicorum
845 1765 1190 1806 enarrationem
1226 1764 1491 1816 assumpsit,
1528 1775 1643 1815 quos
1678 1769 1773 1803 tam

144 1839 370 1880 foeliciter
405 1839 760 1890 interpretatur,
796 1842 845 1877 ut
881 1848 1040 1877 omnes
1074 1836 1360 1887 Theologiae
1396 1835 1654 1886 DoctoreS‚
1693 1834 1770 1886 qui

146 1917 253 1951 ante
274 1910 549 1951 decennium
571 1909 744 1950 Sacras
772 1909 954 1950 Literas
984 1908 1182 1960 professi
1209 1913 1328 1958 sunt,
1360 1908 1500 1958 longo
1530 1906 1775 1947 interuallo

143 1987 434 2034 praecurrat,
458 1987 506 2021 ut
527 1981 663 2021 facile
682 1979 947 2020 auditorum
964 1991 1184 2020 numerus
1202 1978 1468 2019 testimonio
1486 1989 1588 2018 esse
1604 1982 1773 2029 potest.

144 2053 392 2094 Confiuunt
413 2064 618 2104 namque
640 2053 796 2104 plures
818 2051 876 2091 ad
897 2051 996 2091 eius
1017 2051 1255 2101 lectiones,
1282 2061 1421 2102 quarn
1443 2049 1502 2089 ad
1530 2049 1666 2099 illius,
1699 2048 1777 2100 qui

144 2136 170 2165 a
192 2125 335 2165 multo
358 2129 566 2175 tempore
587 2122 812 2163 docuerit.
837 2122 1067 2162 Dominus
1087 2121 1231 2172 Deus,
1255 2121 1333 2172 qui
1351 2121 1490 2161 talem
1507 2130 1777 2160 successum

145 2195 284 2246 dedit,
308 2195 436 2235 dabit
458 2200 501 2235 et
522 2194 734 2235 foelicem
755 2193 944 2234 exitum.
976 2192 1240 2245 Suspensae
1268 2197 1389 2241 sunt,
1419 2191 1555 2231 huius
1582 2190 1779 2231 Uniuer-

146 2267 297 2307 sitatis
319 2277 462 2317 more,
485 2266 709 2306 lectiones
730 2271 828 2305 tum
849 2271 1039 2316 propter
1068 2263 1408 2315 quodlibeticas
1430 2262 1728 2314 quaestiones
1748 2259 1776 2311 ⁵,

146 2344 242 2379 tum
278 2343 468 2390 propter
503 2337 711 2388 ingentia
741 2336 935 2387 frigora,
968 2342 1065 2375 tum
1093 2335 1231 2375 etiam
1260 2341 1450 2385 propter
1478 2332 1780 2373 festiuitatem

147 2409 401 2450 instantem
429 2407 458 2446 ⁴.
492 2407 718 2459 Magister
749 2406 980 2447 Henricus
1005 2406 1266 2447 Louanium
1298 2404 1534 2455 profectus
1565 2409 1633 2443 est
1654 2408 1780 2442 certe

148 2480 379 2532 quaedam
410 2479 614 2530 negotia,
649 2489 766 2529 quae
796 2476 1087 2528 Religionem
1109 2481 1411 2525 coneernant,
1435 2474 1684 2514 admodum
1706 2485 1780 2513 nc-

148 2550 368 2601 cessaria,
401 2550 758 2601 compositurus.
788 2547 1080 2588 Reuersurus
1107 2553 1264 2588 tamen
1294 2552 1401 2587 ante
1428 2545 1544 2585 haec
1572 2544 1706 2593 festa,
1731 2549 1779 2584 ut

146 2622 392 2664 lectionem
415 2627 630 2672 coeptam
652 2625 979 2671 prosequatur.

224 2692 449 2743 Magister
484 2691 688 2744 Joannes
720 2689 870 2740 Riedt‚
901 2701 1006 2730 cum
1034 2688 1366 2741 occupationes
1395 2687 1538 2728 futuri
1566 2686 1776 2737 Collegii,

200 2878 210 2898 ¹
248 2877 412 2911 “jacobus
426 2875 616 2908 Leichius„
632 2874 690 2908 ID.,
710 2874 808 2907 ibid„
824 2878 940 2902 annot.
956 2874 981 2902 2.

196 2925 211 2945 ²
246 2923 431 2952 “Henricus
446 2922 641 2958 Dionysius.
663 2921 726 2949 Hic
749 2921 940 2956 theologiae
956 2921 1113 2950 facultati
1135 2920 1330 2955 adscriptus
1346 2921 1458 2948 fuerat
1480 2919 1532 2947 die
1547 2918 1594 2947 2²²
1617 2916 1776 2948 Octobris

143 2971 314 3006 (Matrikel
330 2971 548 2998 “Mitriculae
562 2970 648 2997 liber
663 2976 721 2997 seu
736 2972 936 3003 regestum„.
951 2976 986 2996 w
1001 2969 1056 2997 fol.
1072 2968 1165 3004 220).„
1181 2969 1242 3004 Io.,
1259 2968 1356 3002 ibid„
1371 2972 1484 2999 annot.
1497 2967 1524 2997 3.

200 3019 214 3039 ³
251 3019 338 3047 Vide
355 3019 504 3052 Hmsax,
521 3019 540 3045 1.
558 3025 594 3048 c..
610 3024 688 3051 pag.
704 3016 765 3050 285,
782 3021 900 3044 annot.
919 3016 944 3043 2.

202 3068 215 3089 ⁴
253 3066 454 3096 Nativitatis
471 3065 545 3093 Dni.
562 3065 601 3093 N.
618 3064 829 3099 Jesuchristi.
