2020 3342
270 229 344 266 47&
785 229 1010 267 L1TTERAE
1036 241 1393 273 QUADRIMESTRES

352 326 539 366 Accidit
560 333 604 366 et
627 327 766 376 aliud,
791 338 876 366 nec
898 327 999 366 leue
1025 327 1136 367 illud
1157 334 1201 367 et
1230 328 1538 368 admiratione
1567 329 1775 380 dignum.
1810 331 1899 371 Ve-

273 404 404 437 nerat
426 398 686 437 monachus
707 397 895 448 quidam
916 397 1199 448 Valentiam,
1222 398 1464 449 religionis
1480 399 1721 440 cuiusdam
1737 408 1898 442 sancte

271 469 542 517 uiuentium,
567 468 716 508 sacris
736 468 829 507 iam
851 468 1073 518 initiatus,
1098 469 1175 520 qui
1197 476 1319 510 totos
1341 482 1511 510 novem
1532 482 1695 522 annos,
1715 473 1897 514 cucullo

270 540 477 589 abiecto,
508 539 809 590 popularibus
838 540 1185 592 prophanisque
1215 540 1419 581 vestibus
1447 542 1722 593 ornabatur,
1756 549 1895 595 atque

267 612 467 650 electum
488 610 613 649 vitae
635 621 746 649 suae
768 610 1029 650 institutum
1057 622 1249 661 prorsus
1280 611 1468 662 oblitus,
1498 613 1816 664 uoluptatibus
1849 620 1895 654 et

270 693 418 732 praua
454 680 655 732 quadam
688 681 909 720 vitiorum
936 681 1269 722 consuetudine
1300 683 1601 723 obcalluerat:
1632 695 1658 723 a
1689 684 1891 735 quodam

270 759 425 791 tamen
453 759 663 801 rogatus,
693 750 845 791 Patris
872 751 1088 791 Ramirez
1116 752 1328 792 concioni
1359 752 1583 805 interfuit;
1616 765 1753 805 quem
1788 766 1893 795 cum

270 822 488 871 audisset,
513 830 562 862 ut
584 830 652 862 est
675 822 948 862 admiranda
970 823 1170 863 hominis
1198 824 1243 863 in
1265 823 1587 865 concionando
1619 824 1891 876 dexteritas,

268 894 315 933 in
332 893 388 933 D.
404 893 712 943 Magdalenae
724 893 909 933 laudem
926 894 1096 945 optime
1113 902 1156 934 et
1175 895 1362 945 copiose
1375 895 1620 946 dicentem,
1636 895 1824 936 domum
1842 894 1900 936 sev

268 965 512 1015 recipiens,
550 966 779 1004 malorum
801 965 1005 1004 omnium
1028 965 1314 1005 conscientia
1337 966 1619 1006 reclamante
1641 967 1687 1006 in
1709 967 1892 1018 lacrhy-

267 1047 383 1083 maS,
408 1048 433 1075 a
457 1036 623 1087 quibus
644 1037 900 1087 permultos
920 1048 970 1076 se
992 1035 1090 1076 dies
1111 1048 1203 1076 non
1236 1037 1385 1087 potuit
1414 1043 1697 1088 temperare,
1727 1049 1891 1089 proru-

266 1107 353 1157 pit:
379 1106 582 1157 tandem,
606 1106 818 1158 praefato
841 1106 968 1146 Patri
989 1107 1134 1147 verba
1156 1107 1381 1155 facturus,
1407 1108 1651 1159 accedens,
1675 1108 1731 1148 de
1754 1109 1891 1149 rebus

266 1177 362 1218 suis
382 1178 504 1217 serio
528 1178 841 1225 consulturus,
865 1177 923 1218 ad
945 1178 1183 1217 meliorem
1204 1178 1297 1218 iam
1324 1190 1448 1218 nunc
1468 1178 1649 1229 frugem
1679 1179 1890 1219 immuta-

265 1256 354 1299 tus,
379 1250 585 1300 resipuit,
611 1255 748 1300 atque
771 1249 877 1289 hinc
906 1250 965 1288 ad
993 1251 1260 1299 generalem
1287 1249 1359 1289 sui
1390 1249 1566 1289 ordinis
1592 1249 1888 1290 Praefectum

266 1321 514 1370 secedens,
553 1321 675 1360 illius
711 1332 759 1360 se
795 1327 939 1360 totum
976 1321 1081 1360 fidei
1116 1320 1346 1360 commisit
1379 1333 1436 1360 ac
1463 1320 1726 1362 firmissime
1761 1333 1890 1361 man-

262 1391 410 1431 dauit.

342 1462 520 1503 Aderat
550 1464 622 1502 uir
650 1463 839 1513 quidam
878 1463 922 1502 in
950 1463 1038 1502 hac
1067 1464 1200 1512 urbe,
1230 1463 1309 1514 qui
1338 1469 1382 1503 et
1416 1462 1567 1503 Patris
1597 1463 1813 1503 Ramirez
1845 1469 1888 1503 et

259 1534 468 1573 omnium
489 1534 535 1572 in
557 1534 645 1574 hac
665 1532 898 1574 Societate
926 1534 1193 1583 degentium
1215 1534 1382 1573 canino
1404 1534 1539 1574 dente
1565 1533 1739 1574 famam
1760 1546 1886 1574 arro-

261 1605 415 1654 debat;
439 1616 543 1645 cum
566 1611 719 1644 autem
749 1605 891 1653 illum,
922 1603 1051 1655 cujus
1080 1605 1257 1645 nomini
1287 1611 1529 1656 tantopere
1558 1606 1884 1655 derogauerat,

259 1675 384 1716 domi
406 1676 763 1715 concionantem
784 1675 1005 1725 audisset,
1030 1676 1313 1726 poenitentia
1331 1676 1498 1716 ductus
1519 1683 1563 1715 et
1585 1676 1886 1728 lachrymans

260 1757 482 1797 magnum
508 1758 557 1786 se
584 1746 855 1786 thesaurum
883 1747 965 1796 (sic
992 1747 1067 1786 ille
1095 1746 1311 1796 uocabat)
1341 1754 1476 1787 antea
1508 1758 1601 1786 non
1634 1747 1885 1797 agnovisse

259 1818 551 1869 querebatur.
586 1816 831 1857 Adducam
859 1824 901 1857 et
933 1818 1057 1857 aliud
1093 1818 1198 1857 huic
1229 1829 1322 1857 non
1358 1818 1568 1858 absimile
1603 1819 1881 1869 exemplum.

258 1889 565 1928 Inuehebatur
605 1889 896 1928 atrocissime
943 1889 987 1928 in
1028 1889 1238 1928 eumdem
1280 1888 1464 1929 Patrem
1503 1889 1712 1940 quidam,
1755 1897 1798 1929 et
1837 1889 1883 1928 in

258 1960 422 2000 eodem
444 1961 563 2009 loco,
588 1960 664 1999 ubi
687 1959 859 2000 Christi
882 1971 994 1999 oues
1016 1967 1115 1999 erat
1136 1960 1293 1999 divino
1317 1960 1485 2011 pabulo
1507 1961 1780 2009 nutriturus,
1805 1973 1883 2000 va-

256 2031 352 2070 rias
381 2031 444 2070 illi
471 2030 755 2080 ignominiae
784 2037 919 2070 notas
947 2031 1175 2079 inurebat,
1201 2031 1458 2070 maledictis
1479 2031 1618 2070 ctiam
1640 2042 1720 2071 eos
1739 2032 1881 2071 laces-

255 2114 378 2151 sens,
403 2102 479 2152 qui
506 2102 654 2141 nostri
684 2101 836 2141 Patris
865 2102 1006 2141 tutari
1029 2109 1186 2152 partes
1209 2101 1502 2142 videbantur:
1533 2101 1709 2142 factum
1733 2109 1802 2142 est
1834 2109 1883 2142 ut

258 2184 362 2212 cum
381 2172 566 2212 Patrem
583 2173 628 2212 in
645 2172 821 2223 pulpito
840 2179 1085 2221 astantem,
1106 2179 1355 2222 antequam
1374 2172 1682 2223 exordiretur,
1701 2174 1882 2224 conspi-

259 2250 397 2291 ceret,
429 2243 684 2295 lachrymis
712 2243 886 2283 obortis
920 2250 963 2282 et
995 2243 1311 2283 indesinenter
1337 2254 1543 2293 gemens,
1582 2255 1630 2283 se
1665 2243 1878 2284 infelicis-

254 2315 438 2363 simum,
463 2316 537 2354 cui
554 2321 690 2354 antea
709 2315 957 2363 hominem,
978 2321 1071 2354 tam
1090 2314 1281 2365 pulchre
1302 2313 1357 2353 de
1380 2313 1479 2354 Deo
1500 2315 1778 2365 loquentem,
1803 2328 1879 2354 au-

258 2384 355 2424 dire
378 2397 469 2424 non
496 2386 784 2435 contigisset,
809 2385 1055 2434 clamabat,
1080 2396 1389 2435 magnamque
1411 2386 1632 2435 temporis
1649 2385 1880 2437 jacturam

257 2468 284 2495 a
305 2468 354 2496 se
375 2456 548 2496 factam
569 2456 767 2497 dolebat.

336 2527 470 2566 Alius
500 2527 609 2566 item
635 2527 858 2567 factiosus
887 2534 930 2567 et
959 2528 1166 2578 perditae
1194 2527 1319 2567 Vitae
1342 2527 1494 2575 homo,
1527 2528 1604 2579 qui
1634 2540 1727 2568 non
1753 2528 1878 2568 aliud

254 2598 411 2637 animo
435 2598 709 2637 moliebatur
731 2610 868 2649 quam
891 2598 1008 2637 alios
1030 2598 1279 2647 trucidare,
1299 2598 1416 2638 alios
1433 2598 1590 2648 gladio
1612 2598 1876 2648 confodere,

256 2675 301 2708 et
322 2667 452 2718 cujus
470 2680 611 2719 opera
634 2668 711 2708 alii
733 2669 792 2708 ad
813 2668 1068 2709 vindictam
1093 2669 1419 2719 abutebantur;
1443 2681 1550 2708 cum
1567 2669 1659 2708 iam
1681 2669 1736 2709 de
1758 2670 1878 2709 illius

249 2730 404 2778 'salute
426 2747 546 2778 esset
571 2739 881 2790 desperatum,
906 2739 1147 2779 cuiusdam
1169 2738 1326 2778 fratris
1353 2739 1489 2790 hujus
1517 2739 1701 2789 collegii
1732 2740 1877 2790 preci-

248 2809 342 2849 'bus
377 2821 432 2849 ac
463 2810 649 2849 monitis
684 2810 913 2856 inductus,
952 2810 1198 2860 pristinum
1232 2810 1401 2849 noxiae
1437 2810 1562 2849 vitae
1586 2810 1877 2861 propositum

252 2892 361 2920 ‘cum
383 2880 663 2920 suauissimo
685 2880 858 2920 Christi
876 2892 1033 2920 amore
1052 2880 1349 2930 permutavit:
1375 2880 1619 2920 confitetur
1640 2881 1761 2920 enim
1783 2892 1878 2920 cre-

258 2951 479 2990 brerrime
500 2951 704 2990 maxima
727 2952 932 2990 omnium
962 2951 1273 2990 admiratione
1296 2958 1339 2990 et
1361 2962 1550 2990 suorum
1572 2951 1772 2991 hostium
1796 2950 1874 3002 [in-

255 3021 552 3072 sectationes]
575 3022 653 3072 qui
675 3020 852 3071 injuriis
870 3029 912 3061 et
930 3014 1220 3061 contumeliis
1237 3022 1362 3061 illum
1381 3022 1629 3073 aliquando
1645 3022 1869 3072 lacerant,
