2020 3342
244 216 325 255 ,456
764 215 1001 253 LrsTERAE
1015 225 1371 258 QUADmMESTREs

250 320 483 374 apparata
505 317 627 353 esset
651 312 659 331 ¹
683 312 786 364 (qua
810 312 855 351 in
878 324 928 351 re
948 311 1055 351 boni
1073 311 1261 362 quidam
1279 311 1367 351 uiri
1383 322 1439 350 ac
1456 310 1605 368 nostri
1621 310 1777 362 cupidi
1793 321 1883 350 nos

253 385 461 425 maxime
483 383 774 434 adjuuerunt)
793 415 800 432 ,
830 393 1022 433 cumque
1048 382 1195 433 liujus
1217 381 1231 400 ²
1252 382 1319 422 rei
1344 381 1470 422 fama
1491 393 1573 433 per
1593 381 1757 422 urbem
1783 380 1881 421 uni-

258 467 445 496 uersam
466 455 787 505 diuulgaretur
815 460 953 505 atque
983 454 1030 493 in
1066 465 1146 493 ore
1176 459 1220 493 et
1254 465 1467 493 sermone
1501 452 1707 493 omnium.
1739 457 1878 502 esset,

254 526 409 567 omnis
437 526 677 565 hominum
713 536 878 565 cursus
911 530 1012 565 erat
1047 523 1105 564 ad
1138 536 1239 574 nos,
1271 529 1521 575 tantaeque
1554 512 1878 571 multitudinis,

253 604 484 648 quantum
506 597 670 636 domus
691 602 853 636 nostra
873 595 1088 646 superius
1105 602 1149 635 et
1166 595 1359 635 inferius
1377 595 1515 646 capit,
1536 605 1794 635 concursus
1810 598 1881 634 est

255 668 320 708 ad
339 679 425 707 nos
444 667 616 718 factus,
640 668 704 707 ita
726 673 774 707 ut
795 673 839 707 et
860 667 906 707 in
927 666 1171 707 ostiarium
1197 666 1420 717 impetum
1447 665 1678 714 facerent,
1704 664 1880 705 inuitis-

256 751 349 790 vque
370 739 603 789 omnibus,
634 738 1003 789 ingrederentur.
1034 738 1097 778 Et
1124 750 1179 777 ne
1205 737 1386 788 aliquid
1411 737 1460 777 in
1487 740 1620 777 tanto
1642 738 1881 787 apparatu

256 810 615 850 desideraretur
635 810 942 861 (praesertim
963 810 1073 861 quia
1094 821 1172 849 res
1198 809 1264 849 ita
1287 808 1564 860 postulabat
1578 840 1589 858 ‚
1612 818 1692 847 nec
1712 817 1881 846 comoe-

256 882 363 931 dia,
383 885 436 921 nt
451 884 618 932 postea
641 881 797 920 uisum
818 884 905 931 est,
926 880 1066 920 aliter
1087 880 1187 920 sine
1207 880 1428 920 dedecore
1447 879 1538 929 agi
1547 878 1784 930 poterat),
1803 887 1882 917 no-

262 957 396 993 catus
425 956 495 992 est
526 952 717 1003 quidam
746 952 980 1002 egregius
1001 951 1236 997 musicus,
1267 951 1350 1002 qui
1366 949 1529 1001 gratis
1558 960 1695 989 suam
1715 947 1884 988 multo·

263 1034 461 1075 rumque
494 1024 783 1063 musicorum
817 1028 1008 1074 operam
1043 1026 1113 1063 est
1142 1022 1399 1073 pollicitus.
1437 1021 1653 1060 Fuerunt
1688 1018 1884 1070 denique

259 1094 608 1146 quamplurimi
624 1095 725 1135 uiri
740 1095 1083 1146 symphoniaci,
1103 1094 1228 1133 inter
1259 1104 1376 1144 quos
1405 1091 1629 1142 lyricines
1657 1089 1883 1130 tibicines-

261 1176 366 1216 que,
382 1165 709 1215 sambucistae‚
726 1165 1007 1216 organistae
1023 1169 1065 1204 et
1082 1162 1534 1215 alii‘quamplurimi,
1551 1161 1633 1212 qui
1650 1160 1761 1201 aliis
1775 1171 1883 1200 sna-

260 1236 477 1276 uissimis
495 1236 829 1276 instrumentis
850 1240 893 1276 et
914 1239 1055 1275 cantu
1077 1246 1221 1275 aures
1239 1234 1518 1277 mulcebant.
1540 1232 1706 1283 quibus
1721 1231 1788 1271 ita
1804 1242 1885 1270 au-

261 1307 443 1347 ditores
461 1307 766 1359 capiebantur
787 1318 841 1346 ac
859 1307 1161 1356 tenebantur,
1183 1309 1235 1345 ut
1263 1305 1314 1345 in
1340 1308 1473 1345 tanto
1505 1303 1746 1343 hominum
1778 1312 1878 1341 con-

262 1382 407 1418 uentu
434 1389 488 1418 ac
504 1379 784 1429 frequentia
814 1378 1125 1428 solitudinem
1147 1377 1357 1428 aliquam
1390 1387 1491 1415 esse
1513 1374 1790 1426 judicares:
1817 1372 1886 1412 ita

263 1450 471 1489 omnium
492 1450 643 1489 animi
657 1449 967 1501 symphoniae
986 1453 1123 1489 erant
1143 1448 1316 1488 intenti
1332 1447 1360 1488 ³.

342 1521 540 1561 Actores
560 1527 804 1572 praeterea
824 1521 922 1560 siue
944 1520 1155 1560 comoedi
1174 1517 1525 1571 pretiosissimis
1541 1515 1887 1557 ornatissimis-

258 1602 349 1643 que
368 1590 383 1610 ⁴
402 1592 611 1632 uestibus
631 1591 956 1641 induebantur,
975 1590 1158 1641 sericis,
1178 1589 1417 1640 coccineis,
1427 1587 1691 1640 purpureis
1707 1590 1751 1627 et
1768 1597 1887 1637 gan-

263 1662 465 1714 sapinis,
485 1666 624 1713 atque
644 1661 754 1702 aliis
775 1661 1049 1713 magnificis
1078 1661 1226 1701 totius
1247 1660 1463 1712 corporis
1493 1657 1787 1699 ornamentis
1807 1667 1888 1696 au-

260 1733 447 1784 reisque
462 1734 709 1784 torquibus
727 1731 755 1773 5.
775 1733 952 1773 Verum
969 1733 1007 1772 si
1024 1733 1138 1772 haec
1156 1732 1311 1772 omnia
1329 1742 1434 1771 cum
1449 1736 1710 1779 uenustate,
1730 1728 1826 1768 sale
1843 1733 1889 1766 et

259 1805 539 1850 facetiarum
569 1806 728 1856 lepore
758 1810 970 1844 actorum
1001 1803 1317 1853 conferantur,
1342 1802 1442 1842 sine
1473 1801 1612 1841 dubio
1639 1799 1810 1850 frigida
1833 1809 1888 1838 ac

260 1876 439 1915 insulsa
450 1875 745 1915 uidebuntur.
760 1875 794 1915 Ii
807 1875 944 1925 enim,
960 1886 1065 1914 cum
1076 1874 1157 1914 uix
1169 1873 1508 1922 duodecimum,
1524 1870 1890 1911 tredecimumue

263 1946 322 1986 ad
339 1958 584 1995 summum,
608 1957 782 1986 annum
800 1946 1100 1996 attingerent,
1114 1948 1311 1996 praeter
1327 1944 1448 1984 duos
1464 1953 1625 1983 eorum
1642 1941 1717 1981 uel
1738 1944 1837 1981 tres
1858 1937 1889 1990 ⁶,

261 2024 359 2057 tam
380 2024 568 2057 strenue
589 2029 644 2057 ac
665 2017 906 2068 praeclare
934 2016 980 2055 in
1001 2027 1055 2055 eo
1081 2027 1131 2055 se
1158 2027 1350 2055 munere
1381 2019 1644 2065 gesserunt,
1666 2019 1717 2052 ut
1737 2012 1890 2052 nullus

259 2094 386 2128 esset
402 2088 480 2139 qui
500 2099 661 2127 eorum
682 2087 974 2136 industriam,
998 2092 1174 2136 gestuS,
1197 2097 1361 2126 uocem
1383 2097 1438 2125 ac
1467 2083 1775 2136 prolationem
1797 2092 1890 2122 non

243 2159 467 2214 'maxime
489 2148 801 2198 admiraretur
831 2158 1011 2208 illisque
1038 2157 1154 2196 bene
1184 2165 1477 2208 precaretur:
1507 2162 1602 2195 tam
1632 2154 1776 2194 miros
1807 2163 1902 2193 suo.

262 2236 472 2281 tempore
494 2230 615 2269 risus
643 2229 927 2277 excitabant,
962 2239 1066 2268 cum
1095 2239 1171 2267 res
1201 2227 1418 2268 nimirum
1446 2226 1510 2266 ita
1538 2224 1819 2277 postulabat,
1843 2229 1892 2263 ut

257 2300 378 2340 -nihil
399 2307 585 2350 praeter
606 2300 862 2339 cachinnos
883 2299 1145 2339 audiretur:
1169 2298 1259 2338 alio
1281 2309 1393 2337 uero
1415 2303 1623 2347 tempore
1649 2295 1713 2335 ita
1734 2293 1892 2334 animo

262 2377 554 2422 spectatores
570 2371 891 2420 mouebantur,
907 2376 956 2410 ut
967 2370 1097 2409 multi
1115 2381 1174 2409 ex
1189 2368 1454 2420 praecipuis
1468 2367 1693 2418 plurimas
1708 2364 1892 2416 lachry-

256 2453 366 2482 mas
387 2441 734 2493 profunderent.
759 2440 1032 2481 Incredibile
1053 2440 1240 2491 quidem
1261 2446 1330 2479 est
1352 2443 1639 2489 quantopere
1670 2436 1892 2476 uniuerso

263 2514 436 2564 populo
453 2513 695 2564 placuerit,
716 2518 1031 2564 quantumque
1049 2522 1209 2550 omnes
1227 2516 1448 2561 cuperent
1468 2514 1517 2548 ut
1538 2505 1801 2559 hujusmodi
1816 2517 1892 2546 co—

256 2583 477 2633 moediae
498 2584 765 2634 frequenter
787 2588 1053 2633 agerentur,
1078 2581 1281 2621 maxime
1309 2579 1593 2628 scholastici,
1617 2578 1695 2630 qui
1725 2578 1815 2617 hac
1845 2587 1896 2619 re

265 2771 272 2782 ,
323 2744 330 2762 ¹
373 2743 455 2770 Cum
470 2743 584 2776 itaque
600 2743 636 2769 in
651 2742 743 2769 nunc
760 2742 901 2769 modum
917 2744 1087 2775 apparata
1104 2742 1221 2767 essent
1235 2740 1366 2767 omnia.

325 2792 339 2811 ἕ
375 2791 561 2826 hususque.

322 2839 336 2859 ³
374 2839 517 2872 Quidam
532 2837 640 2865 etiam
659 2837 816 2871 egregius
831 2837 978 2863 musicus
993 2838 1139 2862 uocatus
1153 2834 1314 2867 accessit,
1330 2833 1384 2867 qui
1405 2839 1501 2860 suam
1523 2832 1772 2864 multorumque
1793 2829 1902 2857 musi·

266 2894 384 2914 corum
399 2893 539 2920 operam
553 2885 671 2919 gratis
683 2886 718 2911 in
734 2892 774 2911 ea
792 2891 829 2910 re
841 2883 1041 2918 praestitit.

323 2935 338 2954 ⁶
376 2934 533 2961 Deletum
546 2936 597 2959 est
611 2932 673 2959 hoc
686 2932 837 2959 verbum.

315 2987 338 3019 ,5
374 2987 490 3014 Etiam
505 2986 589 3013 haec
607 2989 684 3012 sunt
699 2985 823 3011 deleta.

319 3025 337 3056 ὃ
373 3034 450 3069 sere
465 3040 597 3061 omneS.
