<?xml version="1.0" encoding="UTF-8"?>
<!DOCTYPE html PUBLIC "-//W3C//DTD XHTML 1.0 Transitional//EN"
    "http://www.w3.org/TR/xhtml1/DTD/xhtml1-transitional.dtd">
<html xmlns="http://www.w3.org/1999/xhtml" xml:lang="en" lang="en">
 <head>
  <title>
</title>
<meta http-equiv="Content-Type" content="text/html;charset=utf-8" />
  <meta name='ocr-system' content='tesseract 3.04.00' />
  <meta name='ocr-capabilities' content='ocr_page ocr_carea ocr_par ocr_line ocrx_word'/>
</head>
<body>
  <div class='ocr_page' id='page_1' title='image "./litteraequadrime16lain_0567.png"; bbox 0 0 2020 3342; ppageno 0'>
   <div class='ocr_carea' id='block_1_1' title="bbox 836 243 1742 283">
    <p class='ocr_par' dir='ltr' id='par_1_1' title="bbox 836 243 1742 283">
     <span class='ocr_line' id='line_1_1' title="bbox 836 243 1742 283; baseline 0.001 -2"><span class='ocrx_word' id='word_1_1' title='bbox 836 243 918 282; x_wconf 81' lang='grc' dir='ltr'>ΑΝ.</span> <span class='ocrx_word' id='word_1_2' title='bbox 950 243 1041 281; x_wconf 79' lang='grc'>1556</span> <span class='ocrx_word' id='word_1_3' title='bbox 1677 245 1742 283; x_wconf 78' lang='lat'>561</span> 
     </span>
    </p>
   </div>
   <div class='ocr_carea' id='block_1_2' title="bbox 300 633 1582 663">
    <p class='ocr_par' dir='ltr' id='par_1_2' title="bbox 300 633 1582 663">
     <span class='ocr_line' id='line_1_2' title="bbox 300 633 1582 663; baseline 0 -2"><span class='ocrx_word' id='word_1_4' title='bbox 300 634 550 662; x_wconf 79' lang='lat' dir='ltr'>Praecedentes</span> <span class='ocrx_word' id='word_1_5' title='bbox 567 634 682 662; x_wconf 80' lang='lat' dir='ltr'>Patris</span> <span class='ocrx_word' id='word_1_6' title='bbox 699 634 859 663; x_wconf 82' lang='lat' dir='ltr'><strong>Caesaris</strong></span> <span class='ocrx_word' id='word_1_7' title='bbox 875 634 986 663; x_wconf 89' lang='lat' dir='ltr'>Helmi</span> <span class='ocrx_word' id='word_1_8' title='bbox 1001 635 1136 663; x_wconf 84' lang='lat' dir='ltr'><strong>litterae</strong></span> <span class='ocrx_word' id='word_1_9' title='bbox 1152 635 1185 662; x_wconf 89' lang='lat' dir='ltr'>in</span> <span class='ocrx_word' id='word_1_10' title='bbox 1200 635 1341 663; x_wconf 89' lang='lat' dir='ltr'>latinum</span> <span class='ocrx_word' id='word_1_11' title='bbox 1357 641 1543 662; x_wconf 87' lang='lat' dir='ltr'>conversae</span> <span class='ocrx_word' id='word_1_12' title='bbox 1561 633 1582 661; x_wconf 87' lang='lat'>¹.</span> 
     </span>
    </p>
   </div>
   <div class='ocr_carea' id='block_1_3' title="bbox 889 791 986 868">
    <p class='ocr_par' dir='ltr' id='par_1_3' title="bbox 889 791 986 868">
     <span class='ocr_line' id='line_1_3' title="bbox 889 791 986 868; baseline 0 0"><span class='ocrx_word' id='word_1_13' title='bbox 889 791 986 868; x_wconf 55' lang='lat' dir='ltr'>ulis</span> 
     </span>
    </p>
   </div>
   <div class='ocr_carea' id='block_1_4' title="bbox 130 981 1768 2883">
    <p class='ocr_par' dir='ltr' id='par_1_4' title="bbox 210 981 549 1034">
     <span class='ocr_line' id='line_1_4' title="bbox 210 981 549 1034; baseline 0.006 -13"><span class='ocrx_word' id='word_1_14' title='bbox 210 981 310 1023; x_wconf 83' lang='lat' dir='ltr'>Pax</span> <span class='ocrx_word' id='word_1_15' title='bbox 329 982 437 1034; x_wconf 90' lang='lat' dir='ltr'>Xpi.</span> <span class='ocrx_word' id='word_1_16' title='bbox 462 988 549 1023; x_wconf 90' lang='lat' dir='ltr'>etc.</span> 
     </span>
    </p>

    <p class='ocr_par' dir='ltr' id='par_1_5' title="bbox 209 1053 989 1105">
     <span class='ocr_line' id='line_1_5' title="bbox 209 1053 989 1105; baseline -0.001 -11"><span class='ocrx_word' id='word_1_17' title='bbox 209 1053 476 1094; x_wconf 86' lang='lat' dir='ltr'>Admodum</span> <span class='ocrx_word' id='word_1_18' title='bbox 496 1053 598 1095; x_wconf 71' lang='lat' dir='ltr'>Rde</span> <span class='ocrx_word' id='word_1_19' title='bbox 625 1054 671 1094; x_wconf 92' lang='lat' dir='ltr'>in</span> <span class='ocrx_word' id='word_1_20' title='bbox 692 1054 813 1105; x_wconf 89' lang='lat' dir='ltr'>Xpo.</span> <span class='ocrx_word' id='word_1_21' title='bbox 836 1053 989 1094; x_wconf 86' lang='lat' dir='ltr'>Pater.</span> 
     </span>
    </p>

    <p class='ocr_par' dir='ltr' id='par_1_6' title="bbox 130 1123 1753 1318">
     <span class='ocr_line' id='line_1_6' title="bbox 210 1123 1753 1174; baseline -0.001 -10"><span class='ocrx_word' id='word_1_22' title='bbox 210 1124 378 1165; x_wconf 80' lang='lat' dir='ltr'>Paucis</span> <span class='ocrx_word' id='word_1_23' title='bbox 400 1124 554 1165; x_wconf 89' lang='lat' dir='ltr'>dicam</span> <span class='ocrx_word' id='word_1_24' title='bbox 584 1124 784 1165; x_wconf 88' lang='lat' dir='ltr'>Vestrae</span> <span class='ocrx_word' id='word_1_25' title='bbox 812 1123 1121 1164; x_wconf 88' lang='lat' dir='ltr'>Reuerentiae</span> <span class='ocrx_word' id='word_1_26' title='bbox 1149 1135 1220 1172; x_wconf 90' lang='lat' dir='ltr'>ea,</span> <span class='ocrx_word' id='word_1_27' title='bbox 1252 1135 1370 1174; x_wconf 91' lang='lat' dir='ltr'>quae</span> <span class='ocrx_word' id='word_1_28' title='bbox 1402 1136 1429 1163; x_wconf 86' lang='lat' dir='ltr'>a</span> <span class='ocrx_word' id='word_1_29' title='bbox 1456 1135 1613 1164; x_wconf 91' lang='lat' dir='ltr'>mense</span> <span class='ocrx_word' id='word_1_30' title='bbox 1643 1123 1753 1163; x_wconf 82' lang='lat' dir='ltr'>Maii</span> 
     </span>
     <span class='ocr_line' id='line_1_7' title="bbox 132 1193 1753 1247; baseline -0.001 -11"><span class='ocrx_word' id='word_1_31' title='bbox 132 1196 361 1236; x_wconf 88' lang='lat' dir='ltr'>hactenus</span> <span class='ocrx_word' id='word_1_32' title='bbox 382 1207 464 1247; x_wconf 87' lang='lat' dir='ltr'>per</span> <span class='ocrx_word' id='word_1_33' title='bbox 485 1207 585 1246; x_wconf 89' lang='lat' dir='ltr'>nos,</span> <span class='ocrx_word' id='word_1_34' title='bbox 611 1195 961 1246; x_wconf 83' lang='lat' dir='ltr'>indignissimos</span> <span class='ocrx_word' id='word_1_35' title='bbox 982 1194 1103 1234; x_wconf 92' lang='lat' dir='ltr'>filios</span> <span class='ocrx_word' id='word_1_36' title='bbox 1122 1194 1181 1235; x_wconf 93' lang='lat' dir='ltr'>V.</span> <span class='ocrx_word' id='word_1_37' title='bbox 1205 1193 1348 1244; x_wconf 42' lang='grc' dir='ltr'>ΚΛΜ,</span> <span class='ocrx_word' id='word_1_38' title='bbox 1373 1194 1601 1235; x_wconf 80' lang='lat' dir='ltr'>Dominus</span> <span class='ocrx_word' id='word_1_39' title='bbox 1628 1198 1753 1246; x_wconf 88' lang='lat' dir='ltr'>pere-</span> 
     </span>
     <span class='ocr_line' id='line_1_8' title="bbox 130 1266 1132 1318; baseline -0.003 -11"><span class='ocrx_word' id='word_1_40' title='bbox 130 1268 199 1318; x_wconf 82' lang='lat' dir='ltr'>git</span> <span class='ocrx_word' id='word_1_41' title='bbox 221 1268 279 1307; x_wconf 91' lang='lat' dir='ltr'>ad</span> <span class='ocrx_word' id='word_1_42' title='bbox 302 1267 563 1307; x_wconf 87' lang='lat' dir='ltr'>animarum</span> <span class='ocrx_word' id='word_1_43' title='bbox 585 1267 833 1307; x_wconf 85' lang='lat' dir='ltr'>Vtilitatem</span> <span class='ocrx_word' id='word_1_44' title='bbox 855 1271 899 1306; x_wconf 90' lang='lat' dir='ltr'>et</span> <span class='ocrx_word' id='word_1_45' title='bbox 920 1266 1132 1306; x_wconf 87' lang='lat' dir='ltr'>salutem.</span> 
     </span>
    </p>

    <p class='ocr_par' dir='ltr' id='par_1_7' title="bbox 130 1336 1768 2883">
     <span class='ocr_line' id='line_1_9' title="bbox 212 1336 1754 1390; baseline -0.001 -12"><span class='ocrx_word' id='word_1_46' title='bbox 212 1338 418 1378; x_wconf 90' lang='lat' dir='ltr'>Primum</span> <span class='ocrx_word' id='word_1_47' title='bbox 458 1337 642 1390; x_wconf 90' lang='lat' dir='ltr'>quidem</span> <span class='ocrx_word' id='word_1_48' title='bbox 678 1337 833 1389; x_wconf 89' lang='lat' dir='ltr'>quoad</span> <span class='ocrx_word' id='word_1_49' title='bbox 867 1336 1197 1386; x_wconf 86' lang='lat' dir='ltr'>confessiones,</span> <span class='ocrx_word' id='word_1_50' title='bbox 1233 1336 1411 1377; x_wconf 85' lang='lat' dir='ltr'>feriatis</span> <span class='ocrx_word' id='word_1_51' title='bbox 1445 1337 1754 1388; x_wconf 85' lang='lat' dir='ltr'>profestisque</span> 
     </span>
     <span class='ocr_line' id='line_1_10' title="bbox 131 1407 1753 1460; baseline -0.001 -10"><span class='ocrx_word' id='word_1_52' title='bbox 131 1409 292 1450; x_wconf 91' lang='lat' dir='ltr'>diebus</span> <span class='ocrx_word' id='word_1_53' title='bbox 312 1409 361 1449; x_wconf 89' lang='lat' dir='ltr'>P.</span> <span class='ocrx_word' id='word_1_54' title='bbox 385 1409 607 1449; x_wconf 88' lang='lat' dir='ltr'>Albertus</span> <span class='ocrx_word' id='word_1_55' title='bbox 628 1414 672 1448; x_wconf 93' lang='lat' dir='ltr'>et</span> <span class='ocrx_word' id='word_1_56' title='bbox 694 1419 781 1459; x_wconf 83' lang='lat' dir='ltr'>ego</span> <span class='ocrx_word' id='word_1_57' title='bbox 804 1408 1020 1460; x_wconf 89' lang='lat' dir='ltr'>occupati</span> <span class='ocrx_word' id='word_1_58' title='bbox 1046 1407 1218 1448; x_wconf 83' lang='lat' dir='ltr'>suimus</span> <span class='ocrx_word' id='word_1_59' title='bbox 1248 1419 1395 1459; x_wconf 81' lang='lat' dir='ltr'>Vsque</span> <span class='ocrx_word' id='word_1_60' title='bbox 1427 1408 1559 1457; x_wconf 91' lang='lat' dir='ltr'>adeo,</span> <span class='ocrx_word' id='word_1_61' title='bbox 1592 1414 1642 1448; x_wconf 88' lang='lat' dir='ltr'>vt</span> <span class='ocrx_word' id='word_1_62' title='bbox 1671 1409 1753 1448; x_wconf 81' lang='lat' dir='ltr'>vix</span> 
     </span>
     <span class='ocr_line' id='line_1_11' title="bbox 132 1479 1753 1532; baseline -0.002 -11"><span class='ocrx_word' id='word_1_63' title='bbox 132 1492 339 1532; x_wconf 86' lang='lat' dir='ltr'>vnquam</span> <span class='ocrx_word' id='word_1_64' title='bbox 360 1480 648 1532; x_wconf 87' lang='lat' dir='ltr'>potuerimus</span> <span class='ocrx_word' id='word_1_65' title='bbox 669 1491 755 1519; x_wconf 90' lang='lat' dir='ltr'>nos</span> <span class='ocrx_word' id='word_1_66' title='bbox 777 1479 988 1519; x_wconf 88' lang='lat' dir='ltr'>conferre</span> <span class='ocrx_word' id='word_1_67' title='bbox 1010 1479 1125 1519; x_wconf 90' lang='lat' dir='ltr'>hora</span> <span class='ocrx_word' id='word_1_68' title='bbox 1156 1484 1378 1518; x_wconf 86' lang='lat' dir='ltr'>consueta</span> <span class='ocrx_word' id='word_1_69' title='bbox 1406 1490 1487 1519; x_wconf 89' lang='lat' dir='ltr'>seu</span> <span class='ocrx_word' id='word_1_70' title='bbox 1516 1479 1753 1519; x_wconf 88' lang='lat' dir='ltr'>ordinaria</span> 
     </span>
     <span class='ocr_line' id='line_1_12' title="bbox 134 1550 1754 1603; baseline -0.001 -11"><span class='ocrx_word' id='word_1_71' title='bbox 134 1558 369 1603; x_wconf 90' lang='lat' dir='ltr'>sumptum</span> <span class='ocrx_word' id='word_1_72' title='bbox 391 1551 605 1602; x_wconf 87' lang='lat' dir='ltr'>corporis</span> <span class='ocrx_word' id='word_1_73' title='bbox 634 1551 976 1591; x_wconf 88' lang='lat' dir='ltr'>necessitatem.</span> <span class='ocrx_word' id='word_1_74' title='bbox 1006 1550 1283 1590; x_wconf 84' lang='lat' dir='ltr'>Audiuimus</span> <span class='ocrx_word' id='word_1_75' title='bbox 1311 1551 1571 1601; x_wconf 89' lang='lat' dir='ltr'>nonnullas,</span> <span class='ocrx_word' id='word_1_76' title='bbox 1605 1557 1649 1590; x_wconf 93' lang='lat' dir='ltr'>et</span> <span class='ocrx_word' id='word_1_77' title='bbox 1675 1562 1754 1590; x_wconf 89' lang='lat' dir='ltr'>eas</span> 
     </span>
     <span class='ocr_line' id='line_1_13' title="bbox 130 1621 1755 1673; baseline -0.001 -10"><span class='ocrx_word' id='word_1_78' title='bbox 130 1624 297 1673; x_wconf 83' lang='lat' dir='ltr'>longas</span> <span class='ocrx_word' id='word_1_79' title='bbox 325 1628 369 1663; x_wconf 92' lang='lat' dir='ltr'>et</span> <span class='ocrx_word' id='word_1_80' title='bbox 398 1623 658 1673; x_wconf 75' lang='lat' dir='ltr'>generales,</span> <span class='ocrx_word' id='word_1_81' title='bbox 689 1621 1021 1672; x_wconf 46' lang='lat' dir='ltr'>consessiones</span> <span class='ocrx_word' id='word_1_82' title='bbox 1051 1633 1137 1661; x_wconf 85' lang='lat' dir='ltr'>nec</span> <span class='ocrx_word' id='word_1_83' title='bbox 1165 1621 1264 1660; x_wconf 89' lang='lat' dir='ltr'>sine</span> <span class='ocrx_word' id='word_1_84' title='bbox 1295 1632 1467 1672; x_wconf 86' lang='lat' dir='ltr'>magno</span> <span class='ocrx_word' id='word_1_85' title='bbox 1494 1622 1755 1662; x_wconf 85' lang='lat' dir='ltr'>animarum</span> 
     </span>
     <span class='ocr_line' id='line_1_14' title="bbox 134 1691 1756 1744; baseline -0.001 -10"><span class='ocrx_word' id='word_1_86' title='bbox 134 1695 280 1734; x_wconf 89' lang='lat' dir='ltr'>lucro.</span> <span class='ocrx_word' id='word_1_87' title='bbox 305 1693 423 1734; x_wconf 90' lang='lat' dir='ltr'>Nam</span> <span class='ocrx_word' id='word_1_88' title='bbox 445 1700 541 1733; x_wconf 89' lang='lat' dir='ltr'>tum</span> <span class='ocrx_word' id='word_1_89' title='bbox 565 1693 610 1743; x_wconf 83' lang='lat' dir='ltr'>ii,</span> <span class='ocrx_word' id='word_1_90' title='bbox 634 1693 712 1744; x_wconf 92' lang='lat' dir='ltr'>qui</span> <span class='ocrx_word' id='word_1_91' title='bbox 732 1693 865 1733; x_wconf 90' lang='lat' dir='ltr'>nobis</span> <span class='ocrx_word' id='word_1_92' title='bbox 886 1692 1168 1743; x_wconf 79' lang='lat' dir='ltr'>generaliter</span> <span class='ocrx_word' id='word_1_93' title='bbox 1190 1703 1244 1731; x_wconf 85' lang='lat' dir='ltr'>ac</span> <span class='ocrx_word' id='word_1_94' title='bbox 1273 1691 1524 1732; x_wconf 86' lang='lat' dir='ltr'>nouissime</span> <span class='ocrx_word' id='word_1_95' title='bbox 1555 1692 1756 1733; x_wconf 84' lang='lat' dir='ltr'>confessi</span> 
     </span>
     <span class='ocr_line' id='line_1_15' title="bbox 133 1762 1755 1816; baseline -0.002 -10"><span class='ocrx_word' id='word_1_96' title='bbox 133 1772 254 1816; x_wconf 87' lang='lat' dir='ltr'>sunt,</span> <span class='ocrx_word' id='word_1_97' title='bbox 280 1777 443 1806; x_wconf 84' lang='lat' dir='ltr'>verum</span> <span class='ocrx_word' id='word_1_98' title='bbox 465 1765 606 1805; x_wconf 88' lang='lat' dir='ltr'>etiam</span> <span class='ocrx_word' id='word_1_99' title='bbox 628 1764 707 1815; x_wconf 90' lang='lat' dir='ltr'>illi,</span> <span class='ocrx_word' id='word_1_100' title='bbox 732 1764 824 1816; x_wconf 86' lang='lat' dir='ltr'>qui,</span> <span class='ocrx_word' id='word_1_101' title='bbox 847 1776 873 1803; x_wconf 91' lang='lat' dir='ltr'>a</span> <span class='ocrx_word' id='word_1_102' title='bbox 895 1763 1123 1815; x_wconf 89' lang='lat' dir='ltr'>principio</span> <span class='ocrx_word' id='word_1_103' title='bbox 1156 1763 1384 1803; x_wconf 88' lang='lat' dir='ltr'>aduentus</span> <span class='ocrx_word' id='word_1_104' title='bbox 1405 1762 1651 1804; x_wconf 86' lang='lat' dir='ltr'>Societatis</span> <span class='ocrx_word' id='word_1_105' title='bbox 1678 1776 1755 1804; x_wconf 92' lang='lat' dir='ltr'>no-</span> 
     </span>
     <span class='ocr_line' id='line_1_16' title="bbox 133 1834 1757 1885; baseline -0.001 -9"><span class='ocrx_word' id='word_1_106' title='bbox 133 1843 256 1876; x_wconf 86' lang='lat' dir='ltr'>strae</span> <span class='ocrx_word' id='word_1_107' title='bbox 274 1836 333 1876; x_wconf 83' lang='lat' dir='ltr'>ad</span> <span class='ocrx_word' id='word_1_108' title='bbox 349 1836 470 1876; x_wconf 89' lang='lat' dir='ltr'>hanc</span> <span class='ocrx_word' id='word_1_109' title='bbox 487 1835 647 1876; x_wconf 84' lang='lat' dir='ltr'>Ill.mam</span> <span class='ocrx_word' id='word_1_110' title='bbox 665 1836 917 1885; x_wconf 86' lang='lat' dir='ltr'>ciuitatem,</span> <span class='ocrx_word' id='word_1_111' title='bbox 937 1834 1267 1874; x_wconf 86' lang='lat' dir='ltr'>hebdomariae</span> <span class='ocrx_word' id='word_1_112' title='bbox 1285 1834 1568 1875; x_wconf 80' lang='lat' dir='ltr'>confessioni</span> <span class='ocrx_word' id='word_1_113' title='bbox 1585 1841 1757 1875; x_wconf 85' lang='lat' dir='ltr'>vacant</span> 
     </span>
     <span class='ocr_line' id='line_1_17' title="bbox 134 1905 1758 1959; baseline -0.001 -12"><span class='ocrx_word' id='word_1_114' title='bbox 134 1913 178 1947; x_wconf 92' lang='lat' dir='ltr'>et</span> <span class='ocrx_word' id='word_1_115' title='bbox 201 1907 533 1959; x_wconf 86' lang='lat' dir='ltr'>communioni,</span> <span class='ocrx_word' id='word_1_116' title='bbox 558 1913 737 1948; x_wconf 77' lang='lat' dir='ltr'>tantam</span> <span class='ocrx_word' id='word_1_117' title='bbox 758 1906 891 1946; x_wconf 91' lang='lat' dir='ltr'>nobis</span> <span class='ocrx_word' id='word_1_118' title='bbox 911 1905 1137 1957; x_wconf 77' lang='lat' dir='ltr'>praebent</span> <span class='ocrx_word' id='word_1_119' title='bbox 1160 1917 1288 1957; x_wconf 89' lang='lat' dir='ltr'>spem</span> <span class='ocrx_word' id='word_1_120' title='bbox 1310 1906 1355 1945; x_wconf 90' lang='lat' dir='ltr'>in</span> <span class='ocrx_word' id='word_1_121' title='bbox 1377 1906 1498 1946; x_wconf 90' lang='lat' dir='ltr'>bono</span> <span class='ocrx_word' id='word_1_122' title='bbox 1521 1905 1686 1956; x_wconf 89' lang='lat' dir='ltr'>spiritu</span> <span class='ocrx_word' id='word_1_123' title='bbox 1714 1913 1758 1946; x_wconf 87' lang='lat' dir='ltr'>et</span> 
     </span>
     <span class='ocr_line' id='line_1_18' title="bbox 134 1975 1755 2029; baseline -0.001 -11"><span class='ocrx_word' id='word_1_124' title='bbox 134 1978 352 2029; x_wconf 85' lang='lat' dir='ltr'>operibus</span> <span class='ocrx_word' id='word_1_125' title='bbox 372 1978 548 2018; x_wconf 79' lang='lat' dir='ltr'>sanctiS</span> <span class='ocrx_word' id='word_1_126' title='bbox 571 1978 774 2018; x_wconf 89' lang='lat' dir='ltr'>iustitiae</span> <span class='ocrx_word' id='word_1_127' title='bbox 796 1976 1143 2028; x_wconf 84' lang='lat' dir='ltr'>perseuerandi,</span> <span class='ocrx_word' id='word_1_128' title='bbox 1168 1982 1212 2016; x_wconf 90' lang='lat' dir='ltr'>et</span> <span class='ocrx_word' id='word_1_129' title='bbox 1233 1975 1348 2016; x_wconf 89' lang='lat' dir='ltr'>adeo</span> <span class='ocrx_word' id='word_1_130' title='bbox 1367 1988 1526 2017; x_wconf 88' lang='lat' dir='ltr'>omnes</span> <span class='ocrx_word' id='word_1_131' title='bbox 1543 1977 1755 2027; x_wconf 90' lang='lat' dir='ltr'>humiles,</span> 
     </span>
     <span class='ocr_line' id='line_1_19' title="bbox 136 2047 1758 2100; baseline 0 -11"><span class='ocrx_word' id='word_1_132' title='bbox 136 2048 292 2089; x_wconf 89' lang='lat' dir='ltr'>deuoti</span> <span class='ocrx_word' id='word_1_133' title='bbox 314 2055 357 2089; x_wconf 90' lang='lat' dir='ltr'>et</span> <span class='ocrx_word' id='word_1_134' title='bbox 384 2049 430 2089; x_wconf 89' lang='lat' dir='ltr'>in</span> <span class='ocrx_word' id='word_1_135' title='bbox 461 2049 691 2090; x_wconf 79' lang='lat' dir='ltr'>charitate</span> <span class='ocrx_word' id='word_1_136' title='bbox 719 2048 886 2089; x_wconf 84' lang='lat' dir='ltr'>feruidi</span> <span class='ocrx_word' id='word_1_137' title='bbox 913 2054 1034 2097; x_wconf 91' lang='lat' dir='ltr'>sunt,</span> <span class='ocrx_word' id='word_1_138' title='bbox 1070 2055 1119 2087; x_wconf 89' lang='lat' dir='ltr'>vt</span> <span class='ocrx_word' id='word_1_139' title='bbox 1148 2047 1492 2099; x_wconf 86' lang='lat' dir='ltr'>(praeterquam</span> <span class='ocrx_word' id='word_1_140' title='bbox 1522 2048 1645 2100; x_wconf 93' lang='lat' dir='ltr'>quod</span> <span class='ocrx_word' id='word_1_141' title='bbox 1675 2060 1758 2089; x_wconf 88' lang='lat' dir='ltr'>suo</span> 
     </span>
     <span class='ocr_line' id='line_1_20' title="bbox 134 2118 1758 2172; baseline -0.001 -12"><span class='ocrx_word' id='word_1_142' title='bbox 134 2121 347 2171; x_wconf 89' lang='lat' dir='ltr'>exemplo</span> <span class='ocrx_word' id='word_1_143' title='bbox 369 2126 593 2172; x_wconf 86' lang='lat' dir='ltr'>quotquot</span> <span class='ocrx_word' id='word_1_144' title='bbox 616 2120 674 2160; x_wconf 90' lang='lat' dir='ltr'>ad</span> <span class='ocrx_word' id='word_1_145' title='bbox 694 2131 856 2160; x_wconf 84' lang='lat' dir='ltr'>veram</span> <span class='ocrx_word' id='word_1_146' title='bbox 878 2119 1258 2170; x_wconf 87' lang='lat' dir='ltr'>salutiferamque</span> <span class='ocrx_word' id='word_1_147' title='bbox 1279 2118 1613 2170; x_wconf 89' lang='lat' dir='ltr'>poenitentiam</span> <span class='ocrx_word' id='word_1_148' title='bbox 1642 2126 1685 2160; x_wconf 92' lang='lat' dir='ltr'>et</span> <span class='ocrx_word' id='word_1_149' title='bbox 1713 2120 1758 2159; x_wconf 93' lang='lat' dir='ltr'>in</span> 
     </span>
     <span class='ocr_line' id='line_1_21' title="bbox 134 2187 1759 2242; baseline 0.001 -12"><span class='ocrx_word' id='word_1_150' title='bbox 134 2190 366 2242; x_wconf 84' lang='lat' dir='ltr'>frequenti</span> <span class='ocrx_word' id='word_1_151' title='bbox 388 2191 679 2231; x_wconf 86' lang='lat' dir='ltr'>confessione</span> <span class='ocrx_word' id='word_1_152' title='bbox 701 2197 745 2230; x_wconf 89' lang='lat' dir='ltr'>et</span> <span class='ocrx_word' id='word_1_153' title='bbox 767 2190 1090 2230; x_wconf 91' lang='lat' dir='ltr'>communione</span> <span class='ocrx_word' id='word_1_154' title='bbox 1112 2201 1214 2229; x_wconf 91' lang='lat' dir='ltr'>sese</span> <span class='ocrx_word' id='word_1_155' title='bbox 1236 2187 1523 2231; x_wconf 85' lang='lat' dir='ltr'>exerc&#39;endos</span> <span class='ocrx_word' id='word_1_156' title='bbox 1550 2191 1759 2231; x_wconf 86' lang='lat' dir='ltr'>alliciunt</span> 
     </span>
     <span class='ocr_line' id='line_1_22' title="bbox 134 2260 1758 2313; baseline 0.001 -11"><span class='ocrx_word' id='word_1_157' title='bbox 134 2274 188 2303; x_wconf 90' lang='lat' dir='ltr'>ac</span> <span class='ocrx_word' id='word_1_158' title='bbox 211 2273 377 2302; x_wconf 86' lang='lat' dir='ltr'>revera</span> <span class='ocrx_word' id='word_1_159' title='bbox 400 2262 697 2302; x_wconf 87' lang='lat' dir='ltr'>lucrifaciunt</span> <span class='ocrx_word' id='word_1_160' title='bbox 719 2261 875 2313; x_wconf 72' lang='lat' dir='ltr'>Xpo),</span> <span class='ocrx_word' id='word_1_161' title='bbox 900 2261 1081 2301; x_wconf 86' lang='lat' dir='ltr'>etiamsi</span> <span class='ocrx_word' id='word_1_162' title='bbox 1102 2260 1175 2300; x_wconf 88' lang='lat' dir='ltr'>hic</span> <span class='ocrx_word' id='word_1_163' title='bbox 1199 2261 1359 2301; x_wconf 90' lang='lat' dir='ltr'>decem</span> <span class='ocrx_word' id='word_1_164' title='bbox 1384 2273 1590 2302; x_wconf 89' lang='lat' dir='ltr'>essemus</span> <span class='ocrx_word' id='word_1_165' title='bbox 1607 2274 1758 2303; x_wconf 86' lang='lat' dir='ltr'>sacer-</span> 
     </span>
     <span class='ocr_line' id='line_1_23' title="bbox 136 2331 1760 2384; baseline 0.001 -12"><span class='ocrx_word' id='word_1_166' title='bbox 136 2332 281 2381; x_wconf 85' lang='lat' dir='ltr'>dotes,</span> <span class='ocrx_word' id='word_1_167' title='bbox 312 2345 404 2373; x_wconf 87' lang='lat' dir='ltr'>non</span> <span class='ocrx_word' id='word_1_168' title='bbox 433 2344 677 2384; x_wconf 91' lang='lat' dir='ltr'>possemus</span> <span class='ocrx_word' id='word_1_169' title='bbox 705 2344 865 2372; x_wconf 87' lang='lat' dir='ltr'>eorum</span> <span class='ocrx_word' id='word_1_170' title='bbox 894 2331 1213 2372; x_wconf 87' lang='lat' dir='ltr'>confessiones</span> <span class='ocrx_word' id='word_1_171' title='bbox 1242 2333 1448 2372; x_wconf 91' lang='lat' dir='ltr'>omnium</span> <span class='ocrx_word' id='word_1_172' title='bbox 1480 2333 1655 2384; x_wconf 88' lang='lat' dir='ltr'>audire,</span> <span class='ocrx_word' id='word_1_173' title='bbox 1687 2346 1760 2374; x_wconf 88' lang='lat' dir='ltr'>ne-</span> 
     </span>
     <span class='ocr_line' id='line_1_24' title="bbox 137 2403 1761 2456; baseline 0 -12"><span class='ocrx_word' id='word_1_174' title='bbox 137 2416 225 2456; x_wconf 90' lang='lat' dir='ltr'>que</span> <span class='ocrx_word' id='word_1_175' title='bbox 248 2404 336 2445; x_wconf 89' lang='lat' dir='ltr'>illis</span> <span class='ocrx_word' id='word_1_176' title='bbox 358 2404 645 2454; x_wconf 85' lang='lat' dir='ltr'>satisfacere,</span> <span class='ocrx_word' id='word_1_177' title='bbox 673 2403 945 2444; x_wconf 89' lang='lat' dir='ltr'>instruendo</span> <span class='ocrx_word' id='word_1_178' title='bbox 969 2405 1033 2452; x_wconf 83' lang='lat' dir='ltr'>(ut</span> <span class='ocrx_word' id='word_1_179' title='bbox 1061 2415 1146 2454; x_wconf 89' lang='lat' dir='ltr'>par</span> <span class='ocrx_word' id='word_1_180' title='bbox 1173 2409 1241 2443; x_wconf 91' lang='lat' dir='ltr'>est</span> <span class='ocrx_word' id='word_1_181' title='bbox 1268 2409 1312 2443; x_wconf 91' lang='lat' dir='ltr'>et</span> <span class='ocrx_word' id='word_1_182' title='bbox 1342 2405 1526 2455; x_wconf 87' lang='lat' dir='ltr'>rogant)</span> <span class='ocrx_word' id='word_1_183' title='bbox 1559 2405 1618 2445; x_wconf 85' lang='lat' dir='ltr'>ad</span> <span class='ocrx_word' id='word_1_184' title='bbox 1645 2405 1761 2445; x_wconf 90' lang='lat' dir='ltr'>bene</span> 
     </span>
     <span class='ocr_line' id='line_1_25' title="bbox 138 2473 1762 2526; baseline 0.001 -11"><span class='ocrx_word' id='word_1_185' title='bbox 138 2474 367 2515; x_wconf 83' lang='lat' dir='ltr'>orandum</span> <span class='ocrx_word' id='word_1_186' title='bbox 390 2481 433 2515; x_wconf 90' lang='lat' dir='ltr'>et</span> <span class='ocrx_word' id='word_1_187' title='bbox 455 2474 737 2526; x_wconf 83' lang='lat' dir='ltr'>generaliter</span> <span class='ocrx_word' id='word_1_188' title='bbox 761 2474 1087 2515; x_wconf 87' lang='lat' dir='ltr'>confitendum.</span> <span class='ocrx_word' id='word_1_189' title='bbox 1111 2473 1313 2525; x_wconf 87' lang='lat' dir='ltr'>Quidam</span> <span class='ocrx_word' id='word_1_190' title='bbox 1334 2475 1491 2515; x_wconf 93' lang='lat' dir='ltr'>deuoti</span> <span class='ocrx_word' id='word_1_191' title='bbox 1512 2482 1555 2515; x_wconf 88' lang='lat' dir='ltr'>et</span> <span class='ocrx_word' id='word_1_192' title='bbox 1585 2476 1762 2516; x_wconf 86' lang='lat' dir='ltr'>nobiles</span> 
     </span>
     <span class='ocr_line' id='line_1_26' title="bbox 139 2545 1763 2598; baseline 0 -11"><span class='ocrx_word' id='word_1_193' title='bbox 139 2547 348 2598; x_wconf 88' lang='lat' dir='ltr'>ipsorum</span> <span class='ocrx_word' id='word_1_194' title='bbox 370 2546 671 2587; x_wconf 89' lang='lat' dir='ltr'>stabilitatem</span> <span class='ocrx_word' id='word_1_195' title='bbox 693 2553 737 2586; x_wconf 87' lang='lat' dir='ltr'>et</span> <span class='ocrx_word' id='word_1_196' title='bbox 761 2545 1130 2586; x_wconf 88' lang='lat' dir='ltr'>immobilitatem</span> <span class='ocrx_word' id='word_1_197' title='bbox 1152 2546 1197 2586; x_wconf 91' lang='lat' dir='ltr'>in</span> <span class='ocrx_word' id='word_1_198' title='bbox 1221 2547 1511 2587; x_wconf 88' lang='lat' dir='ltr'>orationibus</span> <span class='ocrx_word' id='word_1_199' title='bbox 1533 2546 1763 2587; x_wconf 85' lang='lat' dir='ltr'>admiran-</span> 
     </span>
     <span class='ocr_line' id='line_1_27' title="bbox 137 2616 1762 2672; baseline 0.001 -15"><span class='ocrx_word' id='word_1_200' title='bbox 137 2624 222 2668; x_wconf 80' lang='lat' dir='ltr'>tes,</span> <span class='ocrx_word' id='word_1_201' title='bbox 262 2617 416 2657; x_wconf 87' lang='lat' dir='ltr'>dicere</span> <span class='ocrx_word' id='word_1_202' title='bbox 452 2618 602 2657; x_wconf 90' lang='lat' dir='ltr'>solent</span> <span class='ocrx_word' id='word_1_203' title='bbox 637 2617 753 2657; x_wconf 90' lang='lat' dir='ltr'>haec</span> <span class='ocrx_word' id='word_1_204' title='bbox 790 2623 867 2656; x_wconf 90' lang='lat' dir='ltr'>aut</span> <span class='ocrx_word' id='word_1_205' title='bbox 898 2616 969 2656; x_wconf 90' lang='lat' dir='ltr'>his</span> <span class='ocrx_word' id='word_1_206' title='bbox 1002 2617 1168 2657; x_wconf 91' lang='lat' dir='ltr'>similia</span> <span class='ocrx_word' id='word_1_207' title='bbox 1197 2617 1366 2657; x_wconf 84' lang='lat' dir='ltr'>verba:</span> <span class='ocrx_word' id='word_1_208' title='bbox 1399 2616 1461 2658; x_wconf 80' lang='lat' dir='ltr'>“O</span> <span class='ocrx_word' id='word_1_209' title='bbox 1493 2618 1612 2659; x_wconf 91' lang='lat' dir='ltr'>bone</span> <span class='ocrx_word' id='word_1_210' title='bbox 1638 2618 1762 2672; x_wconf 90' lang='lat' dir='ltr'>Jesu,</span> 
     </span>
     <span class='ocr_line' id='line_1_28' title="bbox 145 2687 1766 2740; baseline 0.001 -12"><span class='ocrx_word' id='word_1_211' title='bbox 145 2700 284 2740; x_wconf 89' lang='lat' dir='ltr'>quam</span> <span class='ocrx_word' id='word_1_212' title='bbox 318 2688 549 2729; x_wconf 89' lang='lat' dir='ltr'>laudabile</span> <span class='ocrx_word' id='word_1_213' title='bbox 584 2694 627 2728; x_wconf 90' lang='lat' dir='ltr'>et</span> <span class='ocrx_word' id='word_1_214' title='bbox 663 2687 970 2728; x_wconf 88' lang='lat' dir='ltr'>admiratione</span> <span class='ocrx_word' id='word_1_215' title='bbox 999 2687 1190 2738; x_wconf 85' lang='lat' dir='ltr'>dignum</span> <span class='ocrx_word' id='word_1_216' title='bbox 1217 2694 1286 2728; x_wconf 91' lang='lat' dir='ltr'>est</span> <span class='ocrx_word' id='word_1_217' title='bbox 1314 2687 1474 2729; x_wconf 89' lang='lat' dir='ltr'>videre</span> <span class='ocrx_word' id='word_1_218' title='bbox 1501 2689 1586 2730; x_wconf 91' lang='lat' dir='ltr'>hos</span> <span class='ocrx_word' id='word_1_219' title='bbox 1616 2689 1766 2730; x_wconf 89' lang='lat' dir='ltr'>adole·</span> 
     </span>
     <span class='ocr_line' id='line_1_29' title="bbox 138 2759 1766 2811; baseline 0.001 -11"><span class='ocrx_word' id='word_1_220' title='bbox 138 2760 376 2800; x_wconf 87' lang='lat' dir='ltr'>scentulos</span> <span class='ocrx_word' id='word_1_221' title='bbox 395 2760 441 2800; x_wconf 90' lang='lat' dir='ltr'>in</span> <span class='ocrx_word' id='word_1_222' title='bbox 463 2759 559 2799; x_wconf 90' lang='lat' dir='ltr'>suis</span> <span class='ocrx_word' id='word_1_223' title='bbox 581 2759 885 2799; x_wconf 85' lang='lat' dir='ltr'>orationibus!</span> <span class='ocrx_word' id='word_1_224' title='bbox 905 2771 930 2799; x_wconf 94' lang='lat' dir='ltr'>o</span> <span class='ocrx_word' id='word_1_225' title='bbox 949 2770 1089 2810; x_wconf 87' lang='lat' dir='ltr'>quam</span> <span class='ocrx_word' id='word_1_226' title='bbox 1105 2759 1316 2811; x_wconf 83' lang='lat' dir='ltr'>humileS,</span> <span class='ocrx_word' id='word_1_227' title='bbox 1337 2760 1493 2801; x_wconf 91' lang='lat' dir='ltr'>deuoti</span> <span class='ocrx_word' id='word_1_228' title='bbox 1511 2773 1566 2801; x_wconf 92' lang='lat' dir='ltr'>ac</span> <span class='ocrx_word' id='word_1_229' title='bbox 1587 2761 1766 2801; x_wconf 87' lang='lat' dir='ltr'>feruen-</span> 
     </span>
     <span class='ocr_line' id='line_1_30' title="bbox 137 2829 1768 2883; baseline 0.001 -12"><span class='ocrx_word' id='word_1_230' title='bbox 137 2837 207 2872; x_wconf 91' lang='lat' dir='ltr'>tes</span> <span class='ocrx_word' id='word_1_231' title='bbox 244 2832 371 2871; x_wconf 89' lang='lat' dir='ltr'>sunt!</span> <span class='ocrx_word' id='word_1_232' title='bbox 402 2830 566 2871; x_wconf 88' lang='lat' dir='ltr'>Nonne</span> <span class='ocrx_word' id='word_1_233' title='bbox 595 2830 809 2871; x_wconf 89' lang='lat' dir='ltr'>videntur</span> <span class='ocrx_word' id='word_1_234' title='bbox 840 2829 1098 2870; x_wconf 89' lang='lat' dir='ltr'>immobiles</span> <span class='ocrx_word' id='word_1_235' title='bbox 1129 2836 1326 2882; x_wconf 89' lang='lat' dir='ltr'>statuae,</span> <span class='ocrx_word' id='word_1_236' title='bbox 1351 2832 1536 2883; x_wconf 90' lang='lat' dir='ltr'>quando</span> <span class='ocrx_word' id='word_1_237' title='bbox 1571 2831 1768 2872; x_wconf 87' lang='lat' dir='ltr'>fundunt</span> 
     </span>
    </p>
   </div>
   <div class='ocr_carea' id='block_1_5' title="bbox 140 2953 400 2957">
    <p class='ocr_par' dir='ltr' id='par_1_8' title="bbox 140 2953 400 2957">
     <span class='ocr_line' id='line_1_31' title="bbox 140 2953 400 2957; baseline 0 0"><span class='ocrx_word' id='word_1_238' title='bbox 140 2953 400 2957; x_wconf 95' lang='lat' dir='ltr'> </span> 
     </span>
    </p>
   </div>
   <div class='ocr_carea' id='block_1_6' title="bbox 145 3015 1771 3100">
    <p class='ocr_par' dir='ltr' id='par_1_9' title="bbox 145 3015 1771 3100">
     <span class='ocr_line' id='line_1_32' title="bbox 196 3015 1771 3052; baseline 0 -7"><span class='ocrx_word' id='word_1_239' title='bbox 196 3017 206 3038; x_wconf 87' lang='lat'>¹</span> <span class='ocrx_word' id='word_1_240' title='bbox 245 3017 494 3051; x_wconf 81' lang='lat' dir='ltr'>Autographae</span> <span class='ocrx_word' id='word_1_241' title='bbox 516 3017 613 3044; x_wconf 80' lang='lat' dir='ltr'>unico</span> <span class='ocrx_word' id='word_1_242' title='bbox 636 3015 725 3050; x_wconf 87' lang='lat' dir='ltr'>solio,</span> <span class='ocrx_word' id='word_1_243' title='bbox 742 3022 771 3044; x_wconf 86' lang='lat' dir='ltr'>n.</span> <span class='ocrx_word' id='word_1_244' title='bbox 785 3015 993 3043; x_wconf 84' lang='lat' dir='ltr'>78.—De1eta</span> <span class='ocrx_word' id='word_1_245' title='bbox 1008 3022 1027 3043; x_wconf 84' lang='lat' dir='ltr'>a</span> <span class='ocrx_word' id='word_1_246' title='bbox 1049 3015 1196 3044; x_wconf 88' lang='lat' dir='ltr'>Polanco</span> <span class='ocrx_word' id='word_1_247' title='bbox 1218 3015 1351 3044; x_wconf 85' lang='lat' dir='ltr'>italicis</span> <span class='ocrx_word' id='word_1_248' title='bbox 1372 3017 1630 3052; x_wconf 85' lang='lat' dir='ltr'>distinguemus;</span> <span class='ocrx_word' id='word_1_249' title='bbox 1654 3017 1771 3045; x_wconf 85' lang='lat' dir='ltr'>addita</span> 
     </span>
     <span class='ocr_line' id='line_1_33' title="bbox 145 3064 716 3100; baseline -0.002 -7"><span class='ocrx_word' id='word_1_250' title='bbox 145 3064 363 3100; x_wconf 84' lang='lat' dir='ltr'>subjiciemus</span> <span class='ocrx_word' id='word_1_251' title='bbox 378 3064 412 3092; x_wconf 86' lang='lat' dir='ltr'>in</span> <span class='ocrx_word' id='word_1_252' title='bbox 429 3064 716 3092; x_wconf 83' lang='lat' dir='ltr'>annotationibus-</span> 
     </span>
    </p>
   </div>
   <div class='ocr_carea' id='block_1_7' title="bbox 349 3122 1581 3169">
    <p class='ocr_par' dir='ltr' id='par_1_10' title="bbox 349 3122 1581 3169">
     <span class='ocr_line' id='line_1_34' title="bbox 349 3122 1581 3169; baseline 0.009 -11"><span class='ocrx_word' id='word_1_253' title='bbox 349 3122 398 3162; x_wconf 88' lang='lat' dir='ltr'>T.</span> <span class='ocrx_word' id='word_1_254' title='bbox 422 3135 479 3160; x_wconf 80' lang='lat' dir='ltr'>iv.</span> <span class='ocrx_word' id='word_1_255' title='bbox 1538 3123 1581 3169; x_wconf 69' lang='lat'>35</span> 
     </span>
    </p>
   </div>
  </div>
 </body>
</html>
