2020 3342
866 251 947 290 AN.
980 250 1071 291 1550
1709 255 1774 292 591

233 346 378 389 Ducis
401 347 567 389 Vrbini
591 349 776 398 coniux,
802 360 906 389 cum
929 349 1109 389 duabus
1129 349 1234 388 filiis
1257 354 1300 388 et
1321 359 1493 398 magno
1515 349 1628 388 satis
1648 351 1785 389 comi-

156 424 270 469 tatu,
297 430 403 459 cum
421 419 660 470 religionis
682 420 836 470 gratia
855 428 898 459 et
915 420 1103 459 votiuae
1119 418 1512 470 peregrinationis
1530 418 1620 458 huc
1636 420 1786 459 uenis-

156 495 240 539 set,
265 489 367 541 ipsa
389 496 433 529 et
459 489 580 530 filiae
613 496 657 530 et
686 490 865 542 reliqua
894 490 1044 529 omnis
1073 490 1210 529 simul
1239 481 1455 529 clientela
1481 495 1669 529 nostros
1695 490 1782 529 sibi

152 571 253 599 esse
274 559 532 599 voluerunt
554 561 882 601 confessarios.
905 560 1060 612 Atque
1081 560 1203 600 idern
1232 560 1334 611 pari
1361 570 1474 610 erga
1503 558 1784 600 Societatem

153 631 477 671 beneuolentia
500 638 695 682 egerunt
718 631 771 672 R.
794 631 1048 680 Marchiae,
1071 632 1169 671 siue
1188 630 1360 679 Piceni,
1379 638 1423 670 et
1439 630 1784 671 Firmianorum

152 700 514 753 Gubernatores,
547 703 717 754 aliique
744 703 956 754 primarii
983 702 1085 752 uiri,
1119 708 1345 754 quotquot
1371 701 1516 742 ferme
1537 708 1617 742 aut
1637 714 1695 742 ex
1716 702 1784 742 iti-

150 784 261 812 nere
282 772 371 812 huc
394 773 697 824 diuerterunt,
722 779 801 813 aut
823 773 976 813 dedita
999 784 1140 824 opera
1163 778 1406 813 uenerunt.
1430 772 1652 824 Magnam
1671 784 1781 813 uero

150 841 374 883 laetitiam
397 851 441 883 et
462 845 752 895 uoluptatem
773 845 1093 896 percipiebant
1114 844 1191 884 ubi
1222 844 1344 884 hanc
1371 831 1620 884 ecclesiam
1649 855 1676 883 a
1705 843 1783 884 So-

151 915 319 954 cietate
342 921 507 954 nostra
528 915 848 955 administrari
868 921 998 955 tanta
1019 915 1265 955 sedulitate
1287 915 1629 955 intellexerunt.
1654 914 1705 955 In
1728 928 1783 955 en

151 985 401 1025 conciones
423 985 608 1036 quidem
630 985 759 1036 fiunt,
784 985 968 1037 quando
990 997 1072 1036 per
1094 993 1281 1026 caetera
1303 986 1411 1025 licet
1438 984 1602 1036 officia,
1635 992 1679 1026 et
1709 997 1782 1037 pe-

150 1056 446 1107 regrinorum
466 1056 729 1108 frequentia
749 1057 795 1097 id
816 1058 1005 1108 patitur,
1030 1065 1109 1097 aut
1126 1069 1207 1097 eas
1224 1056 1526 1097 aduenientes
1542 1056 1782 1108 principes

151 1135 288 1178 atque
309 1128 560 1179 optimates
581 1130 833 1179 postulant.
857 1128 1105 1168 Lectiones
1126 1140 1185 1168 ex
1206 1140 1342 1168 sacra
1364 1127 1606 1179 Scriptura
1624 1128 1780 1179 singu-

152 1200 206 1239 lis
226 1199 484 1250 quibusque
503 1199 633 1239 festis
654 1200 815 1239 diebus
835 1211 890 1239 ac
911 1199 1171 1249 dominicis,
1196 1210 1333 1239 casus
1355 1205 1511 1239 autem
1539 1199 1782 1239 conscien-

150 1272 257 1319 tiae,
280 1270 336 1310 iis
357 1271 580 1321 exceptis,
606 1282 687 1321 per
714 1272 919 1322 reliquos
949 1271 1048 1311 dies
1081 1270 1400 1310 hebdomadae
1429 1271 1780 1322 praeleguntur.

150 1341 199 1381 ln
221 1341 392 1392 oppido
415 1348 458 1381 et
481 1342 776 1382 xenodochio
796 1342 1064 1393 frequentes
1084 1342 1233 1381 nostri
1254 1341 1573 1384 adolescentes
1596 1342 1781 1381 concio-

156 1412 256 1452 nati
272 1419 394 1452 sunt.
1108 1407 1113 1412 ’

228 1483 482 1524 Lauretani
503 1485 694 1525 iuuenes
715 1486 989 1525 societatem
1010 1486 1261 1536 quamdam
1283 1486 1499 1536 inierunt,
1525 1492 1569 1525 et
1590 1497 1781 1536 praece-

151 1556 241 1608 ptis
278 1556 334 1595 de
374 1556 580 1596 uitandis
613 1556 874 1597 maledictis
908 1568 962 1596 ac
997 1557 1320 1608 blasphemiis,
1357 1557 1412 1597 de
1448 1557 1783 1609 componendis

150 1630 269 1668 inter
289 1639 338 1668 se
355 1627 616 1678 discordiis,
640 1628 696 1667 de
717 1627 1066 1679 frequentandis
1087 1628 1239 1679 magis
1261 1639 1400 1679 quarn
1417 1628 1571 1668 adhuc
1588 1640 1782 1668 consue-

150 1699 326 1740 uissent
359 1700 671 1739 sanctissimis
706 1700 1030 1750 sacramentis,
1061 1711 1119 1739 ex
1146 1699 1338 1740 Patrum
1364 1700 1673 1754 quorumdam
1704 1712 1781 1740 no-

150 1778 355 1811 strorum
376 1772 661 1811 authoritate
683 1778 727 1811 et
749 1771 959 1822 consilio,
983 1782 1085 1811 sese
1107 1771 1472 1811 obstrinxerunt.

228 1843 280 1882 ln
313 1853 363 1882 re
397 1843 606 1882 literaria
644 1842 758 1882 fiunt
798 1842 1057 1883 mediocres
1095 1849 1138 1882 et
1177 1854 1473 1894 nequaquam
1510 1843 1780 1895 poenitendi

150 1925 447 1965 progressus.
476 1913 717 1953 Docentur
737 1924 911 1964 graeca
933 1921 976 1953 et
997 1914 1159 1964 latina,
1179 1921 1317 1965 atque
1339 1915 1385 1954 in
1407 1921 1604 1966 utraque
1622 1914 1783 1966 lingua

150 1996 283 2025 suam
305 1985 498 2037 quisque
526 1985 812 2034 facultatem,
846 1987 967 2036 stylo
995 1992 1038 2025 et
1066 1986 1320 2037 scriptione
1350 1986 1782 2038 exercitationeque

150 2057 418 2107 memoriae,
442 2056 604 2097 sedulo
634 2056 869 2108 adaugere
900 2058 946 2097 in
973 2057 1072 2097 dies
1100 2056 1270 2097 studet.
1301 2056 1601 2109 Componunt
1628 2059 1786 2098 rheto-

149 2128 234 2168 rici
254 2128 634 2179 declamationes,
659 2136 703 2168 et
726 2127 1026 2168 conficiendis
1049 2129 1263 2169 uersibus
1280 2135 1572 2170 exercentur.
1592 2129 1780 2170 Confes-

149 2200 263 2240 sarii
293 2206 449 2240 autem
475 2201 624 2240 nostri
650 2201 899 2240 lectionem
929 2200 984 2240 de
1012 2201 1198 2240 casibus
1225 2200 1535 2240 conscientiae
1561 2201 1780 2251 andiunt,

150 2272 196 2311 in
218 2283 307 2323 quo
331 2283 522 2311 munere
543 2271 770 2322 Magister
790 2270 896 2311 Pisa
923 2272 1137 2312 omnibus
1164 2273 1331 2312 mirum
1358 2273 1403 2312 in
1432 2272 1621 2314 modum
1649 2273 1780 2313 satis-

149 2343 278 2383 facit:
302 2354 360 2382 ex
388 2342 552 2382 eodem
581 2341 908 2394 Porphyrium,
942 2354 999 2383 ex
1026 2343 1253 2394 Magistro
1284 2344 1465 2384 Erardo
1487 2344 1782 2384 dialecticam

150 2413 213 2453 Io.
239 2413 451 2454 Caesarii
473 2413 679 2454 audiunt.

231 2484 304 2525 Ad
325 2485 559 2537 perfectae
581 2493 735 2525 autem
757 2486 996 2537 religionis
1012 2493 1056 2526 et
1073 2487 1259 2538 pietatis
1280 2487 1326 2527 in
1347 2494 1512 2528 sancta
1528 2487 1780 2528 vocatione

150 2556 489 2597 incrementum
523 2567 722 2607 magnus
756 2557 802 2596 in
839 2557 937 2597 dies
965 2559 1178 2598 cumulus
1204 2559 1251 2599 in
1281 2559 1453 2599 nostris
1483 2558 1666 2599 uidetur
1708 2571 1782 2599 ac·

151 2628 334 2678 cedere,
368 2628 479 2668 dum
517 2640 841 2680 quaecumque
868 2629 927 2669 ad
953 2628 1238 2680 frangendos
1276 2630 1654 2682 euincendosque
1687 2642 1780 2670 non

149 2707 304 2739 rectos
351 2700 614 2739 animorum
664 2707 820 2740 motus
867 2700 1092 2752 proficere
1147 2701 1432 2752 intelligunt,
1482 2702 1781 2753 cupidissime

149 2778 427 2822 exposcunt,
469 2779 608 2822 atque
645 2782 816 2822 magna
860 2783 964 2813 cum
1000 2773 1294 2823 superiorum
1338 2774 1576 2825 uoluptate
1612 2775 1780 2824 ample-

153 2848 356 2882 ctuntur.
1379 2892 1384 2894 4

229 2913 350 2954 Ecce
373 2914 469 2965 tibi,
489 2913 584 2953 R.de
615 2913 768 2965 Pater,
793 2925 910 2965 quae
931 2915 1092 2967 paucis
1114 2915 1350 2956 mensibus
1367 2916 1442 2956 hic
1460 2927 1541 2968 per
1558 2922 1653 2956 tam
1674 2927 1780 2956 con-

151 2992 324 3037 tempta
348 2986 655 3026 instrumenta
688 2985 791 3025 X.²‘⁵
820 2986 999 3037 effecit,
1024 2991 1067 3027 et
1098 2987 1143 3027 in
1164 2993 1403 3039 posterum
1424 2999 1506 3040 per
1537 2991 1649 3027 tuas
1674 2999 1778 3027 scm-

152 3057 391 3097 ctz'ssz'mas
413 3057 655 3109 orationes
676 3069 729 3097 ac
749 3058 984 3109 sacrificia
1008 3059 1188 3099 maiora
1202 3058 1555 3110 praestz'tnrmn
1571 3059 1780 3099 eumdem
