2020 3342
901 284 929 324 Α
942 300 979 324 Ν.
1013 282 1102 324 15ῧό
1732 285 1802 325 269

257 382 417 426 Nostri
438 392 766 437 praeceptores
792 384 1178 436 progrediuntur,
1203 384 1378 424 Christi
1399 396 1608 434 munere,
1635 385 1803 424 medio-

179 457 248 497 cri
282 456 669 497 scholasticorum
699 455 930 507 profectu,
959 456 1139 507 ipsique
1168 455 1435 495 scholastici
1467 456 1658 495 multum
1690 456 1736 495 in
1758 455 1807 495 li-

178 533 386 567 terarum
407 526 560 567 studio
581 526 854 578 procedunt.
884 525 999 566 Sunt
1027 525 1376 577 quamplurimi,
1407 526 1485 577 qui
1514 526 1717 566 maxime
1742 526 1805 566 in-

178 597 316 649 genio
338 598 522 647 florent,
547 597 714 649 quique
734 597 780 636 in
802 597 989 636 uirtutis
1010 603 1053 636 et
1082 597 1323 636 literarum
1353 596 1505 636 studio
1538 597 1680 636 miros
1701 608 1804 647 pro-

178 679 369 719 gressus
394 668 592 708 faciunt:
621 680 679 707 ex
714 668 784 707 his
821 680 912 707 non
946 668 1084 719 pauci
1118 677 1288 718 magno
1325 672 1539 707 tenentur
1573 666 1803 707 desiderio

179 738 442 780 Societatis.

258 811 309 857 In
330 811 418 850 hoc
440 810 636 861 collegio
658 815 764 850 sunt
785 822 868 850 sex
889 810 1078 860 classes,
1103 810 1148 850 in
1170 809 1335 862 quibus
1356 815 1426 850 est
1453 810 1656 850 maxima
1681 810 1805 851 audi-

177 887 330 922 torum
349 881 625 933 frequentia,
650 892 705 920 ac
727 882 882 932 plures
904 881 1090 932 quidem
1111 886 1279 931 essent,
1303 881 1342 921 si
1365 892 1526 921 omnes
1547 882 1803 932 recipertn-

176 958 265 993 tur:
285 951 366 992 sed
386 952 710 992 intercluditur
740 952 829 992 illis
859 963 1194 1003 saepenumero
1225 951 1378 992 aditus
1402 952 1461 992 ad
1489 958 1699 992 nostrum
1722 964 1806 1004 gy-

176 1023 409 1064 mnasium
430 1036 483 1063 eo
506 1023 629 1075 quod
656 1029 726 1063 est
759 1034 930 1074 magna
964 1024 1185 1063 classium
1216 1024 1436 1074 penuria,
1471 1035 1723 1075 omnesque
1760 1024 1805 1064 in

175 1106 372 1145 paruum
411 1094 658 1146 quemdam
696 1100 740 1134 et
779 1100 1031 1144 angustum
1070 1094 1222 1134 locum
1268 1094 1603 1134 concludimur.
1654 1093 1804 1145 Saepe

175 1165 442 1205 scholastici
463 1177 521 1205 ex
544 1165 840 1205 inferioribus
868 1165 1096 1204 classibus
1125 1165 1183 1204 ad
1214 1165 1481 1216 superiores
1511 1165 1710 1216 gradum
1742 1165 1803 1205 sa-

176 1236 323 1285 ciunt,
348 1242 392 1276 et
414 1236 665 1288 praecipue
692 1236 906 1286 proximo
936 1235 1310 1276 Resurrectionis
1340 1235 1457 1275 festo
1484 1237 1639 1286 plures
1669 1236 1801 1285 forte,

175 1319 316 1358 quam
338 1307 585 1357 haetenus,
609 1306 667 1346 ad
690 1307 858 1347 altiora
880 1308 981 1346 loca
1005 1307 1341 1358 migrauerunt.

250 1377 406 1418 Primo
428 1378 621 1418 sabbato
643 1377 754 1418 Maii
777 1384 1096 1417 conuenerunt
1118 1389 1278 1417 omnes
1300 1378 1569 1417 scholastici
1593 1378 1639 1417 in
1658 1389 1799 1418 unum

173 1450 348 1499 locum,
386 1449 463 1489 ubi
496 1449 686 1501 quidam
720 1462 778 1489 ex
807 1449 956 1500 prima
986 1450 1136 1488 classe
1172 1449 1398 1500 quasdam
1434 1449 1692 1489 rhetorices
1726 1461 1801 1500 po-

172 1521 363 1561 sitiones
391 1520 615 1561 defendit:
648 1521 858 1560 nonnulli
888 1533 946 1560 ex
978 1520 1141 1560 eadem
1171 1521 1319 1559 classe
1352 1521 1667 1571 argumentati
1698 1526 1804 1573 sunt

172 1603 277 1632 cum
307 1593 611 1632 oratiunculis
641 1592 796 1632 latinis
821 1588 866 1632 et
896 1592 1106 1643 graecis,
1141 1592 1290 1631 soluta
1325 1597 1367 1631 et
1398 1592 1544 1642 ligata
1575 1592 1800 1631 oratione.

173 1662 341 1704 Mirum
381 1669 668 1715 quantopere
708 1664 983 1715 placuerint.
1026 1662 1193 1703 Postea
1241 1663 1369 1703 multi
1416 1663 1495 1702 alii
1534 1663 1802 1703 scholastici

170 1736 338 1775 multos
372 1741 416 1775 et
450 1736 551 1787 pios
586 1747 773 1785 uersus,
807 1746 923 1786 quos
953 1736 1091 1786 paulo
1123 1741 1229 1774 ante
1260 1734 1492 1783 fecerant,
1526 1735 1798 1784 recitarunt,

170 1818 265 1846 non
287 1807 385 1846 sine
407 1807 565 1858 lepore
587 1812 630 1846 et
652 1807 762 1846 sale.
788 1806 966 1856 Nullus,
990 1806 1147 1855 credo,
1172 1813 1308 1856 esset,
1333 1806 1425 1857 qui,
1449 1806 1487 1845 si
1505 1817 1585 1845 eos
1602 1806 1799 1855 audiret,

170 1889 263 1917 non
283 1884 328 1918 et
348 1889 521 1929 magna
549 1877 906 1929 perfunderetur
937 1878 1195 1928 uoluptate,
1228 1883 1271 1917 et
1302 1877 1403 1917 Deo
1435 1876 1539 1928 Opt.
1573 1876 1697 1917 Max.
1722 1877 1800 1917 im-

171 1949 391 1989 mortales
412 1949 592 2000 gratias
612 1955 787 2000 ageret.

248 2019 379 2060 Multi
408 2032 465 2060 ex
499 2020 591 2071 his,
630 2020 706 2072 qui
737 2020 869 2060 nobis
901 2019 1013 2060 dant
1045 2030 1260 2071 operam,
1296 2025 1426 2060 tanta
1462 2026 1568 2059 sunt
1599 2020 1801 2071 praediti

167 2091 394 2132 modestia
417 2097 639 2143 tantaque
665 2091 920 2142 probitate,
950 2097 998 2131 ut
1029 2091 1109 2131 uix
1140 2091 1239 2131 sine
1270 2102 1442 2141 magna
1477 2091 1798 2131 consolatione

167 2162 213 2202 id
234 2162 326 2203 dici
347 2169 499 2214 queat.
524 2162 812 2203 Confitentur
833 2163 1028 2213 singulis
1051 2161 1375 2202 hebdomadis:
1405 2161 1568 2202 horum
1592 2162 1638 2202 in
1660 2162 1799 2202 uirtu-

169 2240 213 2274 te
246 2234 459 2285 profectu
493 2240 712 2285 parentes
747 2234 1056 2274 admiratione
1092 2245 1207 2284 pene
1244 2233 1577 2285 obstupefacti,
1614 2233 1717 2273 aliis
1754 2239 1801 2273 ut

168 2311 433 2356 portentum
454 2311 669 2356 narrant,
692 2305 915 2356 nobisque
944 2305 1157 2356 ingentes
1186 2304 1365 2354 gratias
1396 2310 1562 2356 agunt,
1596 2305 1798 2345 fatentes

165 2376 299 2416 nobis
319 2387 603 2428 magnopere
637 2389 686 2416 se
716 2375 960 2416 deuinctos
990 2388 1114 2416 esse:
1148 2387 1232 2416 nec
1263 2388 1467 2427 unquam
1500 2376 1642 2416 tantis
1672 2376 1718 2415 in
1749 2388 1797 2415 se

165 2448 343 2488 meritis
362 2459 498 2499 posse
520 2447 816 2499 respondere.
841 2446 997 2488 Solent
1018 2448 1065 2487 hi
1086 2448 1217 2499 pueri
1245 2453 1375 2488 tanto
1397 2447 1550 2487 studio
1578 2459 1687 2487 suos
1709 2447 1799 2486 fra-

167 2524 261 2559 tres
289 2525 333 2559 et
362 2531 525 2559 seruos
552 2519 847 2571 reliquosque
882 2518 1166 2559 domesticos
1198 2519 1245 2559 in
1275 2518 1426 2559 officio
1458 2518 1718 2568 continere,
1751 2524 1799 2558 ut

166 2602 253 2630 nec
273 2590 385 2642 ipsis
407 2590 676 2630 absentibus
696 2590 891 2630 uerbum
917 2591 1061 2630 ullum
1092 2602 1150 2630 ex
1180 2602 1341 2630 eorum
1368 2601 1447 2630 ore
1483 2597 1643 2640 exeat,
1678 2590 1798 2629 unde

165 2661 330 2713 aliquis
351 2661 520 2701 offendi
540 2661 709 2713 possit;
732 2661 840 2713 quia
861 2661 1035 2701 caeteri
1064 2661 1143 2712 qui
1166 2661 1360 2701 audiunt
1382 2661 1594 2701 deferunt
1621 2661 1798 2701 crimen

168 2732 225 2772 ad
256 2744 473 2784 puerum,
498 2738 546 2773 ut
576 2732 631 2772 de
664 2744 742 2772 reo
773 2732 1049 2784 supplicium
1081 2739 1248 2773 sumat.
1282 2732 1466 2773 Habent
1500 2732 1639 2773 etiam
1671 2731 1799 2772 domi

162 2804 267 2843 loca
287 2803 537 2855 quaedam,
562 2815 652 2855 quo
675 2803 832 2843 iubent
853 2815 1014 2843 omnes
1041 2803 1312 2855 conuenire,
1345 2803 1498 2855 ibique
1525 2815 1606 2844 eos
1627 2803 1794 2843 doctri-

162 2886 274 2914 nam
294 2874 598 2915 christianam
619 2873 801 2922 docent;
825 2880 956 2914 tanta
979 2874 1221 2925 diligentia
1239 2874 1432 2915 ueniunt
1449 2875 1495 2915 in
1511 2874 1796 2915 sacrificium

162 2946 368 2997 quotidie
390 2952 613 2997 tantaque
635 2946 889 2986 attentione
912 2946 957 2985 id
978 2945 1185 2997 audiunt,
1210 2951 1259 2986 ut
1287 2946 1365 2998 qui
1386 2946 1555 2987 uiderit
1576 2957 1671 2986 non
1693 2956 1796 2997 pos-

160 3017 220 3056 sit
265 3029 358 3057 non
404 3016 782 3068 exquisitissimis
828 3016 985 3057 uerbis
1032 3017 1311 3057 immensam
1349 3016 1668 3068 infinitamque
1707 3016 1797 3056 Dei

164 3087 268 3138 Opt.
293 3087 418 3127 Max.
441 3088 697 3127 bonitatem
718 3088 927 3128 laudare.
950 3088 1186 3129 Intersunt
1207 3089 1346 3129 etiam
1368 3089 1529 3128 diebus
1550 3086 1796 3128 dominicis
