2020 3342
635 213 857 252 ADDENDA
884 225 927 251 lN
953 225 1068 253 Tomo
1096 225 1291 252 SECUNDO
1695 213 1789 254 655⁵

137 309 488 350 ⁴confessionum
508 311 753 351 multitudo
774 310 820 351 id
839 311 935 362 pati
956 323 1047 352 non
1064 317 1229 363 potest.
1249 310 1427 352 Crescit
1445 311 1491 351 in
1507 310 1606 351 dies
1623 323 1764 363 popu-

140 381 214 420 lus
235 381 311 432 qui
333 380 392 421 ad
412 393 493 421 eas
520 381 775 422 audiendas
802 382 1035 422 conuenit.
1059 381 1253 422 Crescat
1280 382 1457 422 utinam
1485 375 1531 421 in
1560 383 1765 422 omnium

144 451 311 492 animis
332 452 522 503 spiritus
545 452 619 492 ille
638 452 864 503 ueritatis,
889 452 965 504 qui
987 453 1218 493 docturus
1233 452 1391 492 omnia
1407 464 1435 491 a
1458 450 1643 492 Christo
1654 457 1765 503 pro-

145 522 324 562 missus
344 526 428 563 est.

225 593 313 644 Qui
341 593 606 634 detinentur
633 594 679 634 in
708 594 921 634 custodia
950 594 1156 646 publica,
1182 594 1367 635 cuidam
1387 605 1446 634 ex
1479 594 1652 635 nostris
1682 593 1764 635 Pa-

143 663 306 714 tribus,
336 664 413 715 qui
441 675 522 704 eos
549 664 678 704 adire
704 664 964 716 docereque
995 665 1126 715 solet,
1157 676 1241 705 sua
1265 667 1459 716 peccata
1484 664 1624 704 etiam
1652 668 1765 704 sunt

135 734 365 784 confessi.

221 804 370 845 Hodie
390 805 437 845 in
464 812 674 846 nostram
703 806 891 847 domum
921 818 969 847 se
1000 808 1297 847 contulerunt
1323 806 1511 858 quidam
1538 806 1765 858 imprimis

141 875 436 916 uenerandus
457 877 703 927 sacerdos,
728 878 806 928 qui
827 877 920 917 iam
940 877 1121 929 publice
1143 877 1467 928 concionatur,
1492 889 1674 917 necnon
1704 878 1764 917 al-

140 953 211 985 ter
230 945 412 986 iuuenis
433 947 693 998 theologus,
718 954 762 988 et
783 947 954 988 tertius
981 948 1056 988 cui
1082 948 1175 988 iam
1201 948 1370 988 artium
1396 959 1562 989 cursus
1589 948 1762 998 finitur,

141 1023 351 1067 petentes
371 1018 517 1069 recipi
545 1017 593 1057 in
622 1018 899 1059 Societatem
926 1025 1065 1070 atque
1092 1019 1212 1075 mitti
1238 1030 1329 1070 quo
1355 1019 1599 1059 uellemus:
1630 1019 1764 1059 ualde

138 1099 254 1127 sane
272 1087 322 1127 z'd
342 1088 545 1139 cupiunt,
570 1093 623 1129 ut
643 1092 686 1129 et
705 1088 848 1129 multi
860 1089 951 1139 alii;
969 1095 1276 1129 ueruntamen
1291 1100 1377 1129 nec
1395 1089 1595 1138 excludi,
1614 1101 1764 1142 neque

139 1158 285 1210 recipi
304 1170 384 1198 eos
404 1159 485 1199 sed
506 1158 703 1199 detineri
725 1171 806 1211 spe
827 1159 984 1199 uisum
1004 1163 1088 1199 est.
1107 1159 1243 1199 Inter
1264 1158 1387 1199 alios
1401 1159 1493 1200 duo
1509 1164 1623 1200 sunt
1639 1160 1763 1201 nobi-

138 1230 206 1269 les
225 1229 314 1269 uiri
330 1241 635 1281 conquenses,
657 1230 733 1282 qui
752 1229 985 1270 Gandiam
1002 1236 1218 1281 pergunt,
1237 1237 1285 1270 ut
1303 1231 1365 1270 ibi
1381 1230 1590 1271 securius
1612 1231 1667 1271 de
1689 1242 1764 1270 re-

139 1300 224 1339 bus
243 1300 347 1340 suis
367 1299 636 1341 decernant:
660 1301 828 1341 mirum
849 1312 989 1352 quam
1017 1300 1159 1341 dediti
1189 1299 1412 1341 Societati
1438 1307 1627 1341 nostrae
1647 1301 1763 1349 sint,

134 1382 244 1411 cum
264 1377 422 1412 tamen
451 1372 569 1412 alter
596 1371 846 1412 admodum
877 1372 1053 1412 alienus
1081 1372 1190 1412 olim
1216 1371 1368 1411 fuerit.
1404 1371 1492 1422 Qui
1522 1372 1646 1412 dedit
1673 1373 1764 1413 illis

136 1442 269 1493 uelle,
294 1442 371 1482 det
392 1443 607 1483 omnibus
629 1454 763 1483 suam
783 1449 993 1483 sanctam
1016 1443 1304 1483 uoluntatem
1325 1441 1561 1494 perficere.
1592 1442 1760 1483 Amen.

219 1512 464 1554 Valentiae
486 1513 636 1565 pridie
659 1514 880 1554 calendas
903 1513 1012 1554 maii
1039 1513 1192 1554 1553.

345 1583 474 1624 Tuus
495 1584 541 1624 in
562 1583 682 1636 Xpo.
707 1595 887 1635 seruus

1182 1727 1214 1779 †
1243 1727 1544 1768 MARCELLUS.
