<?xml version="1.0" encoding="UTF-8"?>
<!DOCTYPE html PUBLIC "-//W3C//DTD XHTML 1.0 Transitional//EN"
    "http://www.w3.org/TR/xhtml1/DTD/xhtml1-transitional.dtd">
<html xmlns="http://www.w3.org/1999/xhtml" xml:lang="en" lang="en">
 <head>
  <title>
</title>
<meta http-equiv="Content-Type" content="text/html;charset=utf-8" />
  <meta name='ocr-system' content='tesseract 3.04.00' />
  <meta name='ocr-capabilities' content='ocr_page ocr_carea ocr_par ocr_line ocrx_word'/>
</head>
<body>
  <div class='ocr_page' id='page_1' title='image "./litteraequadrime16lain_0645.png"; bbox 0 0 2020 3342; ppageno 0'>
   <div class='ocr_carea' id='block_1_1' title="bbox 645 212 1785 254">
    <p class='ocr_par' dir='ltr' id='par_1_1' title="bbox 645 212 1785 254">
     <span class='ocr_line' id='line_1_1' title="bbox 645 212 1785 254; baseline -0.004 0"><span class='ocrx_word' id='word_1_1' title='bbox 645 216 868 254; x_wconf 79' lang='lat' dir='ltr'><strong>ADDENDA</strong></span> <span class='ocrx_word' id='word_1_2' title='bbox 895 226 935 253; x_wconf 84' lang='lat' dir='ltr'>IN</span> <span class='ocrx_word' id='word_1_3' title='bbox 963 226 1077 252; x_wconf 75' lang='lat' dir='ltr'>Tomo</span> <span class='ocrx_word' id='word_1_4' title='bbox 1105 224 1299 252; x_wconf 84' lang='lat' dir='ltr'><strong>SECUNDO</strong></span> <span class='ocrx_word' id='word_1_5' title='bbox 1714 212 1785 250; x_wconf 79' lang='lat'>639</span> 
     </span>
    </p>
   </div>
   <div class='ocr_carea' id='block_1_2' title="bbox 120 310 1783 2493">
    <p class='ocr_par' dir='ltr' id='par_1_2' title="bbox 162 310 1782 426">
     <span class='ocr_line' id='line_1_2' title="bbox 162 310 1782 366; baseline -0.004 -11"><span class='ocrx_word' id='word_1_6' title='bbox 162 315 404 365; x_wconf 82' lang='lat' dir='ltr'>Dominus,</span> <span class='ocrx_word' id='word_1_7' title='bbox 437 315 515 366; x_wconf 92' lang='lat' dir='ltr'>qui</span> <span class='ocrx_word' id='word_1_8' title='bbox 540 314 674 354; x_wconf 87' lang='lat' dir='ltr'>uiuos</span> <span class='ocrx_word' id='word_1_9' title='bbox 702 320 898 354; x_wconf 90' lang='lat' dir='ltr'>mortem</span> <span class='ocrx_word' id='word_1_10' title='bbox 928 313 1040 352; x_wconf 87' lang='lat' dir='ltr'>facit</span> <span class='ocrx_word' id='word_1_11' title='bbox 1071 312 1256 361; x_wconf 88' lang='lat' dir='ltr'>sentire,</span> <span class='ocrx_word' id='word_1_12' title='bbox 1294 316 1339 351; x_wconf 90' lang='lat' dir='ltr'>et</span> <span class='ocrx_word' id='word_1_13' title='bbox 1373 316 1582 350; x_wconf 92' lang='lat' dir='ltr'>mortuos</span> <span class='ocrx_word' id='word_1_14' title='bbox 1616 310 1782 350; x_wconf 90' lang='lat' dir='ltr'>reuiui-</span> 
     </span>
     <span class='ocr_line' id='line_1_3' title="bbox 163 387 310 426; baseline -0.014 0"><span class='ocrx_word' id='word_1_15' title='bbox 163 387 310 426; x_wconf 82' lang='lat' dir='ltr'>scere!</span> 
     </span>
    </p>

    <p class='ocr_par' dir='ltr' id='par_1_3' title="bbox 120 451 1783 1854">
     <span class='ocr_line' id='line_1_4' title="bbox 243 451 1783 508; baseline -0.005 -11"><span class='ocrx_word' id='word_1_16' title='bbox 243 457 381 497; x_wconf 87' lang='lat' dir='ltr'>Pater</span> <span class='ocrx_word' id='word_1_17' title='bbox 401 460 453 496; x_wconf 82' lang='lat' dir='ltr'>vt</span> <span class='ocrx_word' id='word_1_18' title='bbox 468 456 733 508; x_wconf 61' lang='lat' dir='ltr'>plurimum</span> <span class='ocrx_word' id='word_1_19' title='bbox 757 454 765 473; x_wconf 83' lang='lat'>¹</span> <span class='ocrx_word' id='word_1_20' title='bbox 796 455 842 494; x_wconf 93' lang='lat' dir='ltr'>in</span> <span class='ocrx_word' id='word_1_21' title='bbox 869 454 1065 505; x_wconf 89' lang='lat' dir='ltr'>collegio</span> <span class='ocrx_word' id='word_1_22' title='bbox 1095 454 1255 494; x_wconf 88' lang='lat' dir='ltr'>diebus</span> <span class='ocrx_word' id='word_1_23' title='bbox 1286 452 1532 493; x_wconf 85' lang='lat' dir='ltr'>dominicis</span> <span class='ocrx_word' id='word_1_24' title='bbox 1562 463 1617 491; x_wconf 88' lang='lat' dir='ltr'>ac</span> <span class='ocrx_word' id='word_1_25' title='bbox 1651 451 1783 491; x_wconf 88' lang='lat' dir='ltr'>festis</span> 
     </span>
     <span class='ocr_line' id='line_1_5' title="bbox 165 522 1781 579; baseline -0.004 -11"><span class='ocrx_word' id='word_1_26' title='bbox 165 527 224 568; x_wconf 90' lang='lat' dir='ltr'>ad</span> <span class='ocrx_word' id='word_1_27' title='bbox 244 528 464 579; x_wconf 91' lang='lat' dir='ltr'>populum</span> <span class='ocrx_word' id='word_1_28' title='bbox 486 527 805 575; x_wconf 89' lang='lat' dir='ltr'>concionatur,</span> <span class='ocrx_word' id='word_1_29' title='bbox 835 532 879 565; x_wconf 88' lang='lat' dir='ltr'>et</span> <span class='ocrx_word' id='word_1_30' title='bbox 912 530 1246 576; x_wconf 74' lang='lat' dir='ltr'><em>saepenumero</em></span> <span class='ocrx_word' id='word_1_31' title='bbox 1269 522 1282 542; x_wconf 86' lang='lat'><strong>²</strong></span> <span class='ocrx_word' id='word_1_32' title='bbox 1312 524 1358 563; x_wconf 90' lang='lat' dir='ltr'>in</span> <span class='ocrx_word' id='word_1_33' title='bbox 1385 533 1565 563; x_wconf 90' lang='lat' dir='ltr'>summo</span> <span class='ocrx_word' id='word_1_34' title='bbox 1592 522 1781 573; x_wconf 90' lang='lat' dir='ltr'>templo,</span> 
     </span>
     <span class='ocr_line' id='line_1_6' title="bbox 157 592 1780 647; baseline -0.005 -8"><span class='ocrx_word' id='word_1_35' title='bbox 157 610 270 638; x_wconf 49' lang='lat' dir='ltr'>*cum</span> <span class='ocrx_word' id='word_1_36' title='bbox 290 605 419 638; x_wconf 90' lang='lat' dir='ltr'>tanta</span> <span class='ocrx_word' id='word_1_37' title='bbox 441 598 693 647; x_wconf 89' lang='lat' dir='ltr'>hominum,</span> <span class='ocrx_word' id='word_1_38' title='bbox 717 603 760 637; x_wconf 93' lang='lat' dir='ltr'>et</span> <span class='ocrx_word' id='word_1_39' title='bbox 781 597 992 636; x_wconf 86' lang='lat' dir='ltr'>virorum</span> <span class='ocrx_word' id='word_1_40' title='bbox 1012 596 1259 636; x_wconf 74' lang='lat' dir='ltr'>illustrium</span> <span class='ocrx_word' id='word_1_41' title='bbox 1288 606 1344 634; x_wconf 88' lang='lat' dir='ltr'>ac</span> <span class='ocrx_word' id='word_1_42' title='bbox 1377 593 1675 634; x_wconf 80' lang='lat' dir='ltr'>sacerdotum</span> <span class='ocrx_word' id='word_1_43' title='bbox 1705 592 1780 631; x_wconf 91' lang='lat' dir='ltr'>ad-</span> 
     </span>
     <span class='ocr_line' id='line_1_7' title="bbox 162 664 1780 719; baseline -0.004 -10"><span class='ocrx_word' id='word_1_44' title='bbox 162 669 426 717; x_wconf 81' lang='lat' dir='ltr'>miratione,</span> <span class='ocrx_word' id='word_1_45' title='bbox 450 675 499 708; x_wconf 89' lang='lat' dir='ltr'>vt</span> <span class='ocrx_word' id='word_1_46' title='bbox 520 669 667 719; x_wconf 88' lang='lat' dir='ltr'>plenis</span> <span class='ocrx_word' id='word_1_47' title='bbox 688 668 890 718; x_wconf 81' lang='lat' dir='ltr'>vndique</span> <span class='ocrx_word' id='word_1_48' title='bbox 911 667 1000 707; x_wconf 90' lang='lat' dir='ltr'>uiis</span> <span class='ocrx_word' id='word_1_49' title='bbox 1021 667 1080 706; x_wconf 87' lang='lat' dir='ltr'>ad</span> <span class='ocrx_word' id='word_1_50' title='bbox 1101 677 1201 706; x_wconf 90' lang='lat' dir='ltr'>eum</span> <span class='ocrx_word' id='word_1_51' title='bbox 1226 671 1371 705; x_wconf 89' lang='lat' dir='ltr'>eatur.</span> <span class='ocrx_word' id='word_1_52' title='bbox 1395 665 1530 705; x_wconf 91' lang='lat' dir='ltr'>Hunc</span> <span class='ocrx_word' id='word_1_53' title='bbox 1551 665 1696 704; x_wconf 89' lang='lat' dir='ltr'>solem</span> <span class='ocrx_word' id='word_1_54' title='bbox 1716 664 1780 703; x_wconf 91' lang='lat' dir='ltr'>lu-</span> 
     </span>
     <span class='ocr_line' id='line_1_8' title="bbox 163 735 1780 790; baseline -0.004 -10"><span class='ocrx_word' id='word_1_55' title='bbox 163 751 362 790; x_wconf 81' lang='lat' dir='ltr'>namque</span> <span class='ocrx_word' id='word_1_56' title='bbox 389 739 579 785; x_wconf 83' lang='lat' dir='ltr'>fac&#39;iunt,</span> <span class='ocrx_word' id='word_1_57' title='bbox 609 739 892 790; x_wconf 78' lang='lat' dir='ltr'>summisque</span> <span class='ocrx_word' id='word_1_58' title='bbox 921 737 1132 778; x_wconf 81' lang='lat' dir='ltr'>laudibus</span> <span class='ocrx_word' id='word_1_59' title='bbox 1158 736 1387 788; x_wconf 88' lang='lat' dir='ltr'>(quamuis</span> <span class='ocrx_word' id='word_1_60' title='bbox 1418 736 1464 775; x_wconf 92' lang='lat' dir='ltr'>in</span> <span class='ocrx_word' id='word_1_61' title='bbox 1493 735 1670 786; x_wconf 90' lang='lat' dir='ltr'>pulpito</span> <span class='ocrx_word' id='word_1_62' title='bbox 1700 745 1780 774; x_wconf 89' lang='lat' dir='ltr'>eos</span> 
     </span>
     <span class='ocr_line' id='line_1_9' title="bbox 161 806 1781 861; baseline -0.004 -11"><span class='ocrx_word' id='word_1_63' title='bbox 161 810 332 850; x_wconf 89' lang='lat' dir='ltr'>acriter</span> <span class='ocrx_word' id='word_1_64' title='bbox 353 810 678 861; x_wconf 84' lang='lat' dir='ltr'>reprehendat)</span> <span class='ocrx_word' id='word_1_65' title='bbox 701 821 839 861; x_wconf 90' lang='lat' dir='ltr'>super</span> <span class='ocrx_word' id='word_1_66' title='bbox 860 815 985 848; x_wconf 85' lang='lat' dir='ltr'>astra</span> <span class='ocrx_word' id='word_1_67' title='bbox 1014 807 1183 848; x_wconf 88' lang='lat' dir='ltr'>ferunt.</span> <span class='ocrx_word' id='word_1_68' title='bbox 1214 806 1438 847; x_wconf 89' lang='lat' dir='ltr'>Mirarere</span> <span class='ocrx_word' id='word_1_69' title='bbox 1472 806 1513 846; x_wconf 91' lang='lat' dir='ltr'>si</span> <span class='ocrx_word' id='word_1_70' title='bbox 1540 806 1781 845; x_wconf 90' lang='lat' dir='ltr'>hominum</span> 
     </span>
     <span class='ocr_line' id='line_1_10' title="bbox 162 877 1779 933; baseline -0.003 -12"><span class='ocrx_word' id='word_1_71' title='bbox 162 881 470 933; x_wconf 80' lang='lat' dir='ltr'>frequentiam</span> <span class='ocrx_word' id='word_1_72' title='bbox 508 882 553 921; x_wconf 91' lang='lat' dir='ltr'>in</span> <span class='ocrx_word' id='word_1_73' title='bbox 588 881 817 921; x_wconf 91' lang='lat' dir='ltr'>sumendo.</span> <span class='ocrx_word' id='word_1_74' title='bbox 847 880 1134 920; x_wconf 89' lang='lat' dir='ltr'>diuinissimo</span> <span class='ocrx_word' id='word_1_75' title='bbox 1170 878 1380 930; x_wconf 90' lang='lat' dir='ltr'>corporis</span> <span class='ocrx_word' id='word_1_76' title='bbox 1414 877 1586 918; x_wconf 87' lang='lat' dir='ltr'>Christi</span> <span class='ocrx_word' id='word_1_77' title='bbox 1625 887 1779 916; x_wconf 83' lang='lat' dir='ltr'>sacra·</span> 
     </span>
     <span class='ocr_line' id='line_1_11' title="bbox 120 948 1782 1004; baseline -0.004 -12"><span class='ocrx_word' id='word_1_78' title='bbox 120 1001 123 1004; x_wconf 24' lang='grc' dir='ltr'>Ι</span> <span class='ocrx_word' id='word_1_79' title='bbox 162 958 319 992; x_wconf 90' lang='lat' dir='ltr'>mento</span> <span class='ocrx_word' id='word_1_80' title='bbox 341 963 572 1001; x_wconf 90' lang='lat' dir='ltr'>cerneres,</span> <span class='ocrx_word' id='word_1_81' title='bbox 596 952 634 991; x_wconf 92' lang='lat' dir='ltr'>si</span> <span class='ocrx_word' id='word_1_82' title='bbox 657 963 683 991; x_wconf 88' lang='lat' dir='ltr'>a</span> <span class='ocrx_word' id='word_1_83' title='bbox 702 951 811 991; x_wconf 91' lang='lat' dir='ltr'>ludo</span> <span class='ocrx_word' id='word_1_84' title='bbox 832 951 1071 990; x_wconf 89' lang='lat' dir='ltr'>hominum</span> <span class='ocrx_word' id='word_1_85' title='bbox 1088 956 1293 989; x_wconf 89' lang='lat' dir='ltr'>semotos</span> <span class='ocrx_word' id='word_1_86' title='bbox 1310 949 1512 998; x_wconf 86' lang='lat' dir='ltr'>animos,’</span> <span class='ocrx_word' id='word_1_87' title='bbox 1524 948 1563 987; x_wconf 90' lang='lat' dir='ltr'>si</span> <span class='ocrx_word' id='word_1_88' title='bbox 1577 950 1782 999; x_wconf 77' lang='lat' dir='ltr'>pacatas</span> 
     </span>
     <span class='ocr_line' id='line_1_12' title="bbox 163 1019 1778 1073; baseline -0.004 -10"><span class='ocrx_word' id='word_1_89' title='bbox 163 1022 491 1072; x_wconf 84' lang='lat' dir='ltr'>detractiones,</span> <span class='ocrx_word' id='word_1_90' title='bbox 515 1023 552 1062; x_wconf 90' lang='lat' dir='ltr'>si</span> <span class='ocrx_word' id='word_1_91' title='bbox 573 1028 721 1062; x_wconf 89' lang='lat' dir='ltr'>totum</span> <span class='ocrx_word' id='word_1_92' title='bbox 743 1021 756 1040; x_wconf 80' lang='lat'>⁵</span> <span class='ocrx_word' id='word_1_93' title='bbox 777 1022 1058 1073; x_wconf 87' lang='lat' dir='ltr'>reipublicae</span> <span class='ocrx_word' id='word_1_94' title='bbox 1081 1026 1253 1060; x_wconf 85' lang='lat' dir='ltr'>statum</span> <span class='ocrx_word' id='word_1_95' title='bbox 1274 1020 1493 1071; x_wconf 90' lang='lat' dir='ltr'>quietum,</span> <span class='ocrx_word' id='word_1_96' title='bbox 1524 1019 1563 1059; x_wconf 90' lang='lat' dir='ltr'>si</span> <span class='ocrx_word' id='word_1_97' title='bbox 1589 1024 1778 1058; x_wconf 89' lang='lat' dir='ltr'>nostrae</span> 
     </span>
     <span class='ocr_line' id='line_1_13' title="bbox 161 1089 1778 1145; baseline -0.003 -12"><span class='ocrx_word' id='word_1_98' title='bbox 161 1093 403 1145; x_wconf 83' lang='lat' dir='ltr'>religionis</span> <span class='ocrx_word' id='word_1_99' title='bbox 422 1100 749 1145; x_wconf 84' lang='lat' dir='ltr'>persecutores</span> <span class='ocrx_word' id='word_1_100' title='bbox 772 1103 894 1132; x_wconf 77' lang='lat' dir='ltr'>nunc</span> <span class='ocrx_word' id='word_1_101' title='bbox 914 1090 929 1110; x_wconf 65' lang='lat'>⁴</span> <span class='ocrx_word' id='word_1_102' title='bbox 950 1091 1137 1131; x_wconf 90' lang='lat' dir='ltr'>tandem</span> <span class='ocrx_word' id='word_1_103' title='bbox 1158 1095 1255 1131; x_wconf 81' lang='lat' dir='ltr'>tam</span> <span class='ocrx_word' id='word_1_104' title='bbox 1274 1096 1431 1141; x_wconf 75' lang='lat' dir='ltr'>paruo</span> <span class='ocrx_word' id='word_1_105' title='bbox 1453 1094 1660 1140; x_wconf 72' lang='lat' dir='ltr'>tempore</span> <span class='ocrx_word' id='word_1_106' title='bbox 1681 1089 1778 1129; x_wconf 87' lang='lat' dir='ltr'>fau·</span> 
     </span>
     <span class='ocr_line' id='line_1_14' title="bbox 161 1161 1780 1214; baseline -0.003 -10"><span class='ocrx_word' id='word_1_107' title='bbox 161 1172 289 1205; x_wconf 89' lang='lat' dir='ltr'>tores</span> <span class='ocrx_word' id='word_1_108' title='bbox 308 1164 475 1205; x_wconf 87' lang='lat' dir='ltr'>factos.</span> <span class='ocrx_word' id='word_1_109' title='bbox 497 1164 630 1205; x_wconf 90' lang='lat' dir='ltr'>Unde</span> <span class='ocrx_word' id='word_1_110' title='bbox 651 1175 825 1214; x_wconf 88' lang='lat' dir='ltr'>quaeso</span> <span class='ocrx_word' id='word_1_111' title='bbox 847 1162 861 1182; x_wconf 86' lang='lat'><strong>⁵</strong></span> <span class='ocrx_word' id='word_1_112' title='bbox 884 1173 1144 1210; x_wconf 70' lang='grc' dir='ltr'>μεταμορφωσις·</span> <span class='ocrx_word' id='word_1_113' title='bbox 1168 1168 1211 1201; x_wconf 91' lang='lat' dir='ltr'>et</span> <span class='ocrx_word' id='word_1_114' title='bbox 1242 1167 1336 1201; x_wconf 89' lang='lat' dir='ltr'>tam</span> <span class='ocrx_word' id='word_1_115' title='bbox 1367 1172 1539 1212; x_wconf 83' lang='lat' dir='ltr'>magna</span> <span class='ocrx_word' id='word_1_116' title='bbox 1565 1161 1780 1200; x_wconf 82' lang='lat' dir='ltr'>mutatio?</span> 
     </span>
     <span class='ocr_line' id='line_1_15' title="bbox 161 1231 1779 1285; baseline -0.003 -9"><span class='ocrx_word' id='word_1_117' title='bbox 161 1235 359 1276; x_wconf 87' lang='lat' dir='ltr'>Audies:</span> <span class='ocrx_word' id='word_1_118' title='bbox 383 1235 519 1275; x_wconf 86' lang='lat' dir='ltr'>Pater</span> <span class='ocrx_word' id='word_1_119' title='bbox 541 1235 766 1285; x_wconf 77' lang='lat' dir='ltr'>Baptista,</span> <span class='ocrx_word' id='word_1_120' title='bbox 791 1240 984 1284; x_wconf 89' lang='lat' dir='ltr'>rogatus</span> <span class='ocrx_word' id='word_1_121' title='bbox 1005 1233 1060 1272; x_wconf 87' lang='lat' dir='ltr'>ab</span> <span class='ocrx_word' id='word_1_122' title='bbox 1082 1233 1335 1284; x_wconf 80' lang='lat' dir='ltr'>Episcopo,</span> <span class='ocrx_word' id='word_1_123' title='bbox 1360 1232 1405 1271; x_wconf 93' lang='lat' dir='ltr'>in</span> <span class='ocrx_word' id='word_1_124' title='bbox 1433 1233 1603 1283; x_wconf 84' lang='lat' dir='ltr'>templo</span> <span class='ocrx_word' id='word_1_125' title='bbox 1633 1231 1779 1272; x_wconf 84' lang='lat' dir='ltr'>maxi-</span> 
     </span>
     <span class='ocr_line' id='line_1_16' title="bbox 161 1304 1778 1355; baseline -0.003 -8"><span class='ocrx_word' id='word_1_126' title='bbox 161 1318 236 1347; x_wconf 91' lang='lat' dir='ltr'>mo</span> <span class='ocrx_word' id='word_1_127' title='bbox 257 1312 327 1347; x_wconf 90' lang='lat' dir='ltr'>est</span> <span class='ocrx_word' id='word_1_128' title='bbox 347 1306 664 1351; x_wconf 81' lang='lat' dir='ltr'>concionatus,</span> <span class='ocrx_word' id='word_1_129' title='bbox 685 1316 790 1344; x_wconf 91' lang='lat' dir='ltr'>cum</span> <span class='ocrx_word' id='word_1_130' title='bbox 806 1304 1065 1355; x_wconf 87' lang='lat' dir='ltr'>Episcopus</span> <span class='ocrx_word' id='word_1_131' title='bbox 1082 1315 1186 1343; x_wconf 90' lang='lat' dir='ltr'>cum</span> <span class='ocrx_word' id='word_1_132' title='bbox 1204 1315 1384 1342; x_wconf 86' lang='lat' dir='ltr'>summa</span> <span class='ocrx_word' id='word_1_133' title='bbox 1400 1315 1571 1354; x_wconf 88' lang='lat' dir='ltr'>pompa</span> <span class='ocrx_word' id='word_1_134' title='bbox 1591 1314 1778 1342; x_wconf 90' lang='lat' dir='ltr'>sacrum</span> 
     </span>
     <span class='ocr_line' id='line_1_17' title="bbox 158 1372 1776 1427; baseline -0.003 -9"><span class='ocrx_word' id='word_1_135' title='bbox 158 1378 355 1418; x_wconf 85' lang='lat' dir='ltr'>faceret:</span> <span class='ocrx_word' id='word_1_136' title='bbox 378 1377 485 1416; x_wconf 90' lang='lat' dir='ltr'>hinc</span> <span class='ocrx_word' id='word_1_137' title='bbox 506 1383 721 1427; x_wconf 79' lang='lat' dir='ltr'>coeptum</span> <span class='ocrx_word' id='word_1_138' title='bbox 742 1383 810 1415; x_wconf 91' lang='lat' dir='ltr'>est</span> <span class='ocrx_word' id='word_1_139' title='bbox 832 1375 1068 1415; x_wconf 88' lang='lat' dir='ltr'>hominum</span> <span class='ocrx_word' id='word_1_140' title='bbox 1089 1375 1244 1414; x_wconf 88' lang='lat' dir='ltr'>odium</span> <span class='ocrx_word' id='word_1_141' title='bbox 1265 1372 1554 1424; x_wconf 66' lang='lat' dir='ltr'>2&#39;nzzmztczrz‘6,</span> <span class='ocrx_word' id='word_1_142' title='bbox 1574 1374 1682 1414; x_wconf 91' lang='lat' dir='ltr'>hinc</span> <span class='ocrx_word' id='word_1_143' title='bbox 1699 1373 1776 1414; x_wconf 91' lang='lat' dir='ltr'>de—</span> 
     </span>
     <span class='ocr_line' id='line_1_18' title="bbox 161 1445 1777 1499; baseline -0.003 -10"><span class='ocrx_word' id='word_1_144' title='bbox 161 1454 391 1489; x_wconf 85' lang='lat' dir='ltr'>tractores</span> <span class='ocrx_word' id='word_1_145' title='bbox 412 1447 618 1499; x_wconf 90' lang='lat' dir='ltr'>procliue</span> <span class='ocrx_word' id='word_1_146' title='bbox 639 1447 877 1498; x_wconf 82' lang='lat' dir='ltr'>ingenium</span> <span class='ocrx_word' id='word_1_147' title='bbox 905 1445 963 1485; x_wconf 86' lang='lat' dir='ltr'>ad</span> <span class='ocrx_word' id='word_1_148' title='bbox 991 1445 1359 1485; x_wconf 88' lang='lat' dir='ltr'>maledicendum</span> <span class='ocrx_word' id='word_1_149' title='bbox 1386 1451 1641 1494; x_wconf 88' lang='lat' dir='ltr'>mutarunt,</span> <span class='ocrx_word' id='word_1_150' title='bbox 1670 1445 1777 1485; x_wconf 89' lang='lat' dir='ltr'>hinc</span> 
     </span>
     <span class='ocr_line' id='line_1_19' title="bbox 159 1516 1777 1570; baseline -0.003 -10"><span class='ocrx_word' id='word_1_151' title='bbox 159 1520 256 1560; x_wconf 91' lang='lat' dir='ltr'>ludi</span> <span class='ocrx_word' id='word_1_152' title='bbox 275 1519 442 1570; x_wconf 68' lang='lat' dir='ltr'>gratia</span> <span class='ocrx_word' id='word_1_153' title='bbox 459 1517 828 1558; x_wconf 73' lang='lat' dir='ltr'>Domz&#39;m&#39;nostm&#39;</span> <span class='ocrx_word' id='word_1_154' title='bbox 846 1517 856 1534; x_wconf 78' lang='lat'>⁷</span> <span class='ocrx_word' id='word_1_155' title='bbox 879 1517 984 1556; x_wconf 90' lang='lat' dir='ltr'>odio</span> <span class='ocrx_word' id='word_1_156' title='bbox 1009 1523 1113 1556; x_wconf 90' lang='lat' dir='ltr'>sunt</span> <span class='ocrx_word' id='word_1_157' title='bbox 1135 1516 1295 1566; x_wconf 89' lang='lat' dir='ltr'>habiti,</span> <span class='ocrx_word' id='word_1_158' title='bbox 1327 1516 1444 1555; x_wconf 89' lang='lat' dir='ltr'>coeli</span> <span class='ocrx_word' id='word_1_159' title='bbox 1471 1528 1526 1555; x_wconf 90' lang='lat' dir='ltr'>ac</span> <span class='ocrx_word' id='word_1_160' title='bbox 1554 1516 1777 1567; x_wconf 89' lang='lat' dir='ltr'>temporis</span> 
     </span>
     <span class='ocr_line' id='line_1_20' title="bbox 159 1587 1776 1641; baseline -0.003 -10"><span class='ocrx_word' id='word_1_161' title='bbox 159 1591 342 1639; x_wconf 85' lang='lat' dir='ltr'>iniuria,</span> <span class='ocrx_word' id='word_1_162' title='bbox 382 1601 500 1641; x_wconf 87' lang='lat' dir='ltr'>quae</span> <span class='ocrx_word' id='word_1_163' title='bbox 528 1596 666 1629; x_wconf 89' lang='lat' dir='ltr'>antea</span> <span class='ocrx_word' id='word_1_164' title='bbox 692 1588 929 1628; x_wconf 89' lang='lat' dir='ltr'>hominum</span> <span class='ocrx_word' id='word_1_165' title='bbox 959 1593 1137 1627; x_wconf 89' lang='lat' dir='ltr'>mentes</span> <span class='ocrx_word' id='word_1_166' title='bbox 1169 1587 1466 1638; x_wconf 88' lang='lat' dir='ltr'>perturbatas</span> <span class='ocrx_word' id='word_1_167' title='bbox 1496 1587 1698 1636; x_wconf 88' lang='lat' dir='ltr'>tenebat,</span> <span class='ocrx_word' id='word_1_168' title='bbox 1730 1587 1776 1626; x_wconf 91' lang='lat' dir='ltr'>in</span> 
     </span>
     <span class='ocr_line' id='line_1_21' title="bbox 159 1657 1777 1713; baseline -0.003 -11"><span class='ocrx_word' id='word_1_169' title='bbox 159 1661 592 1713; x_wconf 87' lang='lat' dir='ltr'>tranquillissimam</span> <span class='ocrx_word' id='word_1_170' title='bbox 615 1660 736 1699; x_wconf 74' lang='lat' dir='ltr'>aeris</span> <span class='ocrx_word' id='word_1_171' title='bbox 758 1658 1027 1709; x_wconf 85' lang='lat' dir='ltr'>temperiem</span> <span class='ocrx_word' id='word_1_172' title='bbox 1049 1664 1117 1698; x_wconf 91' lang='lat' dir='ltr'>est</span> <span class='ocrx_word' id='word_1_173' title='bbox 1138 1664 1338 1698; x_wconf 87' lang='lat' dir='ltr'>mutata:</span> <span class='ocrx_word' id='word_1_174' title='bbox 1372 1658 1600 1697; x_wconf 89' lang='lat' dir='ltr'>mirantur</span> <span class='ocrx_word' id='word_1_175' title='bbox 1626 1657 1777 1708; x_wconf 89' lang='lat' dir='ltr'>plebei</span> 
     </span>
     <span class='ocr_line' id='line_1_22' title="bbox 159 1728 1778 1781; baseline -0.003 -8"><span class='ocrx_word' id='word_1_176' title='bbox 159 1733 385 1781; x_wconf 89' lang='lat' dir='ltr'>homines,</span> <span class='ocrx_word' id='word_1_177' title='bbox 409 1732 635 1771; x_wconf 89' lang='lat' dir='ltr'>mirantur</span> <span class='ocrx_word' id='word_1_178' title='bbox 660 1730 869 1781; x_wconf 87' lang='lat' dir='ltr'>orphani,</span> <span class='ocrx_word' id='word_1_179' title='bbox 895 1729 1122 1769; x_wconf 87' lang='lat' dir='ltr'>mirantur</span> <span class='ocrx_word' id='word_1_180' title='bbox 1139 1728 1336 1780; x_wconf 88' lang='lat' dir='ltr'>denique</span> <span class='ocrx_word' id='word_1_181' title='bbox 1353 1740 1583 1780; x_wconf 86' lang='lat' dir='ltr'>pauperes</span> <span class='ocrx_word' id='word_1_182' title='bbox 1599 1734 1778 1768; x_wconf 88' lang='lat' dir='ltr'>tantam</span> 
     </span>
     <span class='ocr_line' id='line_1_23' title="bbox 158 1798 1775 1854; baseline -0.005 -10"><span class='ocrx_word' id='word_1_183' title='bbox 158 1803 363 1854; x_wconf 87' lang='lat' dir='ltr'>gratiam</span> <span class='ocrx_word' id='word_1_184' title='bbox 383 1810 477 1842; x_wconf 88' lang='lat' dir='ltr'>tam</span> <span class='ocrx_word' id='word_1_185' title='bbox 500 1802 652 1841; x_wconf 88' lang='lat' dir='ltr'>subito</span> <span class='ocrx_word' id='word_1_186' title='bbox 675 1800 730 1840; x_wconf 90' lang='lat' dir='ltr'>de</span> <span class='ocrx_word' id='word_1_187' title='bbox 757 1801 886 1840; x_wconf 92' lang='lat' dir='ltr'>coelo</span> <span class='ocrx_word' id='word_1_188' title='bbox 909 1800 1160 1851; x_wconf 86' lang='lat' dir='ltr'>delapsam.</span> <span class='ocrx_word' id='word_1_189' title='bbox 1186 1798 1275 1839; x_wconf 84' lang='lat' dir='ltr'>Sed</span> <span class='ocrx_word' id='word_1_190' title='bbox 1303 1798 1360 1838; x_wconf 89' lang='lat' dir='ltr'>ad</span> <span class='ocrx_word' id='word_1_191' title='bbox 1393 1799 1483 1839; x_wconf 89' lang='lat' dir='ltr'>alia</span> <span class='ocrx_word' id='word_1_192' title='bbox 1508 1810 1775 1850; x_wconf 88' lang='lat' dir='ltr'>pergamus.</span> 
     </span>
    </p>

    <p class='ocr_par' dir='ltr' id='par_1_4' title="bbox 156 1869 1779 2493">
     <span class='ocr_line' id='line_1_24' title="bbox 240 1869 1779 1923; baseline -0.003 -9"><span class='ocrx_word' id='word_1_193' title='bbox 240 1873 407 1914; x_wconf 86' lang='lat' dir='ltr'>Mulier</span> <span class='ocrx_word' id='word_1_194' title='bbox 433 1873 795 1923; x_wconf 75' lang='lat' dir='ltr'>Concentaynae</span> <span class='ocrx_word' id='word_1_195' title='bbox 825 1871 994 1911; x_wconf 91' lang='lat' dir='ltr'>Comes</span> <span class='ocrx_word' id='word_1_196' title='bbox 1025 1871 1083 1910; x_wconf 86' lang='lat' dir='ltr'>ad</span> <span class='ocrx_word' id='word_1_197' title='bbox 1114 1870 1298 1910; x_wconf 86' lang='lat' dir='ltr'>Patrem</span> <span class='ocrx_word' id='word_1_198' title='bbox 1329 1869 1343 1888; x_wconf 81' lang='lat'>⁸</span> <span class='ocrx_word' id='word_1_199' title='bbox 1373 1871 1618 1921; x_wconf 88' lang='lat' dir='ltr'>epistolam</span> <span class='ocrx_word' id='word_1_200' title='bbox 1648 1870 1779 1910; x_wconf 87' lang='lat' dir='ltr'>festis</span> 
     </span>
     <span class='ocr_line' id='line_1_25' title="bbox 158 1942 1779 1995; baseline -0.003 -10"><span class='ocrx_word' id='word_1_201' title='bbox 158 1945 392 1986; x_wconf 89' lang='lat' dir='ltr'>Natalitiis</span> <span class='ocrx_word' id='word_1_202' title='bbox 413 1944 613 1995; x_wconf 83' lang='lat' dir='ltr'>scripsit,</span> <span class='ocrx_word' id='word_1_203' title='bbox 638 1949 688 1983; x_wconf 85' lang='lat' dir='ltr'>vt</span> <span class='ocrx_word' id='word_1_204' title='bbox 709 1955 762 1983; x_wconf 92' lang='lat' dir='ltr'>eo</span> <span class='ocrx_word' id='word_1_205' title='bbox 785 1943 1114 1982; x_wconf 89' lang='lat' dir='ltr'>concionatum</span> <span class='ocrx_word' id='word_1_206' title='bbox 1135 1954 1184 1981; x_wconf 92' lang='lat' dir='ltr'>se</span> <span class='ocrx_word' id='word_1_207' title='bbox 1206 1942 1458 1991; x_wconf 71' lang='lat' dir='ltr'>conferret,</span> <span class='ocrx_word' id='word_1_208' title='bbox 1493 1953 1658 1981; x_wconf 86' lang='lat' dir='ltr'>Verum</span> <span class='ocrx_word' id='word_1_209' title='bbox 1685 1953 1779 1981; x_wconf 91' lang='lat' dir='ltr'>ma-</span> 
     </span>
     <span class='ocr_line' id='line_1_26' title="bbox 157 2012 1779 2066; baseline -0.002 -9"><span class='ocrx_word' id='word_1_210' title='bbox 157 2017 241 2057; x_wconf 89' lang='lat' dir='ltr'>luit</span> <span class='ocrx_word' id='word_1_211' title='bbox 262 2016 518 2057; x_wconf 87' lang='lat' dir='ltr'>Gandiensi</span> <span class='ocrx_word' id='word_1_212' title='bbox 539 2016 709 2066; x_wconf 89' lang='lat' dir='ltr'>populo</span> <span class='ocrx_word' id='word_1_213' title='bbox 738 2020 863 2053; x_wconf 89' lang='lat' dir='ltr'>stare</span> <span class='ocrx_word' id='word_1_214' title='bbox 892 2013 1150 2064; x_wconf 87' lang='lat' dir='ltr'>promissis.</span> <span class='ocrx_word' id='word_1_215' title='bbox 1181 2012 1296 2053; x_wconf 81' lang='lat' dir='ltr'>Sunt</span> <span class='ocrx_word' id='word_1_216' title='bbox 1328 2013 1469 2052; x_wconf 87' lang='lat' dir='ltr'>etiam</span> <span class='ocrx_word' id='word_1_217' title='bbox 1499 2020 1542 2052; x_wconf 90' lang='lat' dir='ltr'>et</span> <span class='ocrx_word' id='word_1_218' title='bbox 1574 2012 1779 2053; x_wconf 89' lang='lat' dir='ltr'>Concen-</span> 
     </span>
     <span class='ocr_line' id='line_1_27' title="bbox 156 2084 1778 2140; baseline -0.003 -12"><span class='ocrx_word' id='word_1_219' title='bbox 156 2095 328 2140; x_wconf 87' lang='lat' dir='ltr'>taynae</span> <span class='ocrx_word' id='word_1_220' title='bbox 364 2086 595 2138; x_wconf 88' lang='lat' dir='ltr'>permulti,</span> <span class='ocrx_word' id='word_1_221' title='bbox 625 2086 702 2136; x_wconf 87' lang='lat' dir='ltr'>qui</span> <span class='ocrx_word' id='word_1_222' title='bbox 737 2084 882 2124; x_wconf 89' lang='lat' dir='ltr'>alacri</span> <span class='ocrx_word' id='word_1_223' title='bbox 916 2084 1069 2124; x_wconf 91' lang='lat' dir='ltr'>animo</span> <span class='ocrx_word' id='word_1_224' title='bbox 1106 2084 1165 2124; x_wconf 90' lang='lat' dir='ltr'>ad</span> <span class='ocrx_word' id='word_1_225' title='bbox 1194 2084 1536 2123; x_wconf 86' lang='lat' dir='ltr'>diuinissimum</span> <span class='ocrx_word' id='word_1_226' title='bbox 1566 2085 1778 2135; x_wconf 88' lang='lat' dir='ltr'>corporis</span> 
     </span>
     <span class='ocr_line' id='line_1_28' title="bbox 157 2154 1778 2205; baseline -0.004 -6"><span class='ocrx_word' id='word_1_227' title='bbox 157 2157 331 2199; x_wconf 89' lang='lat' dir='ltr'>Christi</span> <span class='ocrx_word' id='word_1_228' title='bbox 352 2163 700 2198; x_wconf 88' lang='lat' dir='ltr'>sacramentum</span> <span class='ocrx_word' id='word_1_229' title='bbox 722 2155 951 2195; x_wconf 90' lang='lat' dir='ltr'>accedunt</span> <span class='ocrx_word' id='word_1_230' title='bbox 969 2166 977 2195; x_wconf 91' lang='lat'>:</span> <span class='ocrx_word' id='word_1_231' title='bbox 1001 2154 1140 2194; x_wconf 88' lang='lat' dir='ltr'>Pater</span> <span class='ocrx_word' id='word_1_232' title='bbox 1161 2154 1283 2194; x_wconf 92' lang='lat' dir='ltr'>enim</span> <span class='ocrx_word' id='word_1_233' title='bbox 1305 2166 1411 2194; x_wconf 90' lang='lat' dir='ltr'>cum</span> <span class='ocrx_word' id='word_1_234' title='bbox 1432 2166 1485 2193; x_wconf 91' lang='lat' dir='ltr'>eo</span> <span class='ocrx_word' id='word_1_235' title='bbox 1502 2155 1778 2205; x_wconf 85' lang='lat' dir='ltr'>peregrinus</span> 
     </span>
     <span class='ocr_line' id='line_1_29' title="bbox 157 2225 1776 2277; baseline -0.004 -7"><span class='ocrx_word' id='word_1_236' title='bbox 157 2241 206 2270; x_wconf 90' lang='lat' dir='ltr'>se</span> <span class='ocrx_word' id='word_1_237' title='bbox 228 2229 513 2277; x_wconf 88' lang='lat' dir='ltr'>contulisset,</span> <span class='ocrx_word' id='word_1_238' title='bbox 546 2226 850 2267; x_wconf 89' lang='lat' dir='ltr'>concionibus</span> <span class='ocrx_word' id='word_1_239' title='bbox 879 2237 1131 2277; x_wconf 91' lang='lat' dir='ltr'>suspensas</span> <span class='ocrx_word' id='word_1_240' title='bbox 1160 2225 1344 2265; x_wconf 88' lang='lat' dir='ltr'>illorum</span> <span class='ocrx_word' id='word_1_241' title='bbox 1370 2230 1547 2265; x_wconf 90' lang='lat' dir='ltr'>mentes</span> <span class='ocrx_word' id='word_1_242' title='bbox 1576 2225 1776 2276; x_wconf 87' lang='lat' dir='ltr'>reliquit.</span> 
     </span>
     <span class='ocr_line' id='line_1_30' title="bbox 156 2296 1776 2347; baseline -0.004 -6"><span class='ocrx_word' id='word_1_243' title='bbox 156 2300 370 2341; x_wconf 88' lang='lat' dir='ltr'>Sentiunt</span> <span class='ocrx_word' id='word_1_244' title='bbox 392 2299 484 2339; x_wconf 88' lang='lat' dir='ltr'>iam</span> <span class='ocrx_word' id='word_1_245' title='bbox 507 2298 798 2338; x_wconf 87' lang='lat' dir='ltr'>Gandienses</span> <span class='ocrx_word' id='word_1_246' title='bbox 826 2296 979 2336; x_wconf 88' lang='lat' dir='ltr'>Patris</span> <span class='ocrx_word' id='word_1_247' title='bbox 1009 2296 1267 2336; x_wconf 88' lang='lat' dir='ltr'>discessum</span> <span class='ocrx_word' id='word_1_248' title='bbox 1298 2302 1506 2347; x_wconf 90' lang='lat' dir='ltr'>tempore</span> <span class='ocrx_word' id='word_1_249' title='bbox 1534 2297 1776 2347; x_wconf 82' lang='lat' dir='ltr'>proximae</span> 
     </span>
     <span class='ocr_line' id='line_1_31' title="bbox 158 2366 1779 2422; baseline -0.003 -11"><span class='ocrx_word' id='word_1_250' title='bbox 158 2370 563 2422; x_wconf 87' lang='lat' dir='ltr'>quadragesimae,</span> <span class='ocrx_word' id='word_1_251' title='bbox 593 2368 669 2419; x_wconf 91' lang='lat' dir='ltr'>qui</span> <span class='ocrx_word' id='word_1_252' title='bbox 706 2367 763 2407; x_wconf 93' lang='lat' dir='ltr'>ad</span> <span class='ocrx_word' id='word_1_253' title='bbox 790 2367 1024 2418; x_wconf 90' lang='lat' dir='ltr'>quoddam</span> <span class='ocrx_word' id='word_1_254' title='bbox 1056 2367 1262 2407; x_wconf 88' lang='lat' dir='ltr'>vicinum</span> <span class='ocrx_word' id='word_1_255' title='bbox 1290 2366 1526 2418; x_wconf 89' lang='lat' dir='ltr'>oppidum,</span> <span class='ocrx_word' id='word_1_256' title='bbox 1558 2366 1779 2418; x_wconf 87' lang='lat' dir='ltr'>frequens</span> 
     </span>
     <span class='ocr_line' id='line_1_32' title="bbox 156 2436 1325 2493; baseline -0.003 -12"><span class='ocrx_word' id='word_1_257' title='bbox 156 2441 344 2493; x_wconf 88' lang='lat' dir='ltr'>quidem</span> <span class='ocrx_word' id='word_1_258' title='bbox 365 2447 408 2480; x_wconf 93' lang='lat' dir='ltr'>et</span> <span class='ocrx_word' id='word_1_259' title='bbox 430 2450 746 2488; x_wconf 88' lang='lat' dir='ltr'>numerosum,</span> <span class='ocrx_word' id='word_1_260' title='bbox 771 2438 1043 2478; x_wconf 91' lang='lat' dir='ltr'>concionari</span> <span class='ocrx_word' id='word_1_261' title='bbox 1065 2438 1274 2478; x_wconf 85' lang='lat' dir='ltr'>decrevit</span> <span class='ocrx_word' id='word_1_262' title='bbox 1297 2436 1325 2477; x_wconf 76' lang='lat'>⁹.</span> 
     </span>
    </p>
   </div>
   <div class='ocr_carea' id='block_1_3' title="bbox 158 2524 381 2528">
    <p class='ocr_par' dir='ltr' id='par_1_5' title="bbox 158 2524 381 2528">
     <span class='ocr_line' id='line_1_33' title="bbox 158 2524 381 2528; baseline 0 0"><span class='ocrx_word' id='word_1_263' title='bbox 158 2524 381 2528; x_wconf 95' lang='lat' dir='ltr'> </span> 
     </span>
    </p>
   </div>
   <div class='ocr_carea' id='block_1_4' title="bbox 210 2550 1064 2584">
    <p class='ocr_par' dir='ltr' id='par_1_6' title="bbox 210 2550 1064 2584">
     <span class='ocr_line' id='line_1_34' title="bbox 210 2550 1064 2584; baseline -0.002 -5"><span class='ocrx_word' id='word_1_264' title='bbox 210 2555 220 2573; x_wconf 87' lang='lat'><strong>¹</strong></span> <span class='ocrx_word' id='word_1_265' title='bbox 260 2552 388 2579; x_wconf 79' lang='lat' dir='ltr'>Noster</span> <span class='ocrx_word' id='word_1_266' title='bbox 403 2552 506 2579; x_wconf 86' lang='lat' dir='ltr'>Pater</span> <span class='ocrx_word' id='word_1_267' title='bbox 520 2551 688 2584; x_wconf 74' lang='lat' dir='ltr'>Baptista</span> <span class='ocrx_word' id='word_1_268' title='bbox 704 2550 860 2584; x_wconf 69' lang='lat' dir='ltr'>saepius.</span> <span class='ocrx_word' id='word_1_269' title='bbox 877 2550 1064 2577; x_wconf 71' lang='lat' dir='ltr'>POLANCUS.</span> 
     </span>
    </p>
   </div>
   <div class='ocr_carea' id='block_1_5' title="bbox 208 2598 1051 2681">
    <p class='ocr_par' dir='ltr' id='par_1_7' title="bbox 208 2598 1051 2681">
     <span class='ocr_line' id='line_1_35' title="bbox 208 2598 528 2633; baseline -0.003 -7"><span class='ocrx_word' id='word_1_270' title='bbox 208 2600 222 2618; x_wconf 76' lang='lat'>2</span> <span class='ocrx_word' id='word_1_271' title='bbox 261 2600 463 2633; x_wconf 78' lang='lat' dir='ltr'>aliquando.</span> <span class='ocrx_word' id='word_1_272' title='bbox 480 2598 528 2626; x_wconf 81' lang='lat' dir='ltr'>ID.</span> 
     </span>
     <span class='ocr_line' id='line_1_36' title="bbox 256 2644 1051 2681; baseline -0.005 -7"><span class='ocrx_word' id='word_1_273' title='bbox 256 2647 284 2674; x_wconf 92' lang='lat' dir='ltr'>si</span> <span class='ocrx_word' id='word_1_274' title='bbox 299 2647 435 2681; x_wconf 77' lang='lat' dir='ltr'>sopitas</span> <span class='ocrx_word' id='word_1_275' title='bbox 449 2646 690 2678; x_wconf 84' lang='lat' dir='ltr'>detractiones,</span> <span class='ocrx_word' id='word_1_276' title='bbox 706 2645 732 2672; x_wconf 90' lang='lat' dir='ltr'>si</span> <span class='ocrx_word' id='word_1_277' title='bbox 750 2649 856 2672; x_wconf 75' lang='lat' dir='ltr'>totum</span> <span class='ocrx_word' id='word_1_278' title='bbox 871 2645 988 2671; x_wconf 74' lang='lat' dir='ltr'>huius.</span> <span class='ocrx_word' id='word_1_279' title='bbox 1004 2644 1051 2671; x_wconf 80' lang='lat'>10.</span> 
     </span>
    </p>
   </div>
   <div class='ocr_carea' id='block_1_6' title="bbox 257 2694 557 2824">
    <p class='ocr_par' dir='ltr' id='par_1_8' title="bbox 257 2694 557 2824">
     <span class='ocr_line' id='line_1_37' title="bbox 258 2694 411 2722; baseline 0.007 -1"><span class='ocrx_word' id='word_1_280' title='bbox 258 2696 343 2721; x_wconf 82' lang='lat' dir='ltr'>iam.</span> <span class='ocrx_word' id='word_1_281' title='bbox 359 2694 411 2722; x_wconf 83' lang='lat' dir='ltr'>ID.</span> 
     </span>
     <span class='ocr_line' id='line_1_38' title="bbox 257 2741 557 2776; baseline -0.003 -7"><span class='ocrx_word' id='word_1_282' title='bbox 257 2750 381 2776; x_wconf 85' lang='lat' dir='ltr'>quaeso</span> <span class='ocrx_word' id='word_1_283' title='bbox 397 2742 493 2769; x_wconf 85' lang='lat' dir='ltr'>lzaec.</span> <span class='ocrx_word' id='word_1_284' title='bbox 508 2741 557 2768; x_wconf 87' lang='lat' dir='ltr'>Io.</span> 
     </span>
     <span class='ocr_line' id='line_1_39' title="bbox 258 2789 457 2824; baseline 0 -8"><span class='ocrx_word' id='word_1_285' title='bbox 258 2790 395 2824; x_wconf 78' lang='lat' dir='ltr'>deponi.</span> <span class='ocrx_word' id='word_1_286' title='bbox 408 2789 457 2816; x_wconf 80' lang='lat'>10.</span> 
     </span>
    </p>
   </div>
   <div class='ocr_carea' id='block_1_7' title="bbox 205 2647 220 2856">
    <p class='ocr_par' dir='ltr' id='par_1_9' title="bbox 205 2647 220 2856">
     <span class='ocr_line' id='line_1_40' title="bbox 205 2647 220 2856; textangle 90"><span class='ocrx_word' id='word_1_287' title='bbox 205 2647 220 2856; x_wconf 55' lang='grc' dir='ltr'>αΦΟῑῶΦΙ</span> 
     </span>
    </p>
   </div>
   <div class='ocr_carea' id='block_1_8' title="bbox 155 2836 1779 3059">
    <p class='ocr_par' dir='ltr' id='par_1_10' title="bbox 254 2836 560 2871">
     <span class='ocr_line' id='line_1_41' title="bbox 254 2836 560 2871; baseline 0 -7"><span class='ocrx_word' id='word_1_288' title='bbox 254 2839 413 2871; x_wconf 76' lang='lat' dir='ltr'>propter.</span> <span class='ocrx_word' id='word_1_289' title='bbox 430 2837 498 2864; x_wconf 60' lang='lat' dir='ltr'>Xan</span> <span class='ocrx_word' id='word_1_290' title='bbox 512 2836 560 2864; x_wconf 78' lang='lat'>10.</span> 
     </span>
    </p>

    <p class='ocr_par' dir='ltr' id='par_1_11' title="bbox 205 2883 696 2919">
     <span class='ocr_line' id='line_1_42' title="bbox 205 2883 696 2919; baseline -0.002 -8"><span class='ocrx_word' id='word_1_291' title='bbox 205 2883 221 2903; x_wconf 78' lang='grc'>8</span> <span class='ocrx_word' id='word_1_292' title='bbox 258 2885 398 2911; x_wconf 82' lang='lat' dir='ltr'>Patrem</span> <span class='ocrx_word' id='word_1_293' title='bbox 412 2884 630 2919; x_wconf 69' lang='lat' dir='ltr'>Baptistam.</span> <span class='ocrx_word' id='word_1_294' title='bbox 647 2883 696 2911; x_wconf 86' lang='lat' dir='ltr'>ID.</span> 
     </span>
    </p>

    <p class='ocr_par' dir='ltr' id='par_1_12' title="bbox 155 2929 1779 3059">
     <span class='ocr_line' id='line_1_43' title="bbox 207 2929 1779 2965; baseline -0.001 -7"><span class='ocrx_word' id='word_1_295' title='bbox 207 2929 222 2947; x_wconf 78' lang='lat'>⁹</span> <span class='ocrx_word' id='word_1_296' title='bbox 260 2931 323 2958; x_wconf 92' lang='lat' dir='ltr'>Hic</span> <span class='ocrx_word' id='word_1_297' title='bbox 339 2932 546 2958; x_wconf 85' lang='lat' dir='ltr'>interlineas</span> <span class='ocrx_word' id='word_1_298' title='bbox 567 2932 705 2965; x_wconf 86' lang='lat' dir='ltr'>scripsit</span> <span class='ocrx_word' id='word_1_299' title='bbox 721 2931 889 2958; x_wconf 85' lang='lat' dir='ltr'>Polancus</span> <span class='ocrx_word' id='word_1_300' title='bbox 903 2930 1090 2963; x_wconf 60' lang='grc' dir='ltr'>ωτι-ἱέντας,-</span> <span class='ocrx_word' id='word_1_301' title='bbox 1111 2938 1196 2964; x_wconf 87' lang='lat' dir='ltr'>quae</span> <span class='ocrx_word' id='word_1_302' title='bbox 1212 2938 1290 2963; x_wconf 79' lang='lat' dir='ltr'>vox,</span> <span class='ocrx_word' id='word_1_303' title='bbox 1312 2931 1469 2964; x_wconf 88' lang='lat' dir='ltr'>quoniam</span> <span class='ocrx_word' id='word_1_304' title='bbox 1490 2931 1616 2957; x_wconf 90' lang='lat' dir='ltr'>nullum</span> <span class='ocrx_word' id='word_1_305' title='bbox 1637 2931 1691 2958; x_wconf 91' lang='lat' dir='ltr'>hic</span> <span class='ocrx_word' id='word_1_306' title='bbox 1705 2938 1779 2957; x_wconf 89' lang='lat' dir='ltr'>sen-</span> 
     </span>
     <span class='ocr_line' id='line_1_44' title="bbox 157 2977 1778 3012; baseline 0 -8"><span class='ocrx_word' id='word_1_307' title='bbox 157 2985 230 3005; x_wconf 70' lang='lat' dir='ltr'>sum</span> <span class='ocrx_word' id='word_1_308' title='bbox 245 2979 273 3005; x_wconf 92' lang='lat' dir='ltr'>si</span> <span class='ocrx_word' id='word_1_309' title='bbox 287 2985 346 3006; x_wconf 84' lang='lat' dir='ltr'>aut</span> <span class='ocrx_word' id='word_1_310' title='bbox 362 2979 644 3012; x_wconf 87' lang='lat' dir='ltr'>praecedentibus</span> <span class='ocrx_word' id='word_1_311' title='bbox 657 2983 716 3005; x_wconf 83' lang='lat' dir='ltr'>aut</span> <span class='ocrx_word' id='word_1_312' title='bbox 731 2978 949 3012; x_wconf 85' lang='lat' dir='ltr'>sequentibus</span> <span class='ocrx_word' id='word_1_313' title='bbox 963 2977 1177 3011; x_wconf 84' lang='lat' dir='ltr'>adnectatur,</span> <span class='ocrx_word' id='word_1_314' title='bbox 1198 2978 1314 3011; x_wconf 87' lang='lat' dir='ltr'>habet,</span> <span class='ocrx_word' id='word_1_315' title='bbox 1332 2978 1404 3004; x_wconf 89' lang='lat' dir='ltr'>ideo</span> <span class='ocrx_word' id='word_1_316' title='bbox 1425 2981 1558 3004; x_wconf 86' lang='lat' dir='ltr'>tantum</span> <span class='ocrx_word' id='word_1_317' title='bbox 1580 2978 1709 3012; x_wconf 85' lang='lat' dir='ltr'>scripta</span> <span class='ocrx_word' id='word_1_318' title='bbox 1730 2978 1778 3003; x_wconf 88' lang='lat' dir='ltr'>vi-</span> 
     </span>
     <span class='ocr_line' id='line_1_45' title="bbox 155 3024 1460 3059; baseline 0.001 -8"><span class='ocrx_word' id='word_1_319' title='bbox 155 3026 257 3052; x_wconf 80' lang='lat' dir='ltr'>detur</span> <span class='ocrx_word' id='word_1_320' title='bbox 271 3031 306 3052; x_wconf 81' lang='lat' dir='ltr'>ut</span> <span class='ocrx_word' id='word_1_321' title='bbox 323 3026 484 3053; x_wconf 83' lang='lat' dir='ltr'>librarius</span> <span class='ocrx_word' id='word_1_322' title='bbox 498 3026 675 3059; x_wconf 86' lang='lat' dir='ltr'>sequentia</span> <span class='ocrx_word' id='word_1_323' title='bbox 689 3025 732 3053; x_wconf 87' lang='lat' dir='ltr'>ad</span> <span class='ocrx_word' id='word_1_324' title='bbox 746 3024 844 3052; x_wconf 88' lang='lat' dir='ltr'>finem</span> <span class='ocrx_word' id='word_1_325' title='bbox 859 3032 963 3059; x_wconf 83' lang='lat' dir='ltr'>usque</span> <span class='ocrx_word' id='word_1_326' title='bbox 976 3025 1141 3058; x_wconf 79' lang='lat' dir='ltr'>epistolae</span> <span class='ocrx_word' id='word_1_327' title='bbox 1156 3025 1460 3059; x_wconf 80' lang='lat' dir='ltr'>praetermitteret.</span> 
     </span>
    </p>
   </div>
  </div>
 </body>
</html>
