2020 3342
260 249 335 287 642
881 250 1111 287 APPENDlx
1137 262 1272 288 PRIwA

260 357 370 395 nus,
408 358 513 386 cum
545 346 1014 385 animaduerterimus
1043 346 1131 386 hoc
1162 347 1322 386 Vtilius
1350 348 1492 387 multo
1522 348 1748 399 futurum,
1781 360 1888 391 cum

262 417 524 457 obedientia
548 417 612 456 ita
634 417 859 467 exigeret,
884 417 929 456 in
950 416 1152 456 Domino
1174 429 1334 457 omnes
1357 418 1584 458 consolati
1605 430 1782 460 sumus.

337 488 405 527 Eo
425 488 548 527 enim
567 493 775 539 tempore
797 499 887 539 quo
910 487 1232 527 Barchinonae
1255 488 1446 539 agebat,
1471 496 1630 528 noster
1650 488 1699 529 P.
1723 488 1892 531 Simon*

260 558 513 598 Lusitanus
552 569 605 597 eo
641 558 831 609 appulit,
868 558 946 598 vbi
980 569 1062 609 per
1096 558 1272 609 aliquot
1308 558 1405 598 dies
1440 565 1758 600 commoratus
1797 566 1884 601 est.

261 628 440 668 Deinde
462 639 576 668 vero
611 628 878 669 Valentiam
904 629 1137 680 pervenit,
1167 628 1245 668 Vbi
1273 629 1413 668 etiam
1443 629 1684 670 nobiscum
1715 631 1892 671 mansit

260 699 403 738 ferme
425 699 575 750 spatio
596 699 733 739 unius
754 699 950 748 mensis;
980 705 1024 739 et
1055 711 1161 739 cum
1181 699 1257 739 hic
1284 711 1376 739 non
1404 706 1531 740 recte
1559 700 1809 741 admodum
1835 713 1889 741 se

261 769 454 809 haberet
474 775 665 821 propter
693 770 886 810 nimiam
912 769 1049 809 huius
1076 775 1229 810 terrae
1257 770 1606 819 humiditatem,
1636 777 1775 822 atque
1795 772 1885 824 pri-

261 840 384 880 stina
406 840 699 890 aegritudine
732 840 989 889 laboraret,
1019 840 1226 880 decreuit
1255 852 1304 880 se
1331 840 1625 892 Complutum
1653 842 1892 883 conferre„

260 910 410 961 Quam
433 911 576 950 durus
596 910 732 951 nobis
753 911 967 951 omnibus
987 911 1124 951 fuerit
1150 911 1248 951 eius
1280 910 1535 963 discessus,
1559 913 1716 952 verbis
1743 913 1884 964 expli-

260 993 368 1021 care
390 993 483 1021 non
506 993 704 1032 possem,
728 982 1005 1033 praesertim
1027 993 1131 1022 curn
1153 993 1239 1021 nos
1267 982 1562 1032 dereliquerit
1588 982 1727 1023 Patre
1754 983 1884 1024 orba-

259 1060 345 1102 tos,
366 1064 421 1092 ac
440 1064 531 1092 non
549 1053 718 1093 minori
734 1053 907 1093 laetitia
923 1052 1077 1093 affecti
1094 1064 1252 1093 sumus
1271 1053 1369 1092 eius
1382 1053 1600 1104 aduentu,
1617 1065 1755 1105 quam
1768 1055 1885 1094 eius-

258 1122 362 1162 dem
384 1123 592 1163 discessu
614 1123 798 1173 tristati,
823 1123 1098 1175 praesertim
1120 1135 1225 1163 cum
1256 1123 1349 1163 iam
1380 1123 1716 1165 arbitraremur
1742 1125 1891 1166 alium?

259 1193 443 1233 Patrem
463 1194 783 1234 auidissimum
804 1193 911 1245 (sic)
930 1194 1071 1234 fuisse
1089 1194 1296 1246 adeptos.
1312 1193 1622 1234 Nihilominus
1641 1207 1746 1235 cum
1768 1195 1886 1236 haec

258 1265 412 1305 omnia
435 1265 590 1305 diuina
612 1266 852 1305 voluntate
873 1265 1168 1317 proveniant,
1192 1264 1486 1315 extimamus,
1511 1266 1610 1305 siue
1632 1266 1703 1316 (vt
1725 1267 1883 1306 verius

258 1335 427 1385 dicam)
451 1336 683 1376 credimus
703 1336 791 1376 hoc
814 1336 960 1376 satius
981 1337 1125 1376 multo
1146 1335 1310 1383 fuisse,
1336 1340 1474 1385 atque
1495 1337 1648 1387 magis
1669 1337 1893 1378 lusitanis

259 1407 468 1457 collegiis
489 1407 763 1458 expediisse.

338 1477 605 1518 Concursus
626 1479 957 1528 confitentium,
982 1486 1121 1530 atque
1144 1491 1305 1519 eorum
1327 1480 1466 1520 etiam
1489 1479 1567 1531 qui
1587 1490 1774 1519 sacram
1795 1479 1884 1519 Eu-

261 1548 532 1588 charistiam
551 1548 871 1600 frequentant,
896 1550 942 1589 in
963 1549 1082 1598 dies,
1109 1549 1196 1589 Dei
1216 1550 1460 1600 beneficio,
1487 1555 1733 1600 augentur;
1767 1555 1810 1589 et
1840 1549 1887 1589 id

261 1627 356 1659 tam
379 1620 425 1659 in
446 1626 606 1659 nostro
630 1620 841 1671 collegio,
867 1631 1007 1671 quam
1025 1620 1070 1659 in
1088 1620 1191 1659 aliis
1208 1620 1529 1669 xenodochiis,
1548 1632 1642 1660 non
1659 1620 1757 1659 sine
1774 1620 1891 1660 mul-

259 1698 410 1730 tarum
434 1691 694 1730 animarum
716 1691 879 1740 salute;
904 1691 1180 1742 praesertim
1201 1702 1307 1731 cum
1328 1691 1374 1730 in
1394 1691 1680 1730 monasterio
1698 1690 1882 1730 Praedi-

262 1768 474 1801 catorum
497 1767 634 1812 atque
655 1768 815 1801 nostro
837 1762 1057 1812 collegiO,
1081 1762 1242 1801 diebus
1264 1761 1508 1801 dominicis
1531 1773 1585 1801 ac
1606 1761 1750 1813 festis,
1774 1767 1884 1801 tem-

259 1843 371 1882 pore
393 1832 727 1883 pomeridiano,
751 1831 1086 1883 Apostolorum
1107 1832 1370 1872 institutum
1386 1831 1659 1883 profiteatur
1678 1831 1803 1882 (sic),
1824 1832 1884 1872 ad

259 1903 382 1953 quod
403 1903 610 1942 maxima
632 1903 919 1942 audientium
941 1903 1077 1953 copia
1106 1902 1309 1942 confluit.
1333 1902 1541 1953 Quarum
1568 1913 1724 1942 rerum
1751 1903 1889 1942 innu=

260 1984 415 2013 merae
437 1984 492 2012 ac
514 1973 719 2013 infinitae
739 1974 922 2024 gratiae
945 1973 1001 2013 ad
1021 1972 1222 2025 [D]eum,
1246 1985 1402 2013 rerum
1425 1974 1630 2014 omnium
1651 1973 1884 2025 opificem,

260 2043 536 2083 referantur.

341 2113 541 2164 Quidam
577 2114 869 2163 adolescens,
899 2114 1171 2154 Praefectus
1198 2114 1383 2164 collegii
1409 2113 1766 2166 Archiepiscopi
1794 2114 1891 2155 Va*

262 2185 436 2234 lentini,
461 2186 539 2236 qui
560 2185 652 2225 iam
675 2186 980 2237 peripatetico
1003 2186 1158 2225 cursui
1181 2185 1317 2225 finem
1344 2186 1586 2235 imposuit,
1610 2186 1656 2225 in
1678 2184 1883 2225 Societa-

259 2262 352 2294 tem
374 2255 605 2295 admissus
627 2262 709 2305 est,
734 2256 781 2295 in
798 2256 991 2296 Artibus
1008 2255 1276 2295 liberalibus
1293 2255 1516 2305 eruditus,
1539 2262 1677 2307 atque
1697 2255 1889 2307 optimis

260 2325 467 2365 moribus
487 2326 742 2377 praeditus,
767 2338 913 2366 annos
935 2333 1030 2366 tres
1051 2334 1095 2366 et
1116 2326 1284 2377 viginti
1303 2333 1453 2366 natus,
1479 2326 1549 2366 De
1570 2327 1774 2378 quodam
1791 2327 1885 2366 alio

259 2395 518 2445 sacerdote,
543 2396 620 2447 qui
636 2397 682 2436 in
699 2397 990 2437 Lusitaniam
1008 2409 1057 2436 se
1074 2397 1283 2446 contulit,
1303 2397 1414 2436 nihil
1433 2404 1501 2437 est
1519 2397 1643 2447 quod
1660 2397 1885 2437 scribam„

261 2464 397 2505 Pater
418 2466 633 2506 Lozanus
655 2473 698 2507 et
718 2467 864 2507 frater
885 2468 1134 2508 Marcellus
1162 2467 1218 2507 iis
1239 2467 1465 2517 proximis
1496 2468 1657 2507 diebus
1679 2468 1861 2519 philoso

259 2536 397 2586 phiae
432 2548 617 2577 cursum
653 2538 969 2588 absoluerunt,
1008 2551 1063 2578 ac
1092 2538 1220 2578 breui
1252 2539 1323 2586 (ut
1352 2538 1567 2588 arbitror)
1597 2538 1883 2589 theologiam

261 2608 609 2657 aggredientur.
635 2607 726 2648 Sed
747 2609 804 2648 de
825 2610 896 2648 his
918 2610 1159 2650 hactenus.

340 2677 390 2716 In
410 2680 674 2728 praesentia
696 2679 809 2719 nihil
831 2679 953 2719 aliud
974 2691 1023 2719 se
1053 2679 1207 2729 offert,
1233 2680 1288 2719 de
1311 2691 1401 2731 quo
1423 2680 1523 2719 Tua
1551 2679 1660 2719 Ρ.ῐᾶ8
1681 2690 1882 2719 commo-

260 2747 363 2787 dius
397 2748 476 2787 fiat
511 2749 701 2788 certior:
733 2761 818 2789 nos
853 2756 1029 2800 autem,
1061 2751 1138 2801 qui
1162 2750 1235 2790 hic
1264 2750 1468 2800 agimus,
1500 2756 1625 2789 recte
1652 2750 1880 2789 valemus:

261 2818 383 2858 idem
406 2819 461 2858 de
483 2818 583 2859 Tua
604 2819 731 2859 Pssatss
753 2827 891 2871 atque
920 2821 1023 2860 aliis
1052 2820 1264 2860 omnibus
1292 2820 1411 2859 scire
1433 2819 1765 2860 desideramus.
1793 2818 1884 2859 No-

260 2894 354 2928 ster
370 2888 418 2928 P.
441 2889 686 2940 Gamerus,
707 2897 929 2942 quantum
947 2898 1114 2942 potest,
1138 2891 1184 2930 in
1201 2891 1463 2940 theologiae
1481 2890 1633 2930 studio
1653 2890 1880 2939 elaborat.

339 2958 566 3000 Dominus
596 2960 746 3001 Tuam
774 2961 1110 3002 Paternitatem
1142 2967 1329 3001 nostrae
1363 2960 1585 3001 Societati
1619 2960 1695 3000 diu
1726 2964 1882 3000 seruet

261 3029 554 3071 incolumem.
580 3031 714 3071 Vale.
