2020 3342
235 232 310 269 476
752 235 977 271 LITTERAE
1004 244 1361 276 QUADRIMESTRES

237 329 338 369 cius
361 329 494 370 Pater
517 337 617 370 erat
640 330 858 371 Valentia
881 331 1104 370 oriundus
1125 337 1169 370 et
1196 331 1428 370 maiorum
1456 330 1737 381 imaginibus
1768 331 1857 371 cla-

236 411 330 449 rus,
351 401 427 451 qui
445 407 694 452 antequam
711 402 756 440 in
774 401 863 440 hoc
881 400 1053 441 Christi
1073 401 1183 453 Jesu
1201 401 1488 440 consortium
1505 400 1863 451 adscisceretur,

236 476 281 510 et
301 471 486 520 generis
508 471 774 522 splendore,
799 478 842 511 et
871 473 1070 511 uestium
1092 472 1322 522 elegantia
1346 478 1484 523 atque
1506 471 1691 522 politia,
1724 482 1864 522 quam

236 541 370 580 unice
393 540 664 591 affectabat,
690 542 903 581 omnibus
934 549 1033 581 erat
1065 553 1204 593 quam
1236 542 1436 581 maxime
1463 548 1624 582 notus:
1657 542 1773 582 alter
1804 553 1864 582 ex

229 611 398 651 *eodem
420 612 710 652 nouiciorum
731 623 876 663 grege
899 615 1169 664 praeclarae
1192 613 1360 652 indolis
1390 611 1535 652 frater
1557 619 1685 660 erat,
1708 612 1786 663 qui
1816 613 1864 653 in

237 682 408 721 celebri
430 682 631 733 quadam
653 683 893 722 academia
915 683 1129 722 liberales
1151 692 1277 723 artes
1298 689 1366 723 est
1384 683 1565 734 publice
1583 683 1863 733 interpreta-

237 759 325 792 tus:
350 752 380 791 ii
402 764 514 803 ergo
536 760 756 804 putantes
778 754 1069 794 obedientiae
1101 754 1148 793 vi
1170 754 1281 794 illud
1302 765 1403 793 esse
1423 753 1716 804 mandatum,
1749 754 1864 794 scite

238 823 666 864 animadvertentes
703 824 760 864 ad
796 836 966 864 munus
1002 825 1292 865 obedientiae
1323 824 1569 875 diligenter
1604 824 1866 864 obeundum

237 894 350 934 satis
380 906 482 934 esse
508 895 839 946 praecipientis
875 896 1083 935 animum
1118 901 1377 946 spectatum
1411 895 1583 934 habere
1618 906 1673 934 ac
1706 895 1864 945 cogni-

237 969 348 1014 tum,
372 965 437 1005 nil
456 977 510 1005 ea
534 965 589 1005 de
610 977 660 1006 re
682 966 880 1017 amplius
897 967 1053 1017 locuti,
1075 966 1133 1006 ad
1153 967 1305 1005 locum
1327 966 1416 1005 situ
1439 972 1481 1005 et
1504 966 1723 1017 squalore
1746 965 1867 1006 obsi-

237 1041 333 1075 tum
353 1042 567 1086 pergunt,
592 1048 708 1076 cane
727 1036 929 1087 funibus,
954 1037 1013 1077 ad
1033 1049 1136 1077 eam
1158 1048 1255 1076 rem
1273 1048 1431 1076 secum
1448 1036 1615 1086 allatis,
1638 1037 1863 1088 colligato

237 1113 376 1157 atque
404 1118 485 1157 per
515 1108 704 1157 longum
737 1107 864 1147 urbis
892 1108 1189 1147 interstitium
1220 1113 1476 1158 pertractO,
1508 1107 1689 1147 cunctis
1720 1107 1864 1147 admi-

236 1178 461 1226 rantibus,
494 1178 672 1229 Deique
703 1190 865 1218 seruos
896 1179 1194 1227 uocantibus,
1229 1185 1362 1218 extra
1398 1190 1556 1218 muros
1592 1179 1866 1229 propulsum

237 1249 539 1300 reliquerunt.

321 1319 446 1359 ldem
468 1320 621 1371 Pater,
641 1321 883 1361 cuiusdam
902 1333 959 1361 ex
978 1322 1152 1361 nostris
1171 1321 1392 1360 fratribus
1410 1321 1456 1360 in
1475 1321 1644 1372 oppido
1662 1321 1865 1372 quodam

239 1390 339 1430 urbi
360 1390 554 1431 finitimo
578 1392 901 1432 concionaturi
923 1393 1103 1432 assecla
1126 1392 1299 1442 factus,
1324 1393 1457 1432 asino
1480 1391 1602 1431 haud
1624 1393 1866 1442 eleganter

237 1462 455 1502 clitellato
477 1462 696 1509 insidens,
721 1469 943 1514 tanquam
965 1463 1092 1503 illum
1114 1463 1185 1502 vis
1207 1463 1348 1502 animi
1379 1462 1686 1512 destituisset,
1720 1462 1866 1502 omni—

237 1532 323 1572 bus
350 1544 399 1572 se
429 1533 673 1573 ridendum
702 1545 961 1584 exponens,
992 1534 1235 1584 percurrit.
1267 1534 1363 1573 Iam
1392 1545 1495 1573 cum
1525 1533 1866 1584 amplissimum

233 1603 484 1643 charitatis
508 1604 711 1644 fructum
733 1605 779 1644 in
800 1616 854 1644 eo
878 1605 1016 1644 situm
1038 1616 1139 1644 esse
1162 1605 1459 1656 perspicuum
1481 1604 1552 1651 sit,
1579 1604 1618 1643 si
1639 1604 1742 1655 quis
1762 1615 1863 1655 pro·
1913 1632 1915 1634 -

238 1674 366 1724 Ximi‚
391 1681 435 1714 et
457 1676 659 1715 maxime
681 1676 917 1727 pauperis,
942 1675 1132 1726 perinde
1155 1682 1292 1727 atque
1323 1676 1394 1715 sui
1424 1675 1569 1726 ipsius
1595 1675 1863 1715 calamitate

236 1752 472 1796 pungatur
494 1778 501 1796 ,
543 1746 589 1785 in
628 1747 972 1787 xenodochium
1011 1747 1242 1786 interdum
1280 1746 1451 1786 fratres
1488 1745 1862 1796 proficiscuntur,

238 1817 341 1856 aliis
362 1817 575 1857 lauandis
599 1818 810 1857 manibus
833 1818 1164 1867 ministrantes,
1190 1829 1369 1868 ungues
1390 1822 1630 1867 resecant,
1655 1817 1759 1856 aliis
1782 1816 1864 1855 ali-

237 1894 392 1927 menta
428 1887 748 1939 suppeditant,
781 1889 987 1939 aliosque
1019 1889 1144 1928 omni
1170 1889 1421 1939 spurcitiae
1457 1895 1594 1939 atque
1622 1887 1863 1927 immundi-

238 1957 329 1997 tiae
349 1959 561 1998 exactius
583 1966 860 2010 expurgant,
885 1970 973 2009 quo
992 1959 1248 1998 ministerio
1265 1971 1425 1998 eorum
1443 1959 1585 1998 animi
1602 1958 1664 1998 ita
1685 1958 1861 1997 leniun—

238 2034 328 2078 tur,
353 2035 403 2068 vt
425 2029 619 2069 summis
640 2030 862 2069 encomiis
884 2029 969 2069 Dei
994 2029 1096 2080 Opt.
1123 2029 1246 2069 Max.
1277 2041 1445 2069 nomen
1476 2029 1638 2069 efferre
1667 2040 1759 2068 non
1789 2028 1863 2067 de-

239 2100 408 2139 sinant.

318 2170 621 2211 Conuiuimus
643 2173 717 2211 hic
738 2172 791 2211 25
809 2178 886 2211 aut
901 2171 952 2211 26
969 2183 1175 2219 numero,
1198 2171 1403 2222 utrisque
1421 2170 1595 2222 pariter
1613 2182 1866 2210 connume-

238 2241 368 2281 ratis:
394 2254 452 2281 ΘΧ
473 2242 544 2281 his
566 2248 765 2293 quatuor
787 2254 923 2282 omne
945 2242 1146 2282 studium
1175 2242 1222 2281 in
1252 2242 1491 2292 theologia
1519 2248 1717 2292 ponunt:
1753 2241 1863 2292 duo,

234 2311 506 2352 ¹dialectices
519 2313 814 2364 labyrinthos
828 2313 1020 2363 egressi,
1036 2312 1355 2364 philosophiae
1372 2323 1562 2363 operam
1576 2310 1862 2363 impendunt;

239 2389 378 2433 atque
414 2383 529 2422 duos
564 2385 680 2423 alios
714 2391 964 2434 postremo,
1003 2383 1311 2434 ingenuarum
1346 2383 1515 2422 artium
1555 2393 1746 2422 cursum
1776 2382 1864 2421 hoc

241 2464 363 2492 anno
392 2453 588 2493 feliciter
620 2454 912 2505 auspicatos,
943 2465 1139 2504 magnos
1174 2454 1220 2493 in
1255 2465 1308 2492 eo
1343 2453 1550 2493 facturos
1584 2463 1870 2504 progressus-

239 2534 504 2574 speramus,
534 2525 611 2575 qui
643 2536 824 2573 omneS‚
862 2524 1250 2575 quemadmodum
1277 2525 1482 2574 egregiis
1510 2523 1651 2563 animi
1680 2523 1864 2564 dotibus

234 2594 456 2643 eminent,
480 2595 545 2633 sic
568 2601 610 2634 et
633 2595 873 2635 literarum
906 2595 1173 2645 cognitione
1200 2595 1316 2634 alios
1342 2594 1525 2645 praeire
1555 2594 1861 2642 contendunt,

246 2663 415 2704 decoro
437 2671 593 2704 tamen
614 2666 690 2705 vel
713 2665 832 2705 inter
853 2665 1198 2716 disputandum,
1221 2665 1295 2705 uel
1312 2676 1416 2705 cum
1433 2664 1535 2704 aliis
1552 2664 1608 2704 de
1626 2664 1762 2704 rebus
1781 2665 1867 2714 piis

242 2735 490 2785 agendum,
515 2742 717 2785 seruato,
741 2747 892 2786 neque
916 2736 1101 2775 interim
1134 2737 1346 2786 neglecta
1378 2736 1477 2781 illa,
1509 2747 1628 2786 quae
1654 2735 1866 2774 omnibus

243 2805 437 2845 mirifice
458 2806 696 2856 probatur,
720 2807 765 2845 in
788 2818 1038 2857 corporum
1060 2806 1263 2846 motione
1295 2813 1433 2857 atque
1454 2813 1611 2856 gestit,
1636 2805 1863 2845 decentia:

241 2887 331 2926 quo
352 2876 399 2915 fit
419 2882 467 2915 ut
489 2876 694 2916 omnium
716 2877 761 2915 in
793 2888 840 2916 se
863 2878 1044 2927 oculos,
1076 2877 1200 2916 uelut
1223 2876 1269 2916 in
1302 2876 1454 2916 stadio
1488 2883 1752 2925 currentes,
1787 2876 1864 2915 ha-

242 2947 381 2986 beant
404 2947 656 2986 coniectos.
681 2947 819 2987 Faxit
840 2947 968 2986 Deus
990 2954 1052 2997 ut,
1077 2947 1200 2998 quod
1221 2947 1417 2987 feliciter
1438 2946 1750 2996 instituerunt,
1771 2945 1866 2985 seli—

236 3016 426 3057 cissime
447 3017 708 3067 absoluant,
733 3023 776 3056 et
799 3018 917 3056 sicut
939 3018 1132 3057 honesta
1150 3018 1264 3057 haec
1282 3019 1618 3068 praeclaraque
1636 3017 1864 3056 exercita-
