2020 3342
241 217 313 253 406
749 216 974 254 LITTERAE
1001 227 1357 260 QUADRIMESTRES

244 314 345 354 silio
368 315 414 354 in
437 326 543 354 cose
564 315 605 354 d'
631 315 919 365 importanza
942 325 1073 353 come
1094 314 1293 354 hauemo
1316 315 1374 354 da
1406 320 1576 354 trattar
1606 320 1650 354 et
1672 326 1864 355 conuer-

244 397 322 426 sar
343 397 430 425 con
451 385 599 435 questi
621 385 769 425 boemi
793 390 836 423 et
857 384 1104 432 lutherani,
1128 384 1335 435 piccardi
1360 385 1384 434 ¹,
1408 391 1452 424 et
1478 383 1518 424 d·
1540 385 1649 435 ogni
1671 391 1794 425 sorte
1816 385 1862 426 di

244 456 465 504 huomini,
487 455 570 495 che
590 467 681 495 non
704 455 739 494 si
761 465 1060 505 cognoscono
1082 454 1110 493 l'
1129 466 1220 494 uno
1250 455 1320 495 fra
1347 456 1374 494 l’
1400 456 1531 506 altro,
1563 461 1608 495 et
1637 455 1742 495 altri
1761 467 1861 507 per-

244 539 355 567 sone
390 526 432 566 di
469 533 629 577 queste
654 524 819 565 bande:
856 531 1022 576 quatro
1054 537 1079 565 o
1112 526 1313 576 chinquo
1344 526 1448 565 altri
1476 526 1612 566 amici
1644 525 1859 576 hauemo,

239 610 375 638 come
396 609 448 637 sa
468 597 528 637 V.
552 596 604 636 R.
628 608 710 647 per
730 597 847 636 altre
867 597 1013 646 volte3
1037 608 1112 636 ma
1139 595 1211 635 fra
1238 596 1342 636 tutti
1363 608 1455 636 non
1478 608 1617 647 posso
1640 608 1735 636 non
1763 609 1861 648 pre-

242 670 380 709 ferire
402 674 565 719 questo
585 668 676 706 bon
698 666 933 718 preposito
955 679 1037 718 per
1063 667 1093 706 il
1120 668 1217 707 zelo
1246 667 1331 707 che
1353 667 1473 706 tiene
1502 668 1557 707 de
1588 669 1631 707 la
1658 667 1861 708 reforma

242 740 359 779 delle
380 751 487 778 cose
505 746 548 778 et
569 738 767 778 costumi
790 738 895 777 delli
917 738 1134 777 catholici
1152 745 1196 777 et
1213 738 1524 778 conversione
1544 738 1650 778 delli
1672 737 1857 778 infideli.

322 810 523 850 Benchel
544 809 757 849 demonio
775 809 813 848 si
835 812 857 848 e
879 808 1081 848 sforzato
1099 808 1144 849 di
1166 809 1399 849 disturbas
1420 810 1445 848 l’
1464 820 1606 859 opera
1624 815 1788 849 sancta
1806 809 1862 849 de

242 888 405 933 questo
427 880 649 930 Collegio,
673 891 755 931 per
776 880 818 919 la
841 880 992 929 gratia
1016 880 1057 919 d’
1075 879 1201 919 Iddio
1223 880 1412 919 nissuno
1434 879 1490 919 de
1521 880 1717 931 qualche
1752 891 1861 920 cosa

242 952 432 992 minima
453 963 502 991 se
518 963 575 990 ne
593 955 616 990 e
639 951 732 990 mai
750 957 951 990 accorto.
972 949 1038 990 La
1061 957 1198 1001 gente
1221 950 1451 990 catholica
1473 951 1697 1002 simplice,
1721 962 1862 1002 quan-

244 1025 301 1063 do
323 1034 540 1074 passamo
562 1034 643 1073 per
670 1023 713 1061 la
735 1021 894 1061 strada
917 1021 1021 1071 (ben
1049 1021 1133 1062 che
1156 1022 1224 1061 sia
1255 1022 1395 1070 raro),
1423 1033 1448 1061 0
1472 1022 1517 1061 111
1540 1021 1710 1070 chiesa,
1741 1022 1780 1061 si
1801 1021 1862 1061 ha

244 1094 422 1145 grande
440 1094 681 1133 riuerenza
701 1093 894 1142 (benche
912 1093 1079 1144 pocchi
1096 1104 1210 1132 sono
1227 1093 1327 1132 veri
1343 1092 1461 1132 fideli
1481 1099 1524 1132 et
1541 1092 1786 1143 catholici).
1806 1093 1862 1132 Li

239 1165 494 1205 scismatici
516 1165 706 1213 hussite,
745 1164 929 1215 quando
967 1164 1007 1204 ci
1043 1164 1236 1214 vedono‚
1273 1165 1427 1203 hanno
1454 1163 1633 1214 grande
1664 1163 1859 1203 admira-

238 1237 379 1285 tione,
403 1235 691 1275 sermandoci
723 1235 862 1274 molte
894 1236 1018 1274 volte
1048 1246 1130 1285 per
1164 1235 1253 1274 ben
1288 1235 1431 1275 veder
1465 1236 1495 1275 li
1523 1235 1729 1286 jesui-ter,
1753 1234 1862 1274 delli

239 1307 364 1357 quali
387 1307 425 1346 si
446 1307 578 1357 parla
601 1311 745 1354 tanto,
769 1317 862 1345 non
890 1307 1144 1345 solamente
1175 1306 1221 1345 in
1256 1305 1409 1356 Praga
1445 1317 1518 1345 ma
1555 1305 1757 1345 etiandio
1778 1316 1860 1356 per

240 1385 337 1418 tota
356 1377 558 1418 Boemia.
581 1376 703 1427 Ogni
721 1377 964 1426 domenica
985 1378 1124 1416 molta
1143 1383 1295 1427 gente,
1315 1383 1358 1416 et
1376 1376 1594 1416 catholici
1607 1382 1650 1416 et
1667 1377 1857 1423 hussite,

240 1461 355 1489 sono
377 1449 455 1500 piu
474 1448 714 1499 frequente
736 1448 854 1487 nelle
876 1453 1033 1487 nostre
1055 1447 1193 1487 misse
1216 1447 1300 1487 che
1322 1447 1429 1487 mai:
1453 1447 1641 1487 laudato
1664 1447 1733 1487 sia
1759 1446 1858 1497 X.0;

239 1532 352 1571 pare
373 1518 574 1559 etiandio
597 1519 681 1558 che
702 1530 793 1558 non
821 1518 1051 1567 vollendo,
1077 1525 1120 1557 et
1149 1518 1452 1569 proponendo
1481 1518 1733 1567 contrario,
1766 1529 1860 1558 non

239 1590 430 1641 possino
466 1601 552 1641 pur
590 1591 791 1629 astenire
827 1589 871 1628 di
906 1589 1099 1629 visitare
1135 1589 1179 1628 la
1213 1595 1374 1628 nostra
1410 1588 1582 1638 chiesa,
1614 1588 1860 1640 principal-

240 1668 391 1701 mente
413 1662 457 1700 la
478 1661 636 1700 missa:
657 1660 841 1711 quando
864 1659 1219 1699 communicano
1247 1659 1277 1698 11
1303 1659 1486 1708 fratelli,
1525 1659 1629 1699 tutti
1650 1659 1858 1709 insieme,

238 1743 396 1783 spesse
418 1732 543 1772 volte
566 1732 921 1771 communicano
943 1731 1081 1781 dopoi
1103 1731 1132 1770 11
1160 1730 1328 1770 fratelli
1363 1730 1515 1770 alcuni
1547 1730 1724 1770 italiani
1754 1730 1860 1770 delli

236 1803 469 1843 lauoranti
491 1803 563 1842 del
583 1802 804 1852 Collegio.

320 1874 534 1913 Visitano
556 1874 595 1912 le
615 1872 732 1912 feste
753 1878 798 1912 et
819 1872 1091 1912 domeniche
1120 1872 1150 1911 li
1171 1872 1303 1922 padri
1325 1878 1369 1912 et
1390 1872 1558 1912 fratelli
1587 1873 1613 1911 l’
1639 1871 1857 1922 hospital,

237 1945 269 1984 il
287 1945 421 1995 quale
441 1955 536 1984 non
572 1947 596 1983 e
626 1950 791 1995 troppo
826 1944 1015 1982 lontano
1050 1943 1107 1982 da
1144 1941 1189 1982 S.
1229 1942 1478 1991 Clemente,
1515 1943 1801 1982 consolando
1829 1943 1859 1982 li

236 2015 399 2066 poueri
416 2015 590 2064 malati,
605 2020 649 2054 et
666 2014 923 2054 edificando
940 2014 1004 2064 gli
1022 2015 1128 2053 altri
1146 2025 1233 2053 con
1251 2014 1398 2053 simile
1422 2025 1561 2065 opere
1582 2014 1637 2053 de
1657 2013 1856 2053 charita.

314 2086 349 2125 Il
368 2086 417 2125 P.
441 2085 628 2126 Canisio
650 2084 662 2103 ‘²
685 2085 797 2135 ogni
819 2085 1060 2125 domenica
1083 2091 1126 2125 et
1162 2084 1279 2124 festa
1314 2084 1503 2136 predica
1539 2085 1584 2124 in
1621 2096 1743 2134 arce,
1771 2096 1858 2124 con

236 2157 414 2207 grande
439 2156 758 2196 satisfactione
780 2156 835 2195 de
857 2156 976 2205 tutti,
1000 2157 1219 2196 massime
1254 2156 1327 2195 del
1361 2155 1497 2195 Altis.
1536 2155 1804 2195 Archiduca
1827 2154 1858 2204 ⁵,

236 2228 267 2267 il
295 2228 429 2278 quale
465 2227 528 2278 gli
558 2234 690 2278 porta
716 2227 895 2277 grande
929 2227 1091 2267 fauore
1126 2233 1169 2266 et
1203 2226 1454 2277 affettione,
1491 2232 1535 2266 et
1571 2226 1676 2266 altri
1711 2227 1862 2266 nostri

236 2298 389 2347 amici,
414 2297 650 2348 Magnifici
689 2297 889 2348 Signori,
926 2298 1092 2348 perlati
1127 2303 1171 2337 et
1201 2298 1379 2347 baroni,
1413 2304 1455 2337 et
1485 2297 1678 2348 signori,
1721 2307 1808 2336 con
1830 2296 1860 2336 il

236 2369 406 2420 populo
430 2368 674 2418 catholico;
706 2369 746 2407 la
786 2368 859 2407 cui
894 2366 908 2385 ‘⁴
943 2367 1155 2408 doctrina
1178 2372 1202 2408 e
1238 2368 1424 2408 stimata
1458 2368 1600 2407 molto
1629 2367 1793 2417 solida,
1828 2367 1860 2406 il

235 2439 310 2478 cui
332 2449 612 2478 conuersare
653 2443 677 2478 e
711 2445 864 2489 grato,
903 2445 946 2478 et
982 2439 1020 2478 si
1056 2451 1106 2478 sa
1144 2438 1501 2478 accommodare
1533 2450 1559 2477 a
1581 2439 1687 2478 tutti
1715 2449 1856 2489 sopra

235 2509 377 2549 etiam
399 2521 537 2559 (Jztczm
559 2510 653 2548 dics
669 2514 752 2549 am
785 2509 1062 2548 existimari
1088 2512 1268 2560 potest,·
1290 2521 1372 2560 per
1392 2510 1435 2548 la
1470 2521 1553 2549 sua
1575 2509 1855 2560 eloquentia,

294 2694 301 2713 ¹
342 2693 495 2720 “Picardi
518 2694 573 2719 vel
596 2693 789 2720 Picarditae
811 2695 1009 2720 asserebant
1031 2693 1276 2720 eucharistiam
1298 2701 1361 2719 non
1383 2700 1456 2719 esse
1479 2693 1664 2726 colendam;
1688 2692 1721 2719 in
1743 2699 1783 2719 ea
1797 2699 1862 2719 non

237 2749 310 2768 esse
325 2740 497 2768 Christum
510 2741 567 2767 sed
580 2741 686 2767 solum
702 2748 822 2773 panem
834 2742 1006 2774 solumque
1022 2741 1147 2772 vinum,
1160 2745 1224 2767 etc:
1240 2740 1289 2767 Ac
1301 2740 1492 2774 generatim
1505 2740 1649 2774 quidem,
1662 2740 1861 2774 quicumque

238 2789 362 2822 dogma
387 2788 783 2814 transsubstantiationis
808 2787 1005 2820 reiciebant,
1029 2792 1107 2814 tunc
1133 2786 1280 2814 Picardt
1303 2788 1417 2814 vocati
1434 2795 1506 2814 esse
1521 2788 1692 2820 videntur,
1717 2786 1863 2814 maxime

237 2842 321 2862 vero
337 2835 457 2862 unitas
466 2833 644 2868 fratrum,
659 2835 731 2860 sive
746 2834 805 2865 illi,
822 2834 1053 2869 quossratres
1066 2833 1227 2860 bohemos
1239 2841 1323 2861 nunc
1339 2834 1450 2861 dicere
1463 2835 1638 2867 solemus.„
1650 2833 1865 2861 BRAstBER-

239 2890 315 2915 (mn,
332 2883 353 2909 l.
368 2890 408 2913 e..
425 2889 502 2916 pag.
515 2881 577 2915 498,
594 2888 708 2908 annot.
723 2882 748 2908 2.

290 2929 304 2948 2³
345 2930 381 2956 P.
396 2929 519 2956 Petrus
535 2928 702 2956 Canisius.

290 2977 303 2993 ⁷*
341 2976 559 3009 Ferdinandi,
573 2976 730 3003 Boemiae
748 2976 932 3010 Pro-regis.

292 3026 304 3045 4
342 3025 377 3051 la
394 3025 462 3056 cui,
477 3024 582 3057 cujuS,
599 3024 740 3052 scilicet,
757 3023 895 3051 Canisii.
