2020 3342
859 198 941 234 AN.
973 198 1064 234 155ss
1729 199 1772 237 61

235 293 484 333 Constituit
506 293 645 333 etiam
665 293 838 333 Rector
860 299 908 333 ut
930 293 1069 343 domi,
1095 294 1215 333 inter
1237 294 1530 334 coenandum
1548 301 1627 334 aut
1644 306 1778 345 pran-

154 363 371 413 dendum,
407 364 600 415 quisque
635 364 932 403 sacerdotum
961 363 1177 404 conficiat
1208 364 1414 415 aliquam
1444 365 1691 404 lectionem
1721 365 1776 405 de

153 434 292 474 rebus
313 434 497 484 diuinis,
522 435 611 474 hoc
632 441 716 483 est,
749 434 805 474 de
834 434 990 473 causis
1017 441 1060 474 et
1091 434 1354 474 animarum
1384 435 1716 475 controuersiis
1748 434 1774 475 ¹.

152 504 332 544 Deinde
355 505 616 556 disputatur
638 511 682 545 et
703 504 935 544 excutitur
957 505 1112 556 aliqua
1135 515 1299 553 causa,
1324 505 1421 545 siue
1443 506 1614 556 mauis,
1639 517 1776 545 casus

152 575 478 615 conscientiae.

230 645 520 686 Adolescens
541 645 729 697 quidam
750 646 996 695 hebraeus,
1020 646 1321 697 baptismatis
1347 646 1638 697 candidatus,
1663 659 1690 686 a
1707 659 1777 687 sa-

154 717 424 757 cerdotibus
444 717 617 757 nostris
637 717 885 756 instruitur
912 722 956 756 et
986 715 1089 756 fidei
1118 717 1403 757 christianae
1432 717 1669 768 mysteriis
1696 718 1774 758 ini-

149 788 307 837 tiatur,
331 788 378 827 in
400 787 820 838 Quadragesimam
843 788 1050 827 salutare
1072 788 1316 827 lauacrum
1339 787 1628 828 obtenturus.

228 858 277 898 In
299 857 496 909 Collegii
520 858 668 897 nostri
690 858 983 897 extructione
1013 858 1257 908 explorata
1285 864 1355 898 est
1383 858 1588 898 charitas
1615 860 1781 898 multo-⁷

152 941 254 968 rum
277 929 464 978 ciuium,
487 929 565 979 qui
586 929 750 980 opibus
772 929 867 968 suis
888 928 1076 968 domum
1096 928 1346 978 fabricant,
1372 935 1416 968 et
1438 929 1553 969 alios
1580 929 1775 970 incitant

149 999 208 1038 ad
230 1000 378 1039 simile
401 999 613 1039 officium.

227 1069 379 1110 Venio
403 1069 460 1110 ad
483 1077 740 1110 extremam
763 1071 988 1122 epistolae
1009 1077 1205 1121 partem,
1230 1071 1319 1110 hoc
1349 1078 1441 1120 est,
1472 1070 1531 1111 ad
1560 1071 1779 1111 Rectoris

146 1140 325 1180 fructus
357 1141 403 1180 in
438 1141 758 1181 iurisdictione
788 1141 1066 1181 bononiensi
1095 1141 1339 1181 lustranda
1370 1148 1631 1193 perceptos.
1669 1141 1773 1191 Epi-

145 1222 316 1263 scopus
337 1210 375 1261 2,
406 1224 464 1251 ex
493 1223 584 1263 quo
614 1218 821 1262 tempore
853 1212 1076 1262 cognouit
1104 1211 1308 1261 Patrem,
1339 1224 1520 1264 semper
1541 1213 1687 1252 voluit
1709 1212 1776 1252 uti

148 1293 292 1333 opera
314 1282 450 1331 illius,
474 1289 573 1322 tum
595 1283 640 1322 in
661 1282 821 1322 multis
842 1282 945 1322 aliis
965 1282 1118 1330 rebus,
1142 1289 1239 1323 tum
1256 1283 1462 1323 maxime
1479 1283 1525 1322 in
1542 1284 1776 1323 lustratio-

147 1364 205 1392 ne
225 1353 565 1404 paroeciarum,
590 1359 634 1392 et
656 1353 1000 1392 examinatione
1021 1354 1359 1404 parochorum:
1382 1354 1578 1404 proinde
1595 1354 1688 1393 iam
1704 1353 1774 1393 bis

147 1423 326 1463 creauit
347 1422 532 1463 Patrem
553 1423 857 1463 Visitatorem
888 1424 1072 1463 aedium
1100 1435 1344 1464 sacrarum
1373 1431 1417 1464 et
1442 1425 1776 1476 parochorum·,

148 1494 187 1534 is
213 1494 370 1544 igitur,
395 1495 552 1534 diuino
581 1494 769 1534 numine
796 1493 957 1544 fretus,
990 1495 1285 1545 prouinciam
1317 1495 1618 1535 commissam
1643 1495 1770 1545 obiit,

143 1577 198 1605 ac
227 1565 275 1605 in
301 1565 464 1616 primis
494 1565 666 1616 templa
697 1565 870 1616 reperit
902 1571 1000 1604 tum
1030 1565 1237 1616 ruinosa,
1272 1571 1369 1605 tum
1397 1565 1644 1615 labefacta,
1676 1572 1770 1605 tum

143 1634 350 1675 sordium
385 1636 536 1686 plena,
575 1643 617 1675 et
648 1636 776 1675 vasis
808 1635 1186 1686 ornamentisque
1218 1637 1472 1687 expoliata,
1505 1644 1554 1676 ut
1589 1637 1773 1687 quiduis

142 1705 270 1745 aliud
291 1717 429 1757 quam
450 1705 538 1745 Dei
559 1707 730 1758 templa
753 1706 1000 1746 iudicares.
1025 1705 1383 1746 Sanctissimum
1407 1706 1581 1747 Christi
1601 1719 1773 1758 corpus

141 1777 476 1816 asseruabatur
497 1777 542 1816 in
564 1777 728 1828 paucis
749 1777 975 1817 ecclesiis.
1001 1777 1235 1827 Quocirca
1256 1777 1491 1817 sancitum
1509 1783 1578 1817 est
1594 1784 1644 1817 ut
1661 1783 1769 1817 tem-

140 1848 215 1898 pla
250 1852 347 1887 tum
381 1846 698 1897 reficerentur,
736 1854 834 1888 tum
869 1854 1218 1897 extruerentur‚
1254 1854 1352 1887 tum
1388 1854 1689 1899 ornarentur,
1727 1856 1770 1888 et

137 1917 266 1958 uasis
286 1918 436 1958 sacris
460 1926 504 1957 et
528 1918 727 1958 caeteris
748 1918 887 1958 rebus
908 1918 1192 1958 necessariis
1213 1919 1627 1969 locupletarentur.

217 1987 450 2039 Quantam
472 1988 647 2028 inuenit
669 1989 715 2028 in
736 1988 1061 2028 sacerdotibus
1078 1988 1409 2039 ignorantiam,
1429 1995 1653 2040 quantam
1675 2001 1766 2029 mo-

136 2069 238 2098 rum
260 2059 634 2109 peruersitatem,
659 2064 883 2110 quantam
905 2058 1101 2110 denique
1129 2058 1436 2099 offensionum
1463 2060 1663 2110 copiam,
1687 2060 1770 2099 Vix

136 2129 292 2169 uerbis
323 2130 544 2180 consequi
567 2141 768 2180 possem.
808 2129 1056 2170 Caeterum
1078 2129 1230 2170 Patris
1261 2136 1305 2170 et
1332 2141 1474 2181 opera
1505 2136 1550 2170 et
1573 2130 1768 2170 consilio

136 2200 267 2239 multi
298 2200 567 2240 sacerdotes
588 2200 794 2240 animum
817 2212 843 2239 a
878 2200 1004 2240 uitiis
1036 2207 1080 2240 et
1115 2201 1433 2251 voluptatibus
1455 2200 1764 2250 abduxerunt,

135 2278 180 2309 et
197 2271 254 2310 ad
275 2270 460 2321 pietatis
482 2271 634 2311 studia
655 2272 1008 2321 transtulerunt;
1032 2271 1206 2311 caeteri
1227 2271 1421 2322 polliciti
1442 2278 1550 2311 sunt
1571 2271 1618 2311 in
1638 2271 1765 2311 uiam

136 2353 185 2380 se
206 2341 454 2393 redituros;
487 2348 531 2382 et
560 2343 785 2389 nonnulli,
824 2343 1010 2382 omissis
1031 2343 1155 2382 uitae
1188 2343 1446 2382 rationibus
1476 2342 1769 2392 inueteratiS,

133 2412 317 2462 publice
338 2412 457 2452 inter
493 2413 871 2461 sacrificandum,
903 2413 1136 2453 uberrime
1170 2413 1349 2463 flentes,
1382 2412 1763 2453 contenderunta

133 2482 229 2522 suis
249 2484 463 2533 paroecis
485 2491 534 2524 ut
556 2491 750 2534 peccata
770 2484 1065 2535 fraudesque,
1097 2484 1326 2535 proximis
1347 2484 1635 2534 temporibus
1656 2496 1762 2523 con-

135 2559 311 2604 ceptas,
334 2554 420 2593 sibi
452 2555 786 2595 condonarent.
818 2554 893 2595 Ad
924 2556 1041 2595 haec
1067 2555 1241 2594 Rector
1275 2555 1321 2595 in
1356 2555 1573 2606 proxima
1601 2565 1762 2594 censu-

131 2636 185 2663 ra
207 2622 237 2674 ⁵,
261 2636 366 2664 cum
388 2625 501 2665 satis
523 2626 815 2677 exploratam
837 2626 1029 2666 haberet
1049 2638 1232 2666 morum
1258 2626 1542 2678 prauitatem
1572 2632 1615 2666 et
1638 2626 1761 2665 uitae

187 2807 198 2827 ¹
238 2806 387 2841 Scilicet,
404 2808 443 2834 de
459 2809 689 2836 eonscientiae
704 2809 851 2843 casibus,
867 2813 901 2836 ut
918 2810 990 2843 ipse
1004 2809 1139 2836 Bordon
1153 2810 1273 2837 statim
1288 2810 1337 2837 ait
1352 2809 1461 2843 magis
1476 2815 1511 2835 se
1533 2809 1698 2835 communi
1714 2809 1761 2834 lo-

133 2855 255 2888 quendi
267 2855 342 2882 usui
357 2855 626 2883 accommodans.

184 2901 198 2921 2
235 2901 383 2935 joannes
399 2902 603 2937 Campeggi.

185 2948 199 2968 5
235 2948 532 2982 Informationem
548 2949 701 2984 intellige
716 2951 756 2977 de
776 2955 870 2978 statu
892 2952 1152 2986 parochiarum,
1175 2959 1259 2985 quas
1285 2952 1504 2986 visitaverat,
1527 2959 1546 2978 a
1569 2952 1605 2978 P.
1629 2951 1766 2978 Palmio-

135 2996 325 3024 consectam
340 2999 374 3023 et
389 2995 558 3030 Episcopo
574 2997 736 3025 oblatam.
