2020 3342
311 273 382 310 416
822 271 1046 307 LITTERAE
1073 280 1430 313 QUADfflMEsraes

314 381 457 419 mens,
490 375 539 408 ut
567 368 691 408 nulla
720 368 765 407 ui
796 379 822 406 a
850 366 982 406 nobis
1010 365 1254 405 uideantur
1283 378 1419 417 posse
1446 367 1597 417 auelli,
1630 379 1747 419 quos
1775 368 1934 408 diuina

312 439 649 490 ineffabilisque
678 437 852 478 Christi
885 437 1039 487 gratia
1072 448 1128 476 ac
1159 437 1364 476 charitas
1395 437 1586 477 stabiles
1619 438 1665 478 in
1695 439 1933 490 proposito

312 514 432 552 bono
454 510 595 550 faciat
616 510 881 560 persistere.

390 582 536 633 Super
556 581 672 620 haec
701 580 857 619 omnia
885 579 1010 619 dictu
1032 585 1101 619 est
1128 579 1339 618 mirabile
1367 585 1653 631 quantopere
1679 581 1812 620 nobis
1840 582 1929 633 ple-

309 656 379 694 bis
401 653 581 692 animos
608 650 867 691 conciliarit
894 650 994 702 opis
1014 649 1234 689 ferendae
1256 650 1459 690 studium
1483 650 1568 700 his,
1593 651 1672 702 qui
1691 651 1738 691 in
1759 652 1932 692 ultimis

310 734 415 765 sunt
437 722 689 763 constituti:
708 722 779 761 his
801 721 956 771 etiam,
976 721 1052 772 qui
1074 721 1120 761 in
1143 732 1333 761 carcere
1354 721 1498 761 uincti
1515 729 1832 773 asseruantu1·‚
1856 723 1931 763 do-

310 796 492 835 minicis
519 794 679 833 diebus
715 792 853 832 Pater
889 792 1075 843 quidam
1104 804 1161 831 ex
1190 792 1363 831 nostris
1394 793 1689 843 euangelium
1724 794 1928 844 exponit:

311 868 465 917 itaque
487 865 532 904 in
554 864 667 913 dies,
691 863 849 902 diuina
870 863 1192 902 misericordia
1215 863 1468 914 aspirante,
1494 863 1833 914 proficientium
1855 876 1930 904 au-

308 944 444 987 getur
470 946 703 984 numerus,
737 945 791 973 ac
819 933 1050 973 Dominus
1081 945 1163 985 per
1193 945 1354 973 seruos
1383 945 1491 973 suos
1517 934 1810 984 magnificari
1839 948 1932 976 non

306 1002 603 1058 dedignatur.
627 1005 787 1046 Solum
808 1004 936 1044 deest
957 1010 1005 1043 ut
1027 1010 1069 1043 et
1096 1004 1194 1056 ipse
1216 1005 1372 1055 plures
1396 1004 1442 1044 in
1463 1016 1595 1045 suam
1615 1005 1800 1046 vineam
1823 1018 1931 1058 ope-

310 1079 462 1119 rarios
482 1078 665 1117 mittere
686 1076 810 1123 uelit,
835 1075 1021 1126 quando
1043 1076 1207 1115 messis
1228 1082 1297 1115 est
1318 1081 1413 1115 tam
1433 1076 1583 1126 plena.

386 1149 461 1189 Ad
485 1150 599 1188 haec
621 1148 764 1187 multa
786 1146 877 1185 alia
900 1146 1129 1186 accedunt
1150 1146 1409 1197 spiritualia
1431 1147 1636 1197 negotia,
1660 1148 1826 1199 quibus
1850 1149 1928 1189 im-

306 1220 452 1273 pliciti
491 1225 664 1270 patres,
707 1217 787 1256 uix
826 1216 939 1267 ipsis
978 1216 1211 1267 respirare
1246 1223 1398 1256 uacat.
1437 1216 1741 1269 Omnipotens
1776 1226 1930 1260 autem

306 1292 451 1341 Deus,
475 1290 534 1330 ad
556 1290 642 1329 hos
663 1300 747 1339 pro
768 1287 953 1327 nomine
975 1285 1072 1337 ejus
1093 1287 1277 1326 labores
1298 1288 1595 1338 tollerandos,
1615 1288 1790 1329 affatim
1807 1290 1930 1330 uires

305 1362 494 1411 sufficit,
525 1371 641 1412 quas
670 1369 854 1409 semper
881 1359 1158 1408 largiturum
1188 1357 1482 1409 confidimus,
1513 1358 1621 1399 dum
1650 1360 1696 1399 in
1723 1361 1929 1401 eiusdem

306 1431 601 1484 adimplenda
623 1430 864 1469 voluntate
886 1429 1312 1480 perdurauerimus:
1337 1430 1424 1469 hoc
1449 1438 1603 1470 autem
1631 1431 1782 1483 magis
1802 1432 1930 1473 Tuae

305 1505 404 1545 Pstis
427 1502 643 1555 precibus
663 1500 952 1551 fratrumque
974 1511 1029 1539 ac
1050 1499 1241 1539 Patrum
1260 1500 1428 1540 ibidem
1444 1501 1767 1553 habitantium,
1791 1514 1929 1554 quam

306 1575 479 1616 nostris
500 1573 606 1613 freti
627 1571 803 1611 uiribus
825 1570 1036 1610 obtinere
1058 1583 1084 1609 a
1106 1569 1207 1610 Deo
1230 1582 1486 1621 speramus.

384 1645 454 1686 De
475 1643 697 1684 fratribus
725 1649 880 1681 autem
908 1641 996 1681 hoc
1025 1641 1202 1692 accipe:
1234 1649 1339 1681 octo
1369 1642 1442 1682 hic
1465 1654 1581 1691 esse,
1612 1655 1808 1695 quorum
1836 1651 1930 1685 tres

304 1715 692 1757 instituendorum
714 1723 966 1764 puerorum
987 1712 1111 1751 haud
1133 1722 1275 1762 segne
1304 1724 1472 1753 munus
1492 1722 1811 1765 susceperunt,
1835 1722 1928 1756 tres

304 1788 462 1827 itidem
496 1797 589 1826 non
624 1783 951 1834 poenitendam
987 1783 1133 1822 literis
1168 1794 1359 1834 operam
1393 1793 1582 1834 nauant,
1618 1785 1780 1837 reliqui
1814 1797 1926 1826 uero

304 1859 502 1898 aliarum
522 1867 677 1896 rerum
698 1854 757 1894 ad
779 1853 964 1894 domum
983 1854 1294 1905 spectantium
1312 1866 1471 1894 curam
1488 1863 1671 1906 gerunt,
1690 1857 1782 1908 qui,
1802 1856 1926 1897 dictu

305 1930 488 1978 mirum,
521 1932 695 1978 quanta
719 1923 970 1965 concordia
992 1930 1258 1976 quantaque
1280 1925 1510 1966 charitate
1536 1927 1750 1978 copulati,
1774 1927 1821 1967 in
1842 1939 1927 1968 sua

304 1999 552 2039 uocatione
573 1997 841 2048 persistant,
862 2002 1128 2046 quantaque
1146 1996 1509 2046 promptitudine
1526 1997 1815 2038 obedientiae
1833 2009 1925 2038 mu-

303 2072 377 2110 nia
401 2075 646 2121 peragant,
680 2068 724 2106 in
747 2066 960 2106 omnibus
988 2067 1241 2118 praepositi
1268 2067 1340 2106 sui
1368 2068 1558 2107 arbitrio
1586 2079 1635 2108 se
1662 2069 1926 2109 submitten-

301 2148 387 2188 tes,
411 2150 594 2191 semper
615 2149 773 2178 secum
791 2144 1061 2188 reputantes
1082 2137 1322 2177 meliorem
1344 2150 1445 2178 esse
1467 2139 1777 2179 obedientiam
1797 2140 1926 2180 uicti-

303 2212 404 2261 mis,
428 2211 586 2262 sicque
607 2210 653 2248 in
683 2208 894 2248 omnibus
925 2218 1027 2247 sese
1057 2208 1116 2247 ad
1142 2208 1263 2248 ultra
1293 2209 1636 2259 procedendum
1664 2216 1824 2250 mutuo
1851 2209 1927 2250 ad-

304 2284 576 2328 hortantur,
609 2287 658 2319 ut
685 2279 954 2330 neutiquam
983 2277 1071 2318 Dei
1104 2279 1308 2329 gratiam
1338 2279 1384 2319 in
1415 2280 1568 2331 aliquo
1599 2280 1795 2320 otiosam
1825 2292 1926 2321 essc

300 2352 511 2393 iudicare
546 2350 648 2402 quis
678 2350 839 2401 possit.
878 2348 1050 2389 Diuina
1080 2349 1258 2389 utinam
1289 2351 1366 2390 illa
1396 2350 1691 2401 prouidentia
1721 2352 1926 2392 omnium

300 2429 513 2463 nostrum
535 2421 712 2472 coeptis
733 2428 871 2472 atque
893 2421 1137 2460 conatibus
1153 2421 1363 2471 aspirare
1384 2433 1475 2460 non
1493 2422 1701 2471 desistat,
1724 2423 1834 2474 quin
1848 2435 1924 2474 po-

304 2495 396 2534 tius
426 2494 484 2533 ad
518 2493 719 2533 maiores
747 2503 839 2531 non
866 2491 1158 2542 dedignetur,
1190 2503 1274 2542 pro
1302 2503 1386 2531 sua
1417 2492 1636 2533 ineffabili
1662 2494 1922 2545 clementia,

303 2576 389 2605 nos
408 2564 667 2616 prouehere
688 2563 901 2611 virtutes,
927 2573 1018 2613 quo
1041 2561 1317 2602 effusissima
1339 2574 1422 2602 sua
1441 2563 1785 2614 magnificentia
1805 2575 1923 2604 mor-

304 2635 473 2676 talibus
495 2634 705 2673 omnibus
734 2633 1009 2681 innotescat,
1040 2644 1094 2672 ac
1122 2644 1205 2683 pro
1234 2634 1321 2672 hoc
1353 2633 1677 2673 incessanter¹
1706 2635 1794 2686 ipsi
1819 2645 1924 2685 gra—

305 2707 394 2746 tias
415 2711 572 2756 agant.
769 2690 774 2694 ¹

384 2776 634 2826 Hucusque
652 2775 706 2814 de
722 2773 911 2813 Patrum
929 2786 983 2814 ac
1000 2774 1197 2814 fratrum
1215 2775 1463 2824 exercitiis,
1484 2787 1606 2815 nunc
1624 2776 1680 2815 de
1701 2775 1787 2824 his,
1807 2787 1926 2828 quae

307 2848 365 2887 ad
385 2846 642 2887 studiorum
673 2845 858 2894 linguae
889 2845 1059 2884 latinae
1090 2845 1319 2884 rationem
1340 2853 1568 2896 spectant,
1600 2847 1761 2897 paucis
1790 2846 1841 2886 T.
1872 2846 1922 2886 Ρ.

306 2917 521 2968 accipiat.
548 2916 605 2956 Et
632 2916 779 2967 primo
809 2915 863 2954 de
890 2926 1083 2954 numero
1111 2915 1512 2966 scholasticorum,
1546 2928 1681 2967 quem
1711 2923 1924 2957 centena·

361 3080 370 3100 ⁴
408 3078 478 3104 Hoc
494 3078 635 3103 verbum
650 3080 700 3103 est
717 3077 872 3108 deletum,
891 3081 923 3103 et
938 3077 1008 3109 ejus
1025 3077 1096 3103 loco
1111 3076 1178 3103 alia
1195 3083 1312 3103 manus
1327 3076 1463 3109 scripsit
1476 3077 1649 3103 continue.
