2020 3342
292 227 362 266 332
786 228 1011 266 LITTERAE
1036 238 1392 272 QUADRIMESTRES

374 325 535 367 Obiter
555 332 710 366 tamen
733 325 885 366 dicam
906 325 1014 376 quid
1036 325 1302 377 requirebat
1322 324 1424 366 Rex
1445 338 1472 368 a
1492 325 1645 366 nobis:
1675 330 1724 366 ut
1754 325 1911 366 uideli-

293 404 381 447 cet,
420 396 623 437 eiusdem
657 396 928 436 monasterii
962 396 1093 436 bonis
1133 395 1339 447 Collegio
1378 395 1606 447 Pragensi
1646 396 1909 448 applicatis,

294 468 545 519 Pragensis
580 467 750 508 Rector
786 472 972 507 curaret
1005 467 1187 507 uisitari
1218 467 1306 508 hoc
1342 467 1676 508 monasterium
1714 467 1911 518 singulis

295 539 430 579 annis
450 538 535 589 bis,
559 538 597 578 si
618 544 712 578 tres
734 545 812 578 aut
834 544 1034 590 quatuor
1051 538 1319 578 sacerdotes
1335 538 1504 578 ibidem
1522 537 1722 578 officium
1738 538 1910 589 persol-

295 615 471 658 uentes‚
495 615 540 648 et
561 621 587 648 a
609 609 942 649 citauiensibus
966 607 974 627 ²
998 609 1140 648 oblati
1161 614 1205 648 et
1225 609 1511 660 praesentati
1527 608 1585 649 ad
1602 608 1690 648 hoc
1706 608 1912 648 ministe-

294 680 414 720 rium
434 680 768 731 peragendum,
792 679 882 719 sint
904 679 1072 729 idonei,
1098 678 1299 719 officium
1318 686 1608 730 exequantur
1631 679 1797 728 debite,
1830 679 1909 719 eis-

294 752 490 802 demque
513 750 687 802 aliquid
707 750 828 790 idem
851 749 1022 790 Rector
1043 750 1102 790 ad
1124 749 1442 802 quotidianum
1462 750 1638 790 uictum
1665 750 1913 801 quotannis

296 821 575 862 contribuat.
600 820 646 862 Si
664 827 785 861 tecta
805 822 1076 861 monasterii
1093 821 1324 872 deficiant,
1343 831 1427 872 per
1443 821 1723 861 citauienses
1738 827 1914 861 restau-

296 893 391 933 rari
418 893 514 933 suis
543 893 761 944 expensis
790 904 1006 932 curemus
1035 891 1206 932 Rector
1238 898 1282 932 et
1314 890 1596 944 colle[gium]
1627 891 1662 932 ²:
1695 892 1735 932 si
1763 891 1915 944 paries

295 965 463 1016 aliquis
485 970 673 1004 corruat
703 964 749 1003 in
781 965 1079 1014 monasteri0‚
1112 963 1283 1004 Rector
1314 963 1508 1015 Collegii
1539 962 1791 1014 Pragensis
1821 962 1917 1003 suis

296 1035 511 1087 expensis
531 1041 775 1075 restauret.

374 1105 536 1158 Quoad
548 1106 665 1157 illos,
680 1107 758 1158 qui
775 1107 1020 1147 ecclesiam
1035 1112 1245 1147 nostram
1261 1106 1467 1156 uisitant‚
1483 1105 1655 1146 diuersi
1668 1104 1915 1146 admodum

295 1184 402 1218 sunt
424 1177 648 1229 religione
669 1184 714 1218 et
734 1177 822 1218 fide
846 1184 889 1217 et
911 1178 1139 1218 moribus:
1162 1177 1310 1228 multi,
1334 1176 1469 1217 ualde
1490 1177 1647 1229 quieti,
1680 1176 1846 1217 deuote
1873 1182 1918 1217 et

295 1249 502 1289 modeste
523 1260 572 1289 se
590 1255 777 1299 gerunt,
803 1249 991 1300 quidam
1011 1260 1124 1289 uero
1145 1249 1398 1289 insolenter
1420 1254 1463 1288 et
1485 1259 1590 1288 cum
1611 1247 1816 1288 maximo
1836 1259 1916 1287 no-

299 1326 396 1360 stro
419 1320 641 1371 periculo.
665 1318 816 1362 Semel
839 1320 1009 1360 accidit
1031 1319 1157 1360 Patri
1185 1320 1388 1369 Canisio,
1418 1319 1671 1360 celebranti
1700 1319 1746 1359 in
1773 1318 1918 1359 choro

298 1391 472 1442 templi,
496 1396 545 1431 ut
566 1390 686 1430 inter
707 1390 1066 1431 sacrificandum
1088 1391 1318 1442 lapidibus
1335 1396 1569 1442 peteretur
1584 1401 1668 1441 per
1688 1388 1919 1430 fenestras

299 1462 356 1501 ab
392 1462 643 1502 extraneis.
681 1462 820 1503 Aliud
856 1462 1026 1502 accidit
1061 1462 1195 1502 Mtro.
1235 1462 1450 1502 Cornelio
1484 1460 1520 1501 ³:
1563 1472 1668 1501 curn
1703 1461 1806 1512 ipso
1846 1459 1920 1501 die

297 1531 602 1572 Ascensionis
623 1532 880 1573 celebraret
902 1533 1112 1573 ultimum
1135 1543 1336 1582 sacrum,
1362 1532 1548 1584 quidam
1569 1543 1794 1583 praesens
1815 1543 1919 1572 coe-

299 1604 365 1654 pit
385 1604 595 1644 boemice
616 1604 842 1645 clamare:
864 1603 1006 1655 “Quid
1025 1615 1133 1644 oras
1151 1610 1345 1653 tantum,
1365 1603 1474 1655 quid
1491 1614 1615 1652 oras,
1634 1614 1739 1644 cum
1756 1602 1920 1643 uideas

301 1680 345 1715 te
367 1675 433 1715 ire
455 1675 514 1714 ad
534 1675 807 1723 infernum?„
832 1674 948 1715 Cum
970 1680 1125 1715 autem
1147 1673 1161 1693 ‘²
1182 1681 1398 1726 pergeret
1415 1674 1640 1725 Magister
1657 1673 1915 1723 Cornelius,

301 1757 387 1786 nec
409 1745 726 1797 responderet,
751 1746 932 1786 accedit
962 1747 1036 1786 ille
1064 1746 1121 1786 ad
1152 1747 1314 1794 altare,
1344 1746 1524 1786 eleuato
1551 1756 1708 1796 pugno
1736 1744 1922 1785 uolebat

302 1828 408 1857 eum
435 1824 608 1868 petere,
646 1817 824 1857 dicens:
864 1817 990 1857 “Non
1020 1817 1131 1857 mihi
1167 1817 1462 1868 respondes?„
1496 1815 1703 1868 Cumque
1734 1815 1922 1868 quidam

301 1895 526 1939 nostrum,
551 1889 629 1940 qui
650 1889 820 1929 missae
841 1889 1150 1937 ministrabat,
1175 1888 1360 1940 Gaspar
1381 1887 1584 1938 Grigher
1607 1886 1635 1937 5,
1660 1898 1765 1927 eum
1791 1887 1922 1927 redu-

303 1971 408 2000 cere
431 1967 695 2009 conaretur,
720 1960 867 2012 inquit
889 1960 987 2000 ille:
1025 1960 1119 2000 “uis
1145 1971 1247 2000 eum
1276 1959 1566 2007 defendere?„
1599 1958 1922 2010 nitebaturque

302 2032 515 2072 eumdem
534 2031 795 2083 Gasparem
816 2030 830 2050 ⁶
851 2038 1109 2083 percutere.
1140 2031 1318 2071 Verum
1346 2037 1461 2071 nutu
1486 2030 1643 2070 diuino
1671 2030 1789 2070 alius
1817 2040 1922 2070 eum

304 2103 500 2143 retraxit
521 2103 717 2142 inuitum
740 2109 871 2142 extra
898 2104 1136 2154 templum.
1170 2102 1316 2152 Haec,
1349 2102 1488 2142 Pater
1518 2101 1594 2152 mi,
1628 2101 1756 2151 fiunt,
1789 2112 1920 2152 prae-

306 2180 434 2213 sente
456 2181 609 2214 tamen
641 2173 782 2224 Rege,
816 2174 859 2214 in
893 2174 1096 2214 ciuitate.
1131 2173 1275 2223 Haeo,
1308 2173 1512 2224 inquam,
1545 2178 1649 2212 sunt
1677 2170 1920 2223 principia.

306 2244 443 2284 Faxit
466 2243 592 2285 Deus
613 2256 694 2296 per
716 2256 849 2285 suam
871 2244 1239 2285 misericordiam
1267 2250 1331 2293 ut,
1365 2244 1535 2295 spretis
1565 2241 1828 2283 huiusmodi
1858 2241 1926 2281 in-'

357 2476 365 2495 ⁴
406 2476 646 2503 monasterium
663 2477 845 2512 oybinense
862 2484 963 2510 prope
981 2476 1137 2510 oppidum
1153 2476 1267 2502 Zittau
1283 2475 1385 2502 situm
1401 2479 1486 2502 erat.

355 2524 368 2542 ·.›
406 2523 521 2550 Verba
534 2524 618 2550 haec
634 2524 761 2551 Rector
777 2526 809 2550 et
824 2524 1027 2557 collelgium]
1044 2523 1148 2550 tertia
1163 2523 1330 2557 quaedam
1345 2530 1463 2550 manus
1478 2521 1723 2557 superaddidit.

357 2570 371 2590 3
412 2571 443 2598 Ρ.
458 2571 633 2598 Cornelius
648 2571 906 2605 Broghelmans.

359 2620 373 2639 4
411 2619 507 2645 Prius
529 2620 693 2653 scriptum
715 2623 790 2645 erat
814 2618 896 2645 Cum
918 2619 1070 2651 atcl[em],
1094 2617 1152 2644 sed
1175 2617 1389 2645 emendatum
1411 2621 1462 2645 est
1490 2619 1532 2645 ab
1558 2618 1641 2652 ipso,
1661 2620 1698 2644 ut
1719 2616 1868 2652 videtur,
1889 2617 1925 2644 li·

306 2668 434 2695 brasio·

359 2715 372 2734 5
409 2714 473 2747 Sic;
491 2714 577 2741 hunc
594 2720 705 2741 tamen
721 2714 914 2748 Caspasum
930 2715 1071 2747 Konger
1086 2715 1236 2748 appellat
1253 2713 1365 2741 Boeao
1378 2713 1410 2740 in
1430 2712 1507 2740 Vita
1520 2712 1576 2740 del
1588 2712 1629 2739 Β.
1643 2712 1761 2739 Pietro
1776 2710 1929 2739 Canisio.

306 2763 363 2790 lib.
380 2770 412 2794 11.
429 2762 447 2797 ἓ
462 2769 557 2796 xx1115
574 2767 606 2789 et
623 2763 758 2789 videtur
774 2762 829 2789 ille
846 2770 928 2794 esse,
948 2763 1002 2796 qui
1018 2770 1037 2789 a
1054 2762 1213 2793 Semnoi„
1230 2763 1250 2788 l.
1266 2769 1305 2794 c..
1323 2769 1353 2788 n.
1368 2761 1411 2794 27,
1429 2761 1553 2788 dicitur
1570 2760 1755 2794 Gasparus
1775 2759 1930 2792 Konger,

308 2810 490 2838 Carniolus
506 2810 890 2837 Labacensz'5.—Eritne
907 2810 1041 2837 tandem
1058 2810 1110 2836 hie
1127 2811 1181 2837 ille
1200 2809 1381 2843 Gasparus
1397 2809 1550 2842 Krieger
1567 2808 1795 2840 Lahacensz's,
1809 2806 1849 2834 de
1864 2813 1928 2840 quo

308 2858 587 2888 BRAUNSBERGER,
605 2859 624 2884 1.
638 2864 677 2889 c.,
693 2865 771 2891 pag.
786 2858 847 2890 457,
864 2862 980 2884 annot.
994 2858 1019 2890 3,
1041 2862 1074 2884 et
1094 2865 1152 2884 nos
1168 2858 1198 2884 in
1220 2857 1370 2884 Pom-Nm
1392 2856 1568 2888 Clzromco‚
1583 2860 1605 2883 t.
1627 2863 1674 2887 1v.
1695 2862 1775 2890 pag.
1794 2853 1856 2887 237,
1873 2859 1931 2880 an-

307 2910 375 2932 not.
390 2905 416 2937 3.
433 2913 474 2932 ex
489 2905 560 2939 ipso
583 2905 842 2938 Braunsberger
866 2904 1266 2938 exscribentes?-Atque
1287 2905 1340 2931 hic
1363 2905 1453 2931 locus
1474 2908 1524 2931 est
1544 2902 1744 2931 emendandi
1765 2907 1928 2930 errorem.

308 2954 362 2986 qui
379 2952 410 2979 in
430 2952 552 2979 Cartas
568 2952 610 2978 de
626 2952 696 2978 San
712 2951 867 2984 Jgnacz‘o,
882 2958 908 2978 t.
928 2959 972 2983 vx,
990 2959 1066 2986 pag.
1082 2952 1140 2985 133,
1158 2956 1271 2978 annot.
1286 2952 1312 2984 9,
1329 2952 1477 2986 irrepsit:
1494 2959 1557 2978 non
1579 2951 1667 2977 enim
1687 2949 1773 2976 alius
1792 2952 1844 2975 est
1864 2947 1927 2974 Ga-

308 3006 395 3034 spar
409 3000 562 3033 Konger,
576 3000 662 3027 alius
680 2999 864 3026 Carm‘olus
880 3000 1107 3030 Labacenst's.
1122 3000 1179 3026 sed
1195 3007 1279 3026 unus
1294 2999 1463 3033 idemque.

361 3044 374 3062 ‘³
415 3048 609 3083 Gasparem
625 3047 881 3081 superadditum
899 3048 987 3075 intra
1002 3049 1109 3076 lineas
1125 3048 1185 3075 est.
