2020 3342
288 216 357 255 564
794 217 1017 256 LITTERAE
1044 227 1400 260 QUADRIMESTRES

996 670 1193 726 DLVI

349 905 606 953 Alphonsus
625 904 905 952 Hernandez‚

396 969 467 1008 Ex
484 970 805 1008 commissione
825 971 969 1009 Patris
989 971 1206 1020 Gasparis
1226 972 1406 1020 Loarte,

444 1035 563 1074 Patri
582 1035 747 1083 Jacobo
766 1035 960 1085 Laynez,
982 1037 1178 1076 Vicario.

490 1101 665 1147 Genua,
683 1101 726 1139 31
748 1101 949 1140 Octobris
972 1103 1062 1141 1556
1083 1103 1108 1141 ¹.

1042 1258 1140 1336 ulis

356 1454 622 1496 Admodum
644 1454 743 1496 R.de
766 1455 920 1498 Pater.

356 1526 522 1568 Gratia
543 1531 588 1566 et
609 1537 700 1578 pax
723 1526 911 1578 Christi,
936 1532 1024 1567 etc.

355 1596 623 1638 Inara‘escit
646 1597 815 1648 qm'ppe
831 1597 1020 1637 animus
1036 1609 1185 1648 meus,
1204 1601 1247 1638 et
1264 1598 1326 1638 ad
1343 1598 1525 1638 maiora
1542 1598 1592 1638 in
1606 1598 1705 1638 dies
1721 1610 1748 1638 a
1752 1609 1899 1649 ggre·

274 1669 444 1709 dienda
465 1668 723 1719 excitatur,
744 1668 791 1707 si
807 1668 919 1719 quid
939 1672 1131 1709 strenue
1160 1668 1209 1708 in
1230 1669 1317 1708 lzac
1338 1673 1505 1709 nostra
1534 1669 1797 1709 christiana
1819 1669 1899 1708 mi-

273 1740 376 1781 litia
394 1752 420 1779 a
443 1738 625 1779 nostris
646 1742 837 1790 gestum
858 1739 1050 1790 accipio,
1071 1739 1195 1790 quod
1216 1743 1258 1779 et
1289 1740 1486 1780 caeteris
1507 1740 1783 1791 contingere
1805 1750 1901 1779 non,

272 1810 454 1859 [inolitos
474 1810 593 1860 ideo,
615 1810 834 1861 quamuis
849 1810 1001 1861 parui
1013 1811 1238 1851 momenti
1250 1811 1523 1862 videantur,
1541 1822 1658 1862 qnae
1677 1811 1750 1851 lzic
1770 1823 1798 1850 a
1820 1821 1897 1850 no-

271 1882 340 1922 bis
361 1882 445 1921 lzoc
464 1881 808 1932 quadrimestri
825 1885 930 1922 acta
950 1885 1080 1932 sunt,
1101 1881 1255 1922 literis
1275 1886 1431 1922 tamen
1451 1882 1525 1922 his
1547 1882 1798 1922 exaranda
1820 1892 1894 1921 cu-

272 1953 385 1993 raui
413 1952 742 1993 sanctissimae
771 1953 1054 1993 obedientiae
1073 1953 1228 2004 iussu,
1252 1964 1355 1993 cum
1377 1957 1428 1994 nt
1456 1965 1617 1994 eorum
1639 1952 1897 2000 uoluntati,

273 2024 357 2076 qui
372 2024 434 2064 ad
455 2024 637 2063 maiora
664 2024 1047 2075 inflammantur,
1068 2025 1263 2075 auditis,
1292 2036 1409 2076 qnae
1438 2025 1603 2076 ubique
1632 2023 1848 2075 gentium
1870 2036 1897 2063 a

272 2095 453 2136 nostris
462 2096 614 2147 fiunt„
634 2099 734 2135 tum
755 2106 867 2135 nero
889 2096 1113 2146 maxime,
1134 2099 1186 2136 ut
1203 2096 1535 2136 consuetudini
1552 2095 1801 2136 Societatis
1820 2106 1896 2135 no-

272 2170 402 2207 strae
431 2166 725 2217 satisfecisse
752 2167 1015 2207 uideamur.

351 2237 583 2277 Exordiar
602 2236 760 2287 igitur
774 2237 987 2288 primum
1009 2238 1065 2278 ab
1082 2238 1344 2278 animarum
1365 2239 1590 2290 profectu,
1615 2237 1673 2278 ad
1694 2249 1897 2289 quarum

272 2308 474 2348 salntem
505 2319 640 2348 omne
671 2315 882 2349 nostrum
913 2309 1171 2359 consilium,
1207 2309 1409 2349 studium
1437 2315 1575 2361 atque
1605 2309 1895 2360 diligentiam

271 2379 601 2420 conferendam
624 2379 852 2420 ducimus:
875 2380 1067 2430 idcirco,
1089 2380 1243 2432 quoad
1263 2387 1425 2421 nostra
1447 2380 1681 2432 fragilitas
1703 2381 1890 2432 patitur,

270 2450 549 2491 medicinam
576 2450 665 2490 illis
693 2451 925 2491 salubrem
954 2450 1153 2491 nitimur
1180 2450 1363 2502 afferre,
1392 2451 1733 2491 confessionem
1761 2451 1890 2491 nimi-

270 2533 372 2562 rum
407 2532 684 2573 sacramque
715 2521 1075 2572 Eucharistiam,
1111 2521 1169 2562 ad
1199 2534 1339 2574 quam
1373 2522 1645 2562 sumendam
1674 2522 1892 2574 frequens

268 2592 506 2632 hominum
534 2604 588 2632 ac
617 2592 860 2632 mulierum
888 2592 1134 2633 multitudo
1164 2593 1222 2633 ad
1253 2605 1338 2633 nos
1367 2592 1570 2644 confluit,
1604 2600 1701 2634 tam
1732 2592 1893 2633 diebus

267 2662 444 2704 seriatis
471 2675 611 2715 quam
639 2662 783 2713 festis,
816 2663 1280 2715 perfrequentiorque
1315 2664 1385 2714 (ut
1411 2664 1648 2713 existimo)
1685 2664 1891 2715 accedet,

267 2735 390 2786 quod
410 2735 526 2775 haec
554 2734 931 2775 communicandi
957 2735 1234 2787 frequentia,
1265 2741 1372 2776 ante
1403 2735 1653 2776 aduentum
1681 2741 1893 2776 nostrum
1958 2775 1966 2784 ,

267 2817 410 2858 prope
437 2805 661 2855 inaudita,
693 2805 820 2856 viget
859 2805 951 2846 iam
983 2818 1010 2846 a
1043 2807 1347 2858 plurimisque
1381 2806 1621 2858 probatur:
1650 2806 1817 2847 mirum
1846 2806 1893 2848 in

320 2941 330 2963 Ι
369 2941 615 2975 Autographae
631 2940 753 2975 duplici
769 2941 858 2973 folio,
875 2949 929 2969 nu.
947 2941 997 2970 127
1011 2946 1043 2969 et
1060 2942 1121 2970 128.
1136 2941 1207 2970 Eas
1221 2942 1374 2976 integras
1388 2941 1595 2976 exhibemus,
1613 2946 1745 2970 tantum
1757 2942 1892 2970 italicis

265 2990 522 3017 characteribus
537 2989 730 3016 annotando
746 2996 830 3023 quae
845 2996 865 3016 a
881 2989 1027 3017 Polanco
1048 2991 1102 3017 vel
1124 2990 1237 3017 deleta
1257 2990 1312 3017 vel
1333 2994 1465 3016 mutata
1487 2989 1592 3018 suere.
1614 2989 1795 3018 Caeterum
1817 2997 1888 3028 eas,

266 3042 364 3072 prout
380 3044 396 3064 e
414 3036 551 3064 Polanci
566 3036 719 3063 manibus
735 3041 931 3071 evaserunt,
946 3037 1036 3065 infra
1052 3037 1297 3065 exhibebimus.
