2020 3342
171 194 218 230 28
682 192 907 228 LlTTERAE
935 201 1290 233 QUADRnxlESTREs

334 581 582 608 Praecedentes
598 581 712 608 Patris
729 581 871 607 Arne-Idi
890 581 930 607 Hk
943 582 990 607 zci
1007 581 1142 607 litterae
1160 589 1177 607 a
1197 581 1229 606 Ρ.
1248 580 1391 606 Polanco
1407 579 1606 605 emendatae
1622 579 1644 606 ¹.

968 729 987 761 ἢ.

935 765 1031 805 lHS

253 927 352 967 Pax
373 926 545 967 Christi
567 938 673 966 cum
695 926 909 965 omnibus
932 925 1078 964 nobis.

255 997 354 1037 R.d0
385 998 431 1036 in
454 997 639 1037 Christo
657 996 811 1037 Pater.

254 1068 313 1108 Ut
363 1080 464 1108 meo
511 1069 691 1108 muneri
736 1076 935 1119 tuaeque
982 1067 1269 1106 satisfaciam
1320 1065 1551 1106 Voluntati
1573 1097 1579 1114 ,
1637 1063 1799 1115 paucis

173 1138 491 1190 perstringere
514 1139 719 1178 conabor
750 1150 819 1188 ea,
845 1150 962 1190 quae
985 1138 1252 1178 misericors
1283 1135 1511 1176 Dominus
1535 1135 1591 1174 ab
1613 1146 1667 1174 eo
1689 1139 1797 1173 tem-

172 1221 301 1260 pore,
325 1221 414 1260 quo
436 1210 482 1249 in
504 1210 592 1249 hoc
615 1209 784 1261 oppido
812 1210 902 1260 egi,
924 1209 1088 1259 largiri
1118 1209 1337 1259 dignatus
1363 1213 1447 1256 est,
1481 1206 1588 1246 hinc
1617 1215 1798 1256 quoque

173 1281 397 1320 sumendo
419 1281 679 1331 exordium,
711 1280 833 1320 unde
864 1280 1015 1331 primo
1052 1279 1187 1319 huius
1223 1279 1386 1318 uineae
1420 1287 1675 1328 aggressus
1697 1285 1800 1314 sum

172 1352 417 1399 culturam,
438 1351 561 1402 quod
583 1338 768 1402 quidem
788 1350 873 1390 fuit
895 1362 920 1389 a
943 1350 1076 1390 verbi
1096 1349 1239 1389 diuini
1254 1347 1624 1400 praedicatione.

254 1422 568 1462 Concionatus
602 1434 704 1462 sum
739 1422 901 1461 diebus
937 1421 1182 1461 dominicis
1216 1427 1260 1459 et
1293 1419 1475 1459 festivis
1495 1418 1566 1457 bis
1595 1416 1799 1468 quando-

175 1504 278 1544 que,
302 1499 399 1533 tum
415 1494 462 1532 in
482 1494 670 1544 templo,
694 1499 791 1532 tum
814 1493 859 1532 in
883 1499 1054 1539 castro,
1086 1493 1131 1531 in
1150 1490 1403 1541 frequenti
1425 1488 1581 1540 populi
1609 1498 1797 1534 corona,

176 1564 255 1614 qui
275 1575 512 1615 nunquam
533 1570 627 1603 tam
650 1563 788 1603 alieni
808 1563 994 1603 fuerunt
1017 1575 1042 1602 a
1060 1562 1361 1602 concionibus
1378 1559 1636 1606 audiendis,
1660 1568 1800 1609 quam

177 1635 270 1674 iam
290 1634 425 1674 auide
449 1635 506 1674 ad
541 1634 728 1674 easdem
764 1634 995 1674 confluere
1032 1633 1262 1681 uidentur,
1300 1642 1446 1682 usqne
1472 1630 1533 1669 ad
1563 1636 1732 1668 nautas
1758 1631 1802 1667 et

177 1706 379 1745 rusticos
401 1705 613 1757 (quorum
641 1706 758 1745 solet
779 1717 880 1745 esse
913 1705 962 1744 sn
998 1704 1293 1744 concionibus
1322 1713 1495 1752 magna
1527 1698 1713 1749 raritas)
1737 1699 1799 1738 ita

178 1780 229 1815 ut
248 1777 377 1816 locus
404 1777 681 1827 quandoque
709 1788 802 1816 non
832 1775 1035 1827 potuerit
1072 1786 1239 1826 capere
1274 1772 1572 1813 auditorium.
1600 1770 1690 1810 Pro
1712 1771 1800 1809 sin-

176 1847 355 1898 gularis
377 1859 578 1898 namque
608 1848 770 1898 gaudii
801 1847 970 1886 umzcz'o
998 1847 1196 1886 relatum
1222 1845 1306 1884 fuit
1333 1844 1505 1884 Illmae.
1536 1841 1685 1881 Dnae.
1718 1840 1799 1880 Co-

178 1918 384 1958 mitissae
423 1918 571 1969 hujus
601 1918 767 1970 oppidi
791 1919 1060 1968 nonnullos,
1095 1917 1172 1968 qui
1206 1916 1419 1967 neglecto
1461 1913 1617 1953 diuino
1653 1911 1801 1951 officio

176 1994 300 2028 totos
321 1989 419 2028 dies
440 1989 699 2029 dominicos
721 1989 1038 2040 potationibus
1060 1987 1200 2038 (quod
1223 1987 1297 2026 hic
1324 1985 1543 2036 frequens
1569 1983 1652 2032 est)
1681 1982 1803 2022 insu-

178 2071 303 2099 mere
324 2061 488 2107 solent,
512 2060 690 2099 ieiunos
712 2060 804 2099 iam
827 2060 884 2099 ad
903 2059 1173 2099 concionem
1201 2065 1245 2097 et
1275 2057 1523 2096 missarum
1551 2064 1803 2105 properare

179 2131 419 2170 solemnia:
443 2131 550 2170 hinc
572 2137 684 2182 quot
705 2136 898 2182 peccata
921 2142 947 2169 a
968 2130 1124 2169 multis
1142 2129 1290 2177 annis,
1310 2127 1491 2175 timore,
1517 2123 1802 2164 uerecundia

179 2212 234 2240 ac
255 2201 421 2251 supina
449 2200 651 2252 quadam
677 2200 945 2251 ignorantia
973 2199 1206 2240 occultata
1237 2197 1498 2238 confitenda
1529 2194 1801 2246 prodierint,

180 2282 454 2311 enumerare
475 2283 567 2311 non
596 2283 803 2322 possum,
841 2271 961 2311 unde
991 2269 1365 2321 frequentissime
1396 2266 1676 2318 repetendae
1698 2270 1803 2304 sunt

181 2340 512 2382 confessiones:
536 2354 628 2382 non
650 2343 816 2382 desunt
847 2342 925 2393 qui
954 2340 1136 2392 viginti,
1161 2339 1239 2379 alii
1274 2338 1466 2389 triginta
1501 2343 1545 2376 et
1573 2335 1624 2375 40
1656 2346 1804 2375 annos

180 2413 227 2452 in
245 2411 485 2463 adulterio,
510 2413 774 2463 sacrilegio,
797 2412 990 2462 incestu,
1012 2411 1207 2462 aliisque
1224 2408 1570 2449 nefandissimis
1587 2405 1803 2446 luxuriae

181 2483 343 2523 vixere
380 2484 600 2534 peccatis,
643 2483 698 2523 de
737 2483 903 2534 quibus
941 2493 1178 2533 nunquam
1209 2479 1551 2520 confessionem
1576 2477 1801 2525 fecerunt,

183 2554 334 2593 solum
350 2553 440 2593 hoc
460 2565 544 2605 pro
563 2555 865 2594 excusatione
899 2554 1138 2602 habentes,
1177 2551 1301 2602 quod
1331 2551 1422 2589 iam
1445 2549 1634 2589 tandem
1668 2547 1805 2597 vigor

185 2624 460 2664 concionum
481 2631 749 2664 nostrarum
770 2624 1078 2675 frequensque
1100 2633 1261 2662 earum
1282 2621 1531 2660 inculcatio
1562 2618 1806 2669 scrupulos

184 2707 371 2735 mouere
392 2695 558 2746 coepit.
583 2694 703 2735 Hinc
721 2701 790 2734 est
811 2694 933 2746 quod
955 2694 1013 2734 ab
1035 2705 1089 2733 eo
1111 2700 1319 2743 tempore
1342 2703 1431 2743 quo
1453 2691 1528 2730 hic
1548 2701 1674 2738 sum,
1699 2698 1806 2739 quo-

186 2766 296 2805 tsdz'e
331 2766 559 2816 aliquibus
591 2777 616 2805 a
655 2765 947 2805 confessione
984 2765 1063 2814 fui,
1097 2763 1219 2815 quod
1255 2762 1439 2813 quidem
1462 2761 1536 2800 hic
1564 2770 1737 2800 nouum
1763 2764 1807 2798 et

242 2950 250 2968 ¹
289 2949 325 2976 In
342 2948 381 2976 iis
397 2956 447 2983 ea,
464 2955 548 2982 quae
566 2955 823 2982 suppressorum
838 2949 911 2974 loco
924 2947 1099 2974 substituit
1116 2946 1252 2980 propria
1265 2952 1365 2971 manu
1379 2944 1553 2975 Polaticus,
1571 2942 1704 2969 italicis
1716 2941 1808 2976 typis

186 2998 424 3024 describemus
