2020 3342
273 219 344 256 446
788 217 1014 254 LITTERAE
1042 227 1126 260 QUA
1133 225 1400 254 DRIMESTRES

273 321 444 356 mento:
468 315 590 355 hanc
612 320 788 355 attento
811 314 966 354 animo
987 325 1042 353 ac
1064 312 1371 364 indefatigato
1391 312 1570 353 audiuit
1591 313 1649 352 ad
1671 311 1898 351 Plaudite

273 398 433 438 vsque,
458 397 741 438 quamquam
769 390 812 424 et
842 385 971 424 calor
999 390 1188 435 vrgeret
1215 389 1259 424 et
1289 382 1532 423 innumera
1563 383 1700 422 turba
1727 382 1894 422 conflu-

272 458 431 497 xisset.
468 456 571 496 Non
599 455 784 496 defuere
819 454 1174 495 modulatissimi
1208 455 1421 506 variique
1459 459 1626 493 cantus
1661 452 1896 504 perfectae

275 527 480 568 musicae
501 527 746 574 scientiae,
769 532 866 566 tum
897 525 1038 565 etiam
1066 525 1197 565 chori
1223 525 1495 565 saltantium
1528 524 1891 564 adolescentum:

272 599 436 638 domus
456 609 549 637 non
569 603 663 637 tam
686 602 787 636 erat
808 596 984 636 aulaeis
1000 596 1256 647 praeciosis
1276 601 1459 645 ornata,
1478 605 1761 646 quamquam
1776 593 1894 634 haec

270 667 454 708 abunde
474 667 603 718 satis,
628 678 767 718 quam
787 667 1002 707 versibus
1023 666 1193 717 latinis,
1217 666 1419 716 graecis,
1446 665 1728 715 vernaculis,
1749 665 1894 716 pictu-

271 740 335 779 ris
356 739 510 789 etiam,
534 738 658 790 quod
680 738 1004 778 celebrabatur
1026 738 1315 789 mysterium,
1339 736 1740 786 adumbrantibus,
1764 747 1894 787 prae-

271 810 375 849 miis
395 809 547 850 edicto
569 809 784 859 decretis,
807 808 1026 849 tafetanis
1058 808 1205 848 tribus
1232 808 1369 857 vlnis,
1403 807 1597 847 totidem
1623 807 1720 847 rasi
1741 806 1894 856 serici,

277 886 414 931 atque
435 886 659 930 argenteo
680 880 891 920 vasculo.
915 879 986 919 De
1006 879 1079 919 his
1100 879 1228 919 satis.

347 950 544 991 Aestiuo
565 951 653 990 hoc
674 956 883 1002 tempore
907 950 1150 1001 phrenesis
1169 950 1405 990 ciuitatem
1424 949 1544 989 hanc
1566 949 1752 997 inuasit,
1773 954 1894 988 sunt-

270 1033 358 1072 que
380 1033 519 1072 quam
541 1033 623 1072 pro
651 1032 845 1061 numero
873 1022 1029 1072 plures
1057 1021 1156 1060 vita
1184 1019 1411 1060 defuncti:
1448 1020 1568 1059 vnde
1596 1019 1782 1060 assidue
1811 1019 1894 1059 Pa-

270 1097 364 1131 tres
385 1092 537 1131 coacti
558 1097 665 1131 sunt
685 1092 848 1132 audire
871 1091 1204 1141 confessioneS,
1226 1092 1301 1130 vel
1324 1091 1462 1131 morti
1479 1091 1661 1130 vicinos
1683 1091 1893 1130 consola-

268 1163 322 1202 ri.
346 1163 417 1202 Ex
438 1163 611 1202 nostris
633 1163 770 1213 pauci
791 1162 994 1202 febribus
1016 1162 1306 1202 laborarunt:
1340 1162 1525 1203 Christo
1555 1161 1666 1214 Jesu
1695 1161 1889 1212 gratias,

269 1245 431 1273 omnes
452 1234 749 1279 conualuere,
774 1240 913 1285 atque
934 1234 998 1274 ita
1029 1244 1167 1284 quam
1189 1240 1381 1284 possunt
1411 1233 1763 1284 diligentissime
1785 1244 1892 1272 cun-

271 1305 331 1344 cti
354 1316 488 1344 suum
508 1304 710 1345 officium
731 1303 887 1345 facere
909 1304 1110 1354 student,
1134 1311 1229 1343 tam
1251 1304 1297 1343 in
1320 1304 1391 1343 his
1409 1315 1529 1354 quae
1547 1293 1605 1343 ad
1621 1303 1775 1343 studia
1792 1315 1892 1354 spe—

270 1381 413 1425 ctant,
438 1386 576 1426 quam
598 1387 717 1426 quae
740 1374 799 1415 ad
821 1376 999 1426 reliqua
1021 1375 1245 1415 exercitia
1268 1375 1510 1425 spiritalia.

350 1446 533 1487 Octauo
556 1458 738 1498 quoque
761 1447 834 1486 die
857 1446 1018 1486 diebus
1040 1446 1286 1486 dominicis
1309 1447 1591 1486 assertiones
1619 1446 1892 1486 dialecticae

267 1517 574 1557 defenduntur
596 1524 702 1558 ante
725 1517 1015 1567 concionem,
1041 1529 1133 1557 non
1162 1518 1260 1557 sine
1282 1517 1535 1556 astantium
1561 1518 1749 1568 plausu,
1773 1517 1892 1557 inter

266 1600 383 1639 quos
405 1595 512 1628 sunt
534 1594 578 1628 et
607 1582 980 1628 concertantium
1007 1596 1248 1639 parentes,
1278 1588 1376 1638 qui,
1408 1594 1695 1639 quantopere
1722 1588 1769 1627 in
1798 1586 1891 1627 Do-

264 1659 394 1698 mino
417 1659 719 1708 oblectentur,
744 1658 836 1699 dici
861 1670 954 1698 non
975 1664 1144 1710 potest.

346 1729 509 1769 Patres
530 1741 585 1769 ac
606 1729 776 1770 fratres
803 1730 938 1769 huius
966 1730 1202 1781 gymnasii
1230 1729 1463 1769 humiliter
1493 1730 1707 1770 adiuuari
1735 1723 1891 1781 postu-

265 1802 363 1840 lant
385 1800 674 1840 orationibus
695 1801 803 1841 tuis.

344 1870 604 1921 Cordubae,
628 1871 775 1922 pridie
797 1870 1028 1912 Calendas
1049 1870 1335 1923 Septembris
1357 1883 1479 1911 anno
1506 1871 1618 1911 1556.

429 1941 486 1982 D.
510 1941 569 1983 V.
594 1941 642 1981 P.
667 1941 788 1982 filius
811 1942 1031 1993 indignus
1052 1942 1101 1982 Ρ.
1124 1949 1232 1983 tuae
1253 1943 1298 1982 in
1319 1942 1488 1982 Cristo.

482 2013 552 2053 Ex
574 2013 902 2053 commissione
924 2012 1153 2053 Rectoris.

1370 2156 1401 2206 ἦ·
1431 2155 1670 2197 AZEUEDO.
1703 2159 1730 2203 †

347 2370 698 2421 &perscriptio
737 2371 785 2411 in
826 2375 998 2422 quarta
1032 2371 1240 2422 pagina:
1270 2335 1380 2412 IIELIS.
1414 2371 1680 2413 Admodum
1708 2372 1810 2413 R.d⁰
1839 2373 1883 2413 in

266 2440 451 2480 Christo
474 2440 600 2481 Patri
622 2448 782 2482 nostro
805 2441 853 2481 P.
879 2441 997 2481 M.tr0
1017 2441 1199 2493 Ignatio
1230 2454 1256 2481 a
1278 2441 1454 2493 Loyola
1473 2475 1480 2491 ,
1505 2442 1778 2494 Praeposito
1808 2455 1886 2495 ge-

265 2512 411 2551 nerali
432 2510 676 2552 Societatis
697 2512 823 2565 Jesu,
848 2519 935 2553 etc.

344 2581 453 2621 Alsa
492 2594 662 2623 mauu:
695 2583 844 2636 Jesus.
892 2583 1004 2623 1556.
1044 2583 1274 2624 Corduba.
1312 2583 1687 2635 Quadrimestres
1722 2585 1884 2627 Vltimo

266 2651 483 2702 Augusti.

356 2723 616 2774 Vestigium
639 2735 769 2764 cerae
790 2725 961 2776 sigilli.
