2020 3342
811 246 895 283 AN.
926 246 1018 282 1555
1658 246 1729 283 125

101 338 233 390 pueri
253 337 432 378 discere
452 342 719 388 coeperunt,
744 343 794 376 vt
814 336 1031 387 antiquas
1061 347 1178 387 pene
1209 347 1370 375 omnes
1397 335 1657 375 cantilenas
1681 336 1728 375 in

103 408 228 459 piam
248 408 369 448 hanc
385 407 700 447 conuerterint
720 406 983 456 melodiam,
1008 418 1062 446 ac
1082 417 1164 457 per
1185 406 1314 446 uicos
1339 411 1383 445 et
1404 406 1583 457 plateas
1611 405 1729 445 nihil

102 479 200 519 sere
244 478 367 518 aliud
413 484 553 518 noctu
597 477 886 528 interdiuque
931 476 1148 516 audiatur
1195 480 1380 527 praeter
1430 476 1515 515 hos
1562 486 1724 515 sacros

105 550 317 600 hymnos.
343 548 444 599 Quo
465 547 514 588 fit
534 555 585 588 vt
606 554 822 599 parentes
844 547 1046 599 quadam
1076 547 1189 587 tacti
1216 546 1408 586 interius
1429 546 1623 595 laetitia,
1647 546 1724 586 ubi

102 620 219 659 haec
245 619 416 670 uident,
453 619 500 658 in
534 618 714 658 coelum
742 629 906 658 manus
934 618 1162 668 attollant,
1191 616 1387 668 Deique,
1419 628 1554 668 quem
1583 627 1726 657 vnum

100 696 342 730 auctorem
355 689 470 729 tanti
488 689 644 740 operis
657 688 932 739 intelligunt,
948 688 1282 738 benignitatem
1295 699 1589 738 summopere
1605 698 1707 726 com
1719 709 1730 714 -

101 761 334 800 mendent:
357 771 497 812 porro
519 759 799 799 laudabilem
819 759 906 798 hoc
928 759 1330 798 informandorum
1352 769 1602 809 puerorum
1633 764 1729 797 stu-

100 831 229 871 dium
245 831 397 882 coepit
414 831 507 871 iam
523 831 570 870 in
586 830 863 882 quibusdam
879 830 1013 869 huius
1031 830 1207 869 insulae
1225 829 1507 879 ciuitatibus,
1531 828 1595 867 ita
1619 827 1727 867 Pro-

101 912 227 952 rege,
249 913 333 953 per
353 902 511 942 literas
533 901 591 941 ad
613 902 821 953 singulas
842 901 1057 941 ciuitates
1077 901 1261 949 missas,
1288 898 1491 950 jubente,
1524 898 1724 946 institui,

100 973 457 1024 institueturque
479 972 609 1012 breui
629 972 770 1012 etiam
789 972 836 1012 in
869 971 986 1011 aliis.
1009 971 1096 1010 Hic
1113 971 1257 1010 multa
1274 970 1329 1010 de
1346 969 1572 1009 industria
1590 980 1676 1020 pra
1687 980 1729 1008 e-

101 1049 245 1094 tereo,
267 1044 443 1084 ueritus
465 1056 521 1084 ne
549 1044 636 1095 hiS,
660 1055 779 1095 quae
806 1042 918 1083 mihi
947 1042 1142 1082 dicenda
1165 1041 1402 1093 proposui,
1426 1042 1556 1080 locus
1589 1040 1728 1080 desit:

100 1126 246 1166 quare
266 1126 532 1166 pergamus,
556 1123 601 1154 et
629 1126 747 1166 quae
774 1120 1023 1165 supersunt
1044 1112 1256 1162 dicenda,
1286 1123 1426 1163 quam
1455 1111 1554 1150 fieri
1575 1111 1728 1162 possit

101 1185 391 1235 breuissime,
414 1185 731 1225 absoluamus.

182 1256 392 1307 Quatuor
412 1262 491 1296 aut
513 1256 713 1308 quinque
736 1256 905 1295 fratres
927 1267 985 1295 ex
1005 1255 1092 1304 his,
1122 1254 1287 1305 quibus
1309 1253 1571 1293 doctrinam
1603 1252 1724 1292 chri-

100 1327 304 1367 stianam
332 1326 632 1378 praelegendi
663 1337 775 1366 cura
806 1332 873 1365 est
904 1325 1199 1374 demandata,
1233 1335 1338 1363 cum
1367 1324 1414 1363 in
1445 1322 1723 1375 quibusdam

102 1398 239 1438 huius
259 1398 388 1437 vrbis
409 1397 522 1437 locis
543 1397 738 1448 publicis
759 1397 996 1447 ingentem
1016 1407 1116 1435 esse
1138 1395 1375 1435 hominum
1397 1405 1643 1434 numerum
1660 1394 1725 1433 di*

101 1468 312 1508 lectionis
343 1468 511 1508 affectu
546 1467 985 1516 animaduerterent,
1019 1477 1215 1518 quorum
1244 1471 1423 1505 mentes
1457 1477 1546 1504 non
1583 1463 1722 1504 modo

101 1540 232 1580 uerbi
261 1538 350 1579 Dei
380 1539 481 1579 cibo
509 1551 602 1579 non
627 1538 953 1590 pascebantur,
977 1548 1143 1578 verum
1171 1537 1311 1576 etiam
1342 1536 1460 1576 falsa
1482 1536 1730 1575 circulato-

102 1623 206 1651 rum
222 1610 530 1662 quorumdam
547 1609 776 1660 doctrina,
795 1609 883 1648 illis
899 1609 946 1648 in
962 1608 1090 1658 locis,
1111 1607 1473 1658 deprauatisque
1491 1606 1729 1646 erroribus

103 1682 443 1731 imbuebantur,
468 1680 784 1731 efflagitarunt
806 1679 1106 1719 obnixissime
1129 1691 1155 1718 a
1179 1677 1278 1717 R.d0
1303 1678 1352 1717 P.
1383 1677 1658 1728 Praeposito
1679 1683 1730 1716 ut

103 1764 185 1804 pcr
205 1752 356 1803 ipsum
378 1752 561 1792 illorum
586 1752 823 1791 hominum
841 1750 1106 1802 pectoribus
1127 1750 1322 1789 verbum
1352 1748 1439 1788 Dei
1467 1759 1622 1788 serere
1644 1747 1730 1787 sibi

101 1824 278 1863 liceret:
301 1822 526 1862 satisfecit
550 1822 597 1862 P.
623 1822 922 1873 Praepositus
943 1821 1030 1872 piis
1052 1821 1235 1860 illorum
1256 1820 1391 1859 uotis.
1419 1818 1623 1859 Veniunt
1641 1818 1705 1858 ita
1721 1840 1731 1846 —

101 1906 192 1946 que
213 1895 259 1934 in
281 1895 431 1945 ripam
454 1895 609 1943 maris,
634 1895 710 1933 ubi
733 1893 985 1933 latissimus
1006 1898 1075 1931 est
1096 1898 1139 1931 et
1161 1890 1564 1942 frequentissimus
1586 1890 1728 1938 locus,

104 1966 194 2006 huc
222 1966 606 2018 praestigiatores
639 1965 827 2017 quidam
853 1964 982 2004 festis
1005 1963 1166 2002 diebus
1188 1962 1442 2002 conuenire
1464 1962 1628 2011 solent,
1653 1960 1731 2012 qui

102 2037 352 2077 verborum
364 2033 665 2077 lenociniis'et
679 2035 962 2087 praestigiis,
977 2034 1135 2074 nescio
1150 2033 1332 2085 quibus,
1347 2033 1588 2072 hominum
1605 2043 1729 2071 men-

99 2114 172 2148 tes
190 2109 398 2160 perdere,
431 2107 600 2158 perditi
619 2107 712 2147 iam
732 2107 835 2158 ipsi,
858 2106 1058 2146 student.
1081 2104 1185 2144 Hoc
1204 2105 1251 2144 in
1271 2105 1374 2144 loco
1396 2103 1566 2143 diaboli
1594 2103 1731 2142 mini-

101 2179 212 2219 stris
232 2191 335 2219 sese
365 2191 423 2219 ex
453 2179 653 2219 aduerso
681 2183 970 2230 opponentes
998 2175 1171 2217 Christi
1198 2175 1365 2225 coloni,
1397 2185 1592 2225 coepere
1621 2185 1727 2213 ver-

102 2250 211 2290 bum
227 2250 315 2290 Dei
335 2262 506 2290 serere.
529 2250 599 2290 En
620 2255 871 2289 accurrunt
891 2247 1093 2299 undique
1113 2246 1324 2287 homines
1346 2246 1456 2285 solis
1478 2245 1726 2285 circulato-

102 2321 230 2361 ribus
250 2321 339 2361 illis
370 2320 559 2361 relictis:
588 2321 789 2372 primum
815 2318 1000 2372 quidem
1027 2318 1093 2358 rei
1119 2318 1390 2367 nouitatem,
1423 2315 1720 2367 postmodum

103 2399 258 2432 autem
278 2404 410 2432 suam
431 2392 659 2432 mirantur
679 2391 939 2438 stultitiam,
963 2401 1018 2429 ac
1040 2388 1208 2429 deflent
1229 2399 1452 2437 errorem,
1477 2387 1599 2439 quod
1622 2398 1730 2437 per-

102 2462 224 2502 ditos
251 2462 355 2502 illos
381 2462 592 2502 homines
619 2462 760 2502 duces
787 2466 1106 2512 sequerentur.
1138 2459 1254 2500 Rem
1280 2459 1401 2499 hanc
1430 2469 1536 2498 cum
1562 2457 1614 2497 R.
1646 2457 1727 2497 Pr.

103 2532 416 2584 Praepositus,
446 2532 504 2573 ad
532 2532 787 2582 Proregem
813 2531 1065 2583 profectus,
1098 2530 1144 2570 in
1165 2541 1269 2570 eam
1294 2529 1504 2569 incidens
1530 2528 1727 2568 mentio-

104 2614 224 2654 nem,
248 2610 503 2654 narrasset,
526 2603 591 2643 ita
612 2603 653 2643 ei
674 2603 758 2643 fuit
780 2608 987 2654 accepta,
1012 2609 1061 2641 ut
1083 2601 1270 2650 diceret,
1294 2600 1342 2640 P.
1366 2600 1640 2651 Praeposito
1658 2611 1729 2638 re-

101 2675 350 2725 spondens.
386 2674 602 2715 “Vtinam
628 2674 776 2714 vestri
803 2674 879 2713 isti
904 2672 1073 2713 fratres
1104 2678 1284 2712 tantam
1306 2671 1362 2711 ab
1392 2671 1480 2710 hac
1502 2670 1615 2710 urbe
1644 2682 1700 2721 pe
1717 2692 1729 2697 -

102 2751 221 2784 stem
243 2745 565 2796 depellerentl„
596 2744 755 2785 Nostri
774 2756 902 2795 vero,
934 2744 997 2783 ita
1024 2743 1207 2782 iubente
1229 2741 1278 2782 P.
1309 2741 1598 2792 Praeposito,
1630 2752 1723 2780 non

102 2815 162 2865 ui,
185 2827 279 2855 non
308 2815 581 2866 maledictis,
612 2827 705 2856 non
726 2815 988 2867 opprobriis
1009 2825 1089 2854 eos
1110 2813 1372 2863 detrudere,
1402 2812 1485 2852 sed
1505 2811 1720 2852 sauciare

102 2885 202 2926 sine
221 2887 412 2926 vulnere
433 2892 676 2927 conantur.
700 2885 816 2927 Cum
836 2885 1022 2937 saepius
1042 2884 1103 2924 ibi
1124 2883 1376 2924 conciones
1400 2883 1491 2922 sint
1512 2882 1719 2932 habitae,

107 2957 307 3007 quadam
328 2964 486 2997 tamen
506 2957 579 2997 die
601 2968 707 2997 cum
727 2956 917 3009 quidam
939 2955 1164 2996 acerrime
1186 2953 1563 3006 reprehenderet,
1588 2965 1643 2992 ac
1665 2953 1723 2992 si-

106 3028 200 3067 mul
220 3027 409 3067 defieret
429 3035 608 3068 tantam
622 3027 862 3068 hominum
879 3026 1209 3077 ignorantiam,
1230 3031 1279 3064 vt
1296 3036 1352 3064 ne
1369 3025 1518 3076 prima
1540 3023 1728 3075 quidem
