<?xml version="1.0" encoding="UTF-8"?>
<!DOCTYPE html PUBLIC "-//W3C//DTD XHTML 1.0 Transitional//EN"
    "http://www.w3.org/TR/xhtml1/DTD/xhtml1-transitional.dtd">
<html xmlns="http://www.w3.org/1999/xhtml" xml:lang="en" lang="en">
 <head>
  <title>
</title>
<meta http-equiv="Content-Type" content="text/html;charset=utf-8" />
  <meta name='ocr-system' content='tesseract 3.04.00' />
  <meta name='ocr-capabilities' content='ocr_page ocr_carea ocr_par ocr_line ocrx_word'/>
</head>
<body>
  <div class='ocr_page' id='page_1' title='image "./litteraequadrime16lain_0015.png"; bbox 0 0 2020 3342; ppageno 0'>
   <div class='ocr_carea' id='block_1_1' title="bbox 886 195 1798 232">
    <p class='ocr_par' dir='ltr' id='par_1_1' title="bbox 886 195 1798 232">
     <span class='ocr_line' id='line_1_1' title="bbox 886 195 1798 232; baseline 0.001 -1"><span class='ocrx_word' id='word_1_1' title='bbox 886 195 956 232; x_wconf 79' lang='grc' dir='ltr'>ΑΝ</span> <span class='ocrx_word' id='word_1_2' title='bbox 1003 195 1092 232; x_wconf 81' lang='grc'><strong>1556</strong></span> <span class='ocrx_word' id='word_1_3' title='bbox 1774 196 1798 232; x_wconf 83' lang='grc'>9</span> 
     </span>
    </p>
   </div>
   <div class='ocr_carea' id='block_1_2' title="bbox 161 290 1799 1612">
    <p class='ocr_par' dir='ltr' id='par_1_2' title="bbox 161 290 1797 625">
     <span class='ocr_line' id='line_1_2' title="bbox 161 290 1796 344; baseline -0.002 -10"><span class='ocrx_word' id='word_1_4' title='bbox 161 294 334 344; x_wconf 60' lang='lat' dir='ltr'>¹&gt;quibus</span> <span class='ocrx_word' id='word_1_5' title='bbox 357 294 387 333; x_wconf 89' lang='lat' dir='ltr'>ii</span> <span class='ocrx_word' id='word_1_6' title='bbox 408 298 529 342; x_wconf 89' lang='lat' dir='ltr'>sunt,</span> <span class='ocrx_word' id='word_1_7' title='bbox 553 291 632 343; x_wconf 91' lang='lat' dir='ltr'>qui</span> <span class='ocrx_word' id='word_1_8' title='bbox 652 302 728 331; x_wconf 89' lang='lat' dir='ltr'>res</span> <span class='ocrx_word' id='word_1_9' title='bbox 747 290 1099 341; x_wconf 85' lang='lat' dir='ltr'>ministeriaque</span> <span class='ocrx_word' id='word_1_10' title='bbox 1118 290 1376 330; x_wconf 87' lang='lat' dir='ltr'>domestica</span> <span class='ocrx_word' id='word_1_11' title='bbox 1393 296 1437 330; x_wconf 85' lang='lat' dir='ltr'>et</span> <span class='ocrx_word' id='word_1_12' title='bbox 1455 290 1584 330; x_wconf 83' lang='lat' dir='ltr'>obire</span> <span class='ocrx_word' id='word_1_13' title='bbox 1606 297 1796 340; x_wconf 78' lang='lat' dir='ltr'>possent</span> 
     </span>
     <span class='ocr_line' id='line_1_3' title="bbox 162 360 1796 413; baseline -0.001 -9"><span class='ocrx_word' id='word_1_14' title='bbox 162 371 215 404; x_wconf 51' lang='lat' dir='ltr'>¹et</span> <span class='ocrx_word' id='word_1_15' title='bbox 236 364 471 413; x_wconf 87' lang='lat' dir='ltr'>deberent,</span> <span class='ocrx_word' id='word_1_16' title='bbox 496 370 539 402; x_wconf 87' lang='lat' dir='ltr'>et</span> <span class='ocrx_word' id='word_1_17' title='bbox 567 362 643 413; x_wconf 86' lang='lat' dir='ltr'>qui</span> <span class='ocrx_word' id='word_1_18' title='bbox 674 361 1048 401; x_wconf 81' lang='lat' dir='ltr'>confessionibus</span> <span class='ocrx_word' id='word_1_19' title='bbox 1080 361 1324 401; x_wconf 90' lang='lat' dir='ltr'>audiendis</span> <span class='ocrx_word' id='word_1_20' title='bbox 1342 361 1447 400; x_wconf 91' lang='lat' dir='ltr'>huic</span> <span class='ocrx_word' id='word_1_21' title='bbox 1482 360 1690 410; x_wconf 76' lang='lat' dir='ltr'>Collegio</span> <span class='ocrx_word' id='word_1_22' title='bbox 1723 362 1796 402; x_wconf 89' lang='lat' dir='ltr'>de-</span> 
     </span>
     <span class='ocr_line' id='line_1_4' title="bbox 162 431 1796 483; baseline -0.001 -9"><span class='ocrx_word' id='word_1_23' title='bbox 162 434 329 474; x_wconf 87' lang='lat' dir='ltr'>·stinati</span> <span class='ocrx_word' id='word_1_24' title='bbox 353 440 500 473; x_wconf 85' lang='lat' dir='ltr'>erant.</span> <span class='ocrx_word' id='word_1_25' title='bbox 525 433 625 483; x_wconf 85' lang='lat' dir='ltr'>Quo</span> <span class='ocrx_word' id='word_1_26' title='bbox 646 431 695 472; x_wconf 90' lang='lat' dir='ltr'>fit</span> <span class='ocrx_word' id='word_1_27' title='bbox 725 438 798 482; x_wconf 89' lang='lat' dir='ltr'>vt,</span> <span class='ocrx_word' id='word_1_28' title='bbox 823 431 1038 483; x_wconf 87' lang='lat' dir='ltr'>quamuis</span> <span class='ocrx_word' id='word_1_29' title='bbox 1068 431 1126 472; x_wconf 86' lang='lat' dir='ltr'>ad</span> <span class='ocrx_word' id='word_1_30' title='bbox 1157 431 1477 472; x_wconf 89' lang='lat' dir='ltr'>confessiones</span> <span class='ocrx_word' id='word_1_31' title='bbox 1499 438 1542 471; x_wconf 93' lang='lat' dir='ltr'>et</span> <span class='ocrx_word' id='word_1_32' title='bbox 1572 432 1796 472; x_wconf 83' lang='lat' dir='ltr'>exercitia</span> 
     </span>
     <span class='ocr_line' id='line_1_5' title="bbox 171 502 1797 556; baseline -0.001 -12"><span class='ocrx_word' id='word_1_33' title='bbox 171 504 430 556; x_wconf 77' lang='lat' dir='ltr'>spiritualia</span> <span class='ocrx_word' id='word_1_34' title='bbox 451 504 669 555; x_wconf 78' lang='lat' dir='ltr'>frequens</span> <span class='ocrx_word' id='word_1_35' title='bbox 690 503 749 542; x_wconf 91' lang='lat' dir='ltr'>sit</span> <span class='ocrx_word' id='word_1_36' title='bbox 767 514 1038 553; x_wconf 90' lang='lat' dir='ltr'>concursus,</span> <span class='ocrx_word' id='word_1_37' title='bbox 1058 502 1330 553; x_wconf 81' lang='lat' dir='ltr'>paucissimi</span> <span class='ocrx_word' id='word_1_38' title='bbox 1347 502 1453 553; x_wconf 91' lang='lat' dir='ltr'>sint,</span> <span class='ocrx_word' id='word_1_39' title='bbox 1474 502 1551 553; x_wconf 90' lang='lat' dir='ltr'>qui</span> <span class='ocrx_word' id='word_1_40' title='bbox 1572 508 1667 542; x_wconf 91' lang='lat' dir='ltr'>tam</span> <span class='ocrx_word' id='word_1_41' title='bbox 1685 504 1797 543; x_wconf 87' lang='lat' dir='ltr'>mul-</span> 
     </span>
     <span class='ocr_line' id='line_1_6' title="bbox 172 573 977 625; baseline -0.002 -11"><span class='ocrx_word' id='word_1_42' title='bbox 172 582 324 615; x_wconf 88' lang='lat' dir='ltr'>torum</span> <span class='ocrx_word' id='word_1_43' title='bbox 345 575 466 614; x_wconf 92' lang='lat' dir='ltr'>uotis</span> <span class='ocrx_word' id='word_1_44' title='bbox 488 574 666 625; x_wconf 89' lang='lat' dir='ltr'>possint</span> <span class='ocrx_word' id='word_1_45' title='bbox 689 573 977 613; x_wconf 81' lang='lat' dir='ltr'>satisfacere.</span> 
     </span>
    </p>

    <p class='ocr_par' dir='ltr' id='par_1_3' title="bbox 161 643 1799 1332">
     <span class='ocr_line' id='line_1_7' title="bbox 252 643 1797 695; baseline -0.001 -11"><span class='ocrx_word' id='word_1_46' title='bbox 252 645 406 695; x_wconf 83' lang='lat' dir='ltr'>Atque</span> <span class='ocrx_word' id='word_1_47' title='bbox 422 645 538 684; x_wconf 90' lang='lat' dir='ltr'>haec</span> <span class='ocrx_word' id='word_1_48' title='bbox 555 645 709 693; x_wconf 86' lang='lat' dir='ltr'>habui,</span> <span class='ocrx_word' id='word_1_49' title='bbox 730 655 847 694; x_wconf 86' lang='lat' dir='ltr'>quae</span> <span class='ocrx_word' id='word_1_50' title='bbox 865 644 922 683; x_wconf 90' lang='lat' dir='ltr'>de</span> <span class='ocrx_word' id='word_1_51' title='bbox 939 655 1094 684; x_wconf 89' lang='lat' dir='ltr'>rerum</span> <span class='ocrx_word' id='word_1_52' title='bbox 1112 650 1379 683; x_wconf 86' lang='lat' dir='ltr'>nostrarum</span> <span class='ocrx_word' id='word_1_53' title='bbox 1397 649 1519 683; x_wconf 90' lang='lat' dir='ltr'>statu</span> <span class='ocrx_word' id='word_1_54' title='bbox 1537 643 1797 693; x_wconf 79' lang='lat' dir='ltr'>generatim</span> 
     </span>
     <span class='ocr_line' id='line_1_8' title="bbox 166 712 1797 765; baseline -0.001 -10"><span class='ocrx_word' id='word_1_55' title='bbox 166 715 421 756; x_wconf 84' lang='lat' dir='ltr'>scribenda</span> <span class='ocrx_word' id='word_1_56' title='bbox 442 715 530 755; x_wconf 91' lang='lat' dir='ltr'>isto</span> <span class='ocrx_word' id='word_1_57' title='bbox 552 721 759 765; x_wconf 90' lang='lat' dir='ltr'>tempore</span> <span class='ocrx_word' id='word_1_58' title='bbox 780 714 1074 763; x_wconf 87' lang='lat' dir='ltr'>uidebantur;</span> <span class='ocrx_word' id='word_1_59' title='bbox 1098 726 1206 754; x_wconf 89' lang='lat' dir='ltr'>nam</span> <span class='ocrx_word' id='word_1_60' title='bbox 1224 714 1279 754; x_wconf 88' lang='lat' dir='ltr'>de</span> <span class='ocrx_word' id='word_1_61' title='bbox 1297 714 1400 753; x_wconf 89' lang='lat' dir='ltr'>aliis</span> <span class='ocrx_word' id='word_1_62' title='bbox 1414 713 1602 763; x_wconf 80' lang='lat' dir='ltr'>nostriS,</span> <span class='ocrx_word' id='word_1_63' title='bbox 1623 712 1678 753; x_wconf 86' lang='lat' dir='ltr'>de</span> <span class='ocrx_word' id='word_1_64' title='bbox 1694 725 1797 764; x_wconf 91' lang='lat' dir='ltr'>pro-</span> 
     </span>
     <span class='ocr_line' id='line_1_9' title="bbox 167 784 1799 836; baseline -0.002 -10"><span class='ocrx_word' id='word_1_65' title='bbox 167 786 309 836; x_wconf 86' lang='lat' dir='ltr'>fectu,</span> <span class='ocrx_word' id='word_1_66' title='bbox 334 786 390 826; x_wconf 88' lang='lat' dir='ltr'>de</span> <span class='ocrx_word' id='word_1_67' title='bbox 412 786 576 825; x_wconf 85' lang='lat' dir='ltr'>studiis</span> <span class='ocrx_word' id='word_1_68' title='bbox 597 785 809 834; x_wconf 82' lang='lat' dir='ltr'>fratrum,</span> <span class='ocrx_word' id='word_1_69' title='bbox 834 784 890 824; x_wconf 90' lang='lat' dir='ltr'>de</span> <span class='ocrx_word' id='word_1_70' title='bbox 911 785 1033 825; x_wconf 91' lang='lat' dir='ltr'>bono</span> <span class='ocrx_word' id='word_1_71' title='bbox 1058 785 1199 825; x_wconf 87' lang='lat' dir='ltr'>odore</span> <span class='ocrx_word' id='word_1_72' title='bbox 1222 784 1494 833; x_wconf 81' lang='lat' dir='ltr'>Societatis,</span> <span class='ocrx_word' id='word_1_73' title='bbox 1529 784 1637 823; x_wconf 89' lang='lat' dir='ltr'>hinc</span> <span class='ocrx_word' id='word_1_74' title='bbox 1669 784 1799 824; x_wconf 86' lang='lat' dir='ltr'>undi-</span> 
     </span>
     <span class='ocr_line' id='line_1_10' title="bbox 170 853 1795 908; baseline -0.001 -12"><span class='ocrx_word' id='word_1_75' title='bbox 170 868 260 908; x_wconf 88' lang='lat' dir='ltr'>que</span> <span class='ocrx_word' id='word_1_76' title='bbox 290 868 478 908; x_wconf 82' lang='lat' dir='ltr'>sparSO,</span> <span class='ocrx_word' id='word_1_77' title='bbox 502 856 784 907; x_wconf 86' lang='lat' dir='ltr'>reliquisque</span> <span class='ocrx_word' id='word_1_78' title='bbox 812 855 856 895; x_wconf 84' lang='lat' dir='ltr'>id</span> <span class='ocrx_word' id='word_1_79' title='bbox 884 867 1056 906; x_wconf 83' lang='lat' dir='ltr'>genus,</span> <span class='ocrx_word' id='word_1_80' title='bbox 1083 862 1125 895; x_wconf 90' lang='lat' dir='ltr'>et</span> <span class='ocrx_word' id='word_1_81' title='bbox 1152 856 1420 907; x_wconf 86' lang='lat' dir='ltr'>frequenter</span> <span class='ocrx_word' id='word_1_82' title='bbox 1447 853 1506 894; x_wconf 85' lang='lat' dir='ltr'>ad</span> <span class='ocrx_word' id='word_1_83' title='bbox 1527 860 1570 894; x_wconf 92' lang='lat' dir='ltr'>te</span> <span class='ocrx_word' id='word_1_84' title='bbox 1598 855 1645 894; x_wconf 92' lang='lat' dir='ltr'>in</span> <span class='ocrx_word' id='word_1_85' title='bbox 1666 865 1795 905; x_wconf 90' lang='lat' dir='ltr'>supe-</span> 
     </span>
     <span class='ocr_line' id='line_1_11' title="bbox 171 924 1798 977; baseline -0.001 -11"><span class='ocrx_word' id='word_1_86' title='bbox 171 927 373 967; x_wconf 86' lang='lat' dir='ltr'>rioribus</span> <span class='ocrx_word' id='word_1_87' title='bbox 407 927 552 967; x_wconf 88' lang='lat' dir='ltr'>literis</span> <span class='ocrx_word' id='word_1_88' title='bbox 586 926 958 977; x_wconf 84' lang='lat' dir='ltr'>perscripsimus3</span> <span class='ocrx_word' id='word_1_89' title='bbox 999 932 1042 966; x_wconf 88' lang='lat' dir='ltr'>et</span> <span class='ocrx_word' id='word_1_90' title='bbox 1076 938 1200 966; x_wconf 91' lang='lat' dir='ltr'>nunc</span> <span class='ocrx_word' id='word_1_91' title='bbox 1234 926 1279 966; x_wconf 86' lang='lat' dir='ltr'>id</span> <span class='ocrx_word' id='word_1_92' title='bbox 1315 927 1464 965; x_wconf 90' lang='lat' dir='ltr'>solum</span> <span class='ocrx_word' id='word_1_93' title='bbox 1495 924 1550 965; x_wconf 88' lang='lat' dir='ltr'>de</span> <span class='ocrx_word' id='word_1_94' title='bbox 1583 925 1798 965; x_wconf 87' lang='lat' dir='ltr'>omnibus</span> 
     </span>
     <span class='ocr_line' id='line_1_12' title="bbox 169 995 1796 1047; baseline -0.002 -9"><span class='ocrx_word' id='word_1_95' title='bbox 169 998 466 1038; x_wconf 83' lang='lat' dir='ltr'>scribendum</span> <span class='ocrx_word' id='word_1_96' title='bbox 497 997 556 1037; x_wconf 87' lang='lat' dir='ltr'>ad</span> <span class='ocrx_word' id='word_1_97' title='bbox 582 1004 626 1037; x_wconf 91' lang='lat' dir='ltr'>te</span> <span class='ocrx_word' id='word_1_98' title='bbox 652 1003 863 1037; x_wconf 86' lang='lat' dir='ltr'>nostrum</span> <span class='ocrx_word' id='word_1_99' title='bbox 893 997 1119 1037; x_wconf 88' lang='lat' dir='ltr'>interesse</span> <span class='ocrx_word' id='word_1_100' title='bbox 1146 997 1435 1047; x_wconf 67' lang='lat' dir='ltr'>existimaui,</span> <span class='ocrx_word' id='word_1_101' title='bbox 1466 1002 1515 1036; x_wconf 91' lang='lat' dir='ltr'>ut</span> <span class='ocrx_word' id='word_1_102' title='bbox 1541 995 1796 1035; x_wconf 90' lang='lat' dir='ltr'>Dominum</span> 
     </span>
     <span class='ocr_line' id='line_1_13' title="bbox 168 1065 1797 1121; baseline -0.001 -13"><span class='ocrx_word' id='word_1_103' title='bbox 168 1069 329 1121; x_wconf 89' lang='lat' dir='ltr'>Jesum</span> <span class='ocrx_word' id='word_1_104' title='bbox 350 1068 517 1108; x_wconf 83' lang='lat' dir='ltr'>obnixe</span> <span class='ocrx_word' id='word_1_105' title='bbox 538 1067 764 1119; x_wconf 87' lang='lat' dir='ltr'>preceris,</span> <span class='ocrx_word' id='word_1_106' title='bbox 789 1068 1213 1108; x_wconf 86' lang='lat' dir='ltr'>obseruandissime</span> <span class='ocrx_word' id='word_1_107' title='bbox 1242 1068 1287 1107; x_wconf 89' lang='lat' dir='ltr'>in</span> <span class='ocrx_word' id='word_1_108' title='bbox 1309 1067 1493 1108; x_wconf 84' lang='lat' dir='ltr'>Christo</span> <span class='ocrx_word' id='word_1_109' title='bbox 1522 1065 1675 1116; x_wconf 83' lang='lat' dir='ltr'>Pater,</span> <span class='ocrx_word' id='word_1_110' title='bbox 1707 1066 1797 1106; x_wconf 90' lang='lat' dir='ltr'>ista</span> 
     </span>
     <span class='ocr_line' id='line_1_14' title="bbox 172 1136 1796 1187; baseline -0.002 -8"><span class='ocrx_word' id='word_1_111' title='bbox 172 1140 327 1179; x_wconf 86' lang='lat' dir='ltr'>omnia</span> <span class='ocrx_word' id='word_1_112' title='bbox 347 1147 509 1179; x_wconf 88' lang='lat' dir='ltr'>nostra</span> <span class='ocrx_word' id='word_1_113' title='bbox 531 1145 627 1178; x_wconf 89' lang='lat' dir='ltr'>tam</span> <span class='ocrx_word' id='word_1_114' title='bbox 647 1138 864 1180; x_wconf 90' lang='lat' dir='ltr'>secundis</span> <span class='ocrx_word' id='word_1_115' title='bbox 885 1139 1039 1178; x_wconf 84' lang='lat' dir='ltr'>uentis</span> <span class='ocrx_word' id='word_1_116' title='bbox 1061 1150 1250 1178; x_wconf 87' lang='lat' dir='ltr'>cursum</span> <span class='ocrx_word' id='word_1_117' title='bbox 1272 1149 1407 1178; x_wconf 90' lang='lat' dir='ltr'>suum</span> <span class='ocrx_word' id='word_1_118' title='bbox 1428 1143 1631 1187; x_wconf 85' lang='lat' dir='ltr'>teneant,</span> <span class='ocrx_word' id='word_1_119' title='bbox 1660 1143 1709 1176; x_wconf 91' lang='lat' dir='ltr'>ut</span> <span class='ocrx_word' id='word_1_120' title='bbox 1738 1136 1796 1177; x_wconf 87' lang='lat' dir='ltr'>ad</span> 
     </span>
     <span class='ocr_line' id='line_1_15' title="bbox 172 1207 1798 1261; baseline -0.002 -11"><span class='ocrx_word' id='word_1_121' title='bbox 172 1211 456 1250; x_wconf 88' lang='lat' dir='ltr'>destinatum</span> <span class='ocrx_word' id='word_1_122' title='bbox 486 1209 731 1250; x_wconf 83' lang='lat' dir='ltr'>Societatis</span> <span class='ocrx_word' id='word_1_123' title='bbox 765 1221 957 1261; x_wconf 88' lang='lat' dir='ltr'>scopum</span> <span class='ocrx_word' id='word_1_124' title='bbox 993 1221 1099 1249; x_wconf 92' lang='lat' dir='ltr'>cum</span> <span class='ocrx_word' id='word_1_125' title='bbox 1134 1221 1316 1249; x_wconf 87' lang='lat' dir='ltr'>summa</span> <span class='ocrx_word' id='word_1_126' title='bbox 1346 1208 1492 1249; x_wconf 88' lang='lat' dir='ltr'>diuini</span> <span class='ocrx_word' id='word_1_127' title='bbox 1527 1207 1719 1247; x_wconf 84' lang='lat' dir='ltr'>honoris</span> <span class='ocrx_word' id='word_1_128' title='bbox 1755 1214 1798 1247; x_wconf 92' lang='lat' dir='ltr'>et</span> 
     </span>
     <span class='ocr_line' id='line_1_16' title="bbox 161 1280 1108 1332; baseline -0.002 -11"><span class='ocrx_word' id='word_1_129' title='bbox 161 1281 348 1332; x_wconf 78' lang='lat' dir='ltr'>gloriae</span> <span class='ocrx_word' id='word_1_130' title='bbox 369 1281 638 1320; x_wconf 82' lang='lat' dir='ltr'>accessione</span> <span class='ocrx_word' id='word_1_131' title='bbox 659 1280 950 1331; x_wconf 85' lang='lat' dir='ltr'>perueniant.</span> <span class='ocrx_word' id='word_1_132' title='bbox 973 1280 1108 1320; x_wconf 86' lang='lat' dir='ltr'>Vale.</span> 
     </span>
    </p>

    <p class='ocr_par' dir='ltr' id='par_1_4' title="bbox 250 1348 1742 1403">
     <span class='ocr_line' id='line_1_17' title="bbox 250 1348 1742 1403; baseline -0.003 -12"><span class='ocrx_word' id='word_1_133' title='bbox 250 1351 320 1391; x_wconf 85' lang='lat' dir='ltr'>EX</span> <span class='ocrx_word' id='word_1_134' title='bbox 342 1352 430 1391; x_wconf 88' lang='lat' dir='ltr'>isto</span> <span class='ocrx_word' id='word_1_135' title='bbox 452 1357 532 1391; x_wconf 92' lang='lat' dir='ltr'>tuo</span> <span class='ocrx_word' id='word_1_136' title='bbox 554 1350 761 1402; x_wconf 85' lang='lat' dir='ltr'>Collegio</span> <span class='ocrx_word' id='word_1_137' title='bbox 783 1350 1102 1402; x_wconf 88' lang='lat' dir='ltr'>Complutensi</span> <span class='ocrx_word' id='word_1_138' title='bbox 1124 1350 1222 1391; x_wconf 88' lang='lat' dir='ltr'>Cal.</span> <span class='ocrx_word' id='word_1_139' title='bbox 1246 1349 1457 1403; x_wconf 87' lang='lat' dir='ltr'>Januarii</span> <span class='ocrx_word' id='word_1_140' title='bbox 1479 1361 1602 1389; x_wconf 89' lang='lat' dir='ltr'>anno</span> <span class='ocrx_word' id='word_1_141' title='bbox 1627 1348 1742 1388; x_wconf 84' lang='grc'><strong>1556.</strong></span> 
     </span>
    </p>

    <p class='ocr_par' dir='ltr' id='par_1_5' title="bbox 384 1421 1395 1612">
     <span class='ocr_line' id='line_1_18' title="bbox 384 1421 585 1461; baseline 0 0"><span class='ocrx_word' id='word_1_142' title='bbox 384 1422 436 1461; x_wconf 87' lang='lat' dir='ltr'>R.</span> <span class='ocrx_word' id='word_1_143' title='bbox 459 1421 508 1461; x_wconf 89' lang='lat' dir='ltr'>P.</span> <span class='ocrx_word' id='word_1_144' title='bbox 533 1421 585 1461; x_wconf 89' lang='lat' dir='ltr'>T.</span> 
     </span>
     <span class='ocr_line' id='line_1_19' title="bbox 488 1492 1338 1542; baseline 0 -10"><span class='ocrx_word' id='word_1_145' title='bbox 488 1493 558 1532; x_wconf 80' lang='lat' dir='ltr'>Ex</span> <span class='ocrx_word' id='word_1_146' title='bbox 580 1492 906 1532; x_wconf 88' lang='lat' dir='ltr'>commissione</span> <span class='ocrx_word' id='word_1_147' title='bbox 931 1492 975 1532; x_wconf 85' lang='grc' dir='ltr'>Ρ.</span> <span class='ocrx_word' id='word_1_148' title='bbox 999 1492 1338 1542; x_wconf 85' lang='lat' dir='ltr'>Emmanuelis,</span> 
     </span>
     <span class='ocr_line' id='line_1_20' title="bbox 701 1562 1395 1612; baseline 0 -10"><span class='ocrx_word' id='word_1_149' title='bbox 701 1563 918 1603; x_wconf 86' lang='lat' dir='ltr'>Minimus</span> <span class='ocrx_word' id='word_1_150' title='bbox 939 1575 1104 1603; x_wconf 84' lang='lat' dir='ltr'>seruus</span> <span class='ocrx_word' id='word_1_151' title='bbox 1124 1564 1169 1603; x_wconf 91' lang='lat' dir='ltr'>in</span> <span class='ocrx_word' id='word_1_152' title='bbox 1193 1562 1395 1612; x_wconf 88' lang='lat' dir='ltr'>Christo,</span> 
     </span>
    </p>
   </div>
   <div class='ocr_carea' id='block_1_3' title="bbox 1258 1704 1500 1745">
    <p class='ocr_par' dir='ltr' id='par_1_6' title="bbox 1258 1704 1500 1745">
     <span class='ocr_line' id='line_1_21' title="bbox 1258 1704 1500 1745; baseline -0.004 0"><span class='ocrx_word' id='word_1_153' title='bbox 1258 1704 1500 1745; x_wconf 77' lang='lat' dir='ltr'>AEGmms.</span> 
     </span>
    </p>
   </div>
   <div class='ocr_carea' id='block_1_4' title="bbox 163 1962 1803 2241">
    <p class='ocr_par' dir='ltr' id='par_1_7' title="bbox 163 1962 1803 2112">
     <span class='ocr_line' id='line_1_22' title="bbox 249 1962 1803 2039; baseline 0 -11"><span class='ocrx_word' id='word_1_154' title='bbox 249 1987 601 2039; x_wconf 51' lang='lat' dir='ltr'>&amp;perscriptio</span> <span class='ocrx_word' id='word_1_155' title='bbox 622 1988 671 2028; x_wconf 79' lang='lat' dir='ltr'>in</span> <span class='ocrx_word' id='word_1_156' title='bbox 694 1991 867 2039; x_wconf 76' lang='lat' dir='ltr'>quarta</span> <span class='ocrx_word' id='word_1_157' title='bbox 886 1988 1092 2039; x_wconf 75' lang='lat' dir='ltr'>pagina:</span> <span class='ocrx_word' id='word_1_158' title='bbox 1113 1962 1226 2029; x_wconf 54' lang='lat' dir='ltr'><strong>IPTIS.</strong></span> <span class='ocrx_word' id='word_1_159' title='bbox 1251 1987 1353 2028; x_wconf 76' lang='lat' dir='ltr'><strong>R.dO</strong></span> <span class='ocrx_word' id='word_1_160' title='bbox 1380 1988 1425 2027; x_wconf 91' lang='lat' dir='ltr'>in</span> <span class='ocrx_word' id='word_1_161' title='bbox 1461 1987 1647 2028; x_wconf 87' lang='lat' dir='ltr'>Christo</span> <span class='ocrx_word' id='word_1_162' title='bbox 1675 1987 1803 2028; x_wconf 86' lang='lat' dir='ltr'>Patri</span> 
     </span>
     <span class='ocr_line' id='line_1_23' title="bbox 163 2056 1797 2112; baseline 0 -14"><span class='ocrx_word' id='word_1_163' title='bbox 163 2056 349 2109; x_wconf 75' lang='lat' dir='ltr'>Ignatio</span> <span class='ocrx_word' id='word_1_164' title='bbox 371 2058 426 2098; x_wconf 87' lang='lat' dir='ltr'>de</span> <span class='ocrx_word' id='word_1_165' title='bbox 444 2060 639 2110; x_wconf 86' lang='lat' dir='ltr'>Loyola,</span> <span class='ocrx_word' id='word_1_166' title='bbox 659 2059 931 2110; x_wconf 88' lang='lat' dir='ltr'>Praeposito</span> <span class='ocrx_word' id='word_1_167' title='bbox 950 2059 1171 2099; x_wconf 91' lang='lat' dir='ltr'>Generali</span> <span class='ocrx_word' id='word_1_168' title='bbox 1188 2058 1438 2099; x_wconf 85' lang='lat' dir='ltr'>Societatis</span> <span class='ocrx_word' id='word_1_169' title='bbox 1458 2059 1584 2112; x_wconf 87' lang='lat' dir='ltr'>Jesu,</span> <span class='ocrx_word' id='word_1_170' title='bbox 1604 2058 1797 2099; x_wconf 86' lang='lat' dir='ltr'>Romae.</span> 
     </span>
    </p>

    <p class='ocr_par' dir='ltr' id='par_1_8' title="bbox 166 2129 1798 2241">
     <span class='ocr_line' id='line_1_24' title="bbox 248 2129 1798 2183; baseline 0.001 -15"><span class='ocrx_word' id='word_1_171' title='bbox 248 2129 359 2169; x_wconf 70' lang='lat' dir='ltr'>Alia</span> <span class='ocrx_word' id='word_1_172' title='bbox 379 2141 541 2169; x_wconf 77' lang='lat' dir='ltr'>manu:</span> <span class='ocrx_word' id='word_1_173' title='bbox 567 2129 680 2170; x_wconf 79' lang='grc'><strong>1555.</strong></span> <span class='ocrx_word' id='word_1_174' title='bbox 706 2130 776 2169; x_wconf 83' lang='lat' dir='ltr'>Ex</span> <span class='ocrx_word' id='word_1_175' title='bbox 798 2130 1108 2181; x_wconf 86' lang='lat' dir='ltr'>complutensi</span> <span class='ocrx_word' id='word_1_176' title='bbox 1125 2130 1323 2180; x_wconf 81' lang='lat' dir='ltr'>collegio</span> <span class='ocrx_word' id='word_1_177' title='bbox 1341 2130 1409 2181; x_wconf 91' lang='lat' dir='ltr'>p.⁰</span> <span class='ocrx_word' id='word_1_178' title='bbox 1424 2129 1651 2183; x_wconf 84' lang='lat' dir='ltr'>Januarii.</span> <span class='ocrx_word' id='word_1_179' title='bbox 1675 2129 1798 2180; x_wconf 87' lang='lat' dir='ltr'>Qua-</span> 
     </span>
     <span class='ocr_line' id='line_1_25' title="bbox 166 2200 674 2241; baseline 0 -1"><span class='ocrx_word' id='word_1_180' title='bbox 166 2200 456 2240; x_wconf 81' lang='lat' dir='ltr'>drimestres.</span> <span class='ocrx_word' id='word_1_181' title='bbox 482 2201 674 2241; x_wconf 89' lang='lat' dir='ltr'>Emend.</span> 
     </span>
    </p>
   </div>
   <div class='ocr_carea' id='block_1_5' title="bbox 261 2271 866 2322">
    <p class='ocr_par' dir='ltr' id='par_1_9' title="bbox 261 2271 866 2322">
     <span class='ocr_line' id='line_1_26' title="bbox 261 2271 866 2322; baseline 0.002 -13"><span class='ocrx_word' id='word_1_182' title='bbox 261 2271 522 2322; x_wconf 75' lang='lat' dir='ltr'>Vestigium</span> <span class='ocrx_word' id='word_1_183' title='bbox 543 2282 675 2311; x_wconf 75' lang='lat' dir='ltr'>cerae</span> <span class='ocrx_word' id='word_1_184' title='bbox 695 2271 866 2321; x_wconf 74' lang='lat' dir='ltr'>sigilli.</span> 
     </span>
    </p>
   </div>
  </div>
 </body>
</html>
