2020 3342
609 233 834 270 ADDENDA
853 243 894 269 IN
921 242 1035 269 TOMO
1063 243 1256 270 SECUNDO
1675 233 1748 272 693
1781 259 1791 272 .

116 337 217 366 non
237 328 385 368 mouit
406 328 624 380 lapidem3
646 341 755 368 nam
776 334 819 368 et
839 328 1017 368 nobiles
1043 328 1219 380 aliquot
1241 334 1285 368 et
1315 328 1530 368 doctores
1551 328 1643 369 huc
1668 330 1746 370 ad-

118 395 269 446 duxit,
292 398 331 438 si
359 409 448 449 quo
477 398 631 447 modo,
666 399 787 450 quod
816 400 1020 449 optabat,
1057 398 1149 438 filio
1180 399 1553 450 persuaderetur.
1586 399 1650 439 At
1671 400 1745 440 ille

119 475 217 508 tam
241 468 287 508 in
315 476 502 520 arrepto
531 469 769 521 proposito
798 475 1018 509 constans
1041 469 1379 520 immobilisque
1399 470 1670 521 permansit,
1697 478 1745 510 ut

117 549 225 578 eum
263 550 357 578 non
395 540 544 580 solum
585 540 842 580 amicorum
887 550 1072 591 preces,
1110 540 1500 590 grauissimorum
1534 540 1744 581 uirorum

120 620 303 659 suasus,
323 611 471 660 patris
487 610 733 662 colloquia,
753 611 1040 661 lachrymae,
1064 611 1282 661 querelae
1304 610 1600 661 (querebatur
1621 612 1745 652 enim

118 679 193 719 uel
214 678 269 718 de
290 680 378 719 hoc
400 681 619 731 maxime,
643 681 767 732 quod
792 692 898 721 cum
919 692 973 720 eo
995 692 1177 720 omnem
1208 691 1341 719 suam
1368 681 1678 721 substantiam
1698 682 1744 722 in

118 748 284 789 studiis
306 751 690 801 consumpsisset,
714 757 757 791 et
775 763 824 791 se
846 751 1115 791 defraudari
1137 762 1217 802 spe
1234 750 1313 789 filii
1336 751 1524 791 minime
1544 752 1746 802 patieba-

117 827 208 870 tur,
232 831 287 859 eo
310 822 383 860 vel
400 821 603 860 maxime
625 821 747 872 quod
771 821 889 861 filias
910 821 1102 861 haberet
1125 821 1183 860 ab
1206 821 1341 860 huius
1364 821 1429 871 (ut
1452 822 1619 872 aiebat)
1642 834 1743 874 pro-

117 891 318 931 tectione
339 892 626 942 pendentes):
652 893 782 942 haec,
806 892 1009 943 inquam,
1034 898 1214 931 tantum
1236 891 1381 931 abfuit
1402 898 1451 931 ut
1472 903 1578 932 eum
1594 904 1621 932 a
1642 905 1743 944 pro-

117 961 268 1012 posito
290 969 333 1001 et
355 962 611 1002 intentione
633 963 928 1012 dimouerint‚
952 968 1001 1002 ut
1028 963 1179 1012 magis
1202 962 1502 1002 confirmasse
1532 963 1743 1004 videren-

112 1038 205 1072 tur.
230 1031 358 1072 Deus
380 1033 518 1082 bone,
542 1039 717 1084 quanta
745 1039 879 1084 pater
906 1033 1044 1072 fuerit
1073 1033 1259 1072 molitus
1289 1043 1519 1083 quamque
1554 1045 1742 1074 succen-

117 1114 197 1142 sus
218 1102 326 1153 filio,
351 1104 428 1154 qui
450 1110 574 1143 certe
595 1103 640 1143 in
672 1104 760 1143 hoc
789 1115 883 1143 non
910 1114 1107 1154 paruam
1129 1102 1184 1142 de
1205 1114 1254 1142 se
1282 1102 1495 1154 praebuit
1529 1111 1743 1155 expecta-

111 1173 302 1223 tionem,
327 1174 457 1214 carni
478 1181 574 1214 tam
596 1174 778 1214 fortiter
805 1174 1028 1214 resistens
1049 1180 1093 1214 et
1128 1173 1361 1224 sanguini!
1384 1173 1468 1213 Est
1497 1174 1536 1213 is
1557 1174 1742 1215 iuvenis

115 1244 239 1284 felici
254 1244 443 1295 ingenio
466 1252 509 1285 et
531 1245 761 1296 probitate
784 1245 1080 1296 conspicuus,
1102 1255 1367 1296 annumque
1389 1244 1482 1284 iam
1501 1245 1548 1284 in
1569 1245 1742 1286 theolo-

112 1314 194 1364 gia
216 1316 515 1356 exercitatus.

194 1385 318 1426 Dum
340 1387 456 1426 haec
479 1394 746 1437 agerentur,
771 1387 843 1427 die
864 1386 908 1427 S.
932 1386 1140 1426 Thomae
1162 1385 1354 1426 admissi
1383 1394 1490 1427 sunt
1521 1388 1567 1427 in
1589 1387 1742 1427 Socie-
1804 1428 1809 1431 ,

111 1462 255 1497 tatem
287 1457 453 1497 fratres
486 1465 596 1507 tres,
634 1457 955 1509 philosophiae
989 1463 1136 1497 totum
1172 1468 1288 1508 pene
1325 1468 1514 1497 cursum
1545 1459 1740 1507 emensi,

111 1527 280 1577 quibus
310 1534 378 1567 est
414 1534 457 1567 et
488 1539 596 1567 acre
632 1527 689 1567 ad
719 1528 871 1568 studia
907 1529 1293 1578 praeclarumque
1328 1528 1583 1579 ingenium,
1614 1534 1658 1569 et
1684 1531 1743 1569 ad

115 1598 406 1638 obedientiae
428 1599 651 1638 virtutem
672 1610 764 1638 non
786 1610 931 1649 parua
961 1598 1226 1649 propensio.

194 1668 446 1718 Habemus,
471 1669 552 1709 X.0
574 1670 771 1719 gratiae,
796 1669 994 1720 amplius
1016 1670 1332 1720 sacellumque
1355 1681 1495 1720 super
1517 1670 1706 1710 domum
1732 1670 1739 1688 ¹

112 1739 317 1791 quinque
342 1752 435 1779 non
468 1741 682 1791 angustis
709 1741 836 1780 cellis
866 1740 1149 1790 distinctam,
1174 1740 1253 1779 ubi
1281 1751 1330 1779 se
1353 1740 1409 1780 ab
1433 1741 1644 1781 omnibus
1673 1753 1740 1782 se-

114 1811 300 1862 gregati
321 1822 541 1850 exercere
563 1811 756 1861 possint,
781 1811 859 1862 qui
881 1810 938 1850 ad
960 1822 1044 1850 nos
1065 1811 1162 1850 eius
1185 1811 1252 1850 rei
1273 1811 1428 1860 gratia
1457 1811 1643 1862 plurimi
1664 1823 1740 1852 ue-

116 1882 262 1932 niunt;
286 1882 511 1921 hactenus
533 1882 578 1921 in
601 1882 751 1921 medio
768 1887 981 1921 nostrum
998 1888 1118 1929 sunt,
1143 1882 1265 1932 quod
1286 1893 1380 1920 non
1399 1888 1467 1921 est
1490 1882 1741 1922 admodum

110 1958 193 1992 aut
214 1952 327 2003 ipsis
350 1960 428 1992 aut
451 1952 582 1992 nobis
604 1953 870 2003 expediens.
897 1953 945 1992 ln
967 1953 1054 1992 hoc
1072 1952 1085 1970 ²
1121 1963 1234 2002 ergo
1266 1964 1292 1991 a
1315 1952 1477 2003 paucis
1509 1953 1670 1992 diebus
1698 1962 1741 1992 et

111 2022 185 2062 P.r
205 2022 513 2063 Prouincialis
533 2024 842 2063 concionatur
858 2030 902 2063 et
920 2023 990 2062 Px
1008 2023 1282 2063 Emmanuel
1299 2023 1493 2072 singulis
1514 2023 1647 2063 festis
1665 2023 1739 2063 do-

110 2094 228 2134 ctrin
237 2105 310 2133 am
324 2095 628 2134 christianam
643 2106 821 2134 summo
841 2095 1047 2134 omnium
1059 2095 1392 2145 interpretatur
1406 2095 1651 2144 applausu.
1668 2095 1742 2134 Ad

108 2175 247 2215 quem
265 2172 358 2204 tam
378 2165 508 2204 multi
525 2164 777 2215 confluunt,
795 2176 886 2205 non
904 2165 959 2205 de
977 2165 1108 2217 plebe
1126 2166 1291 2214 solum,
1310 2163 1391 2203 sed
1409 2171 1454 2204 et
1472 2165 1742 2205 scholastici

110 2236 297 2286 plurimi
328 2243 371 2275 et
407 2236 638 2285 doctores,
662 2242 709 2275 ut
741 2247 820 2275 eos
855 2238 984 2276 locus
1006 2247 1173 2287 capere
1201 2241 1415 2286 nequeat;
1445 2246 1642 2286 quorum
1673 2236 1742 2276 sic

111 2307 255 2346 animi
273 2307 400 2346 hisce
418 2313 679 2355 mouentur,
700 2313 748 2346 ut
765 2307 932 2346 mirum
954 2306 1012 2346 sit
1029 2312 1253 2358 quantum
1266 2306 1312 2345 in
1329 2305 1394 2345 eis
1412 2305 1458 2345 in
1474 2306 1571 2346 dies
1588 2305 1740 2346 Socie-

111 2382 257 2416 tatem
292 2377 585 2427 ingrediendi
621 2369 900 2417 desiderium
930 2384 974 2417 et
1000 2377 1156 2417 feruor
1186 2383 1443 2416 accrescat.
1473 2376 1532 2416 Et
1558 2383 1607 2417 ut
1634 2384 1742 2417 sunt

112 2447 159 2487 in
179 2447 268 2486 hac
290 2447 546 2496 academia,
566 2447 731 2498 quibus
751 2459 844 2487 non
862 2448 1109 2487 admodum
1127 2447 1346 2498 probetur
1360 2447 1475 2486 haec
1493 2447 1739 2487 scholasti-

112 2528 277 2557 corum
297 2518 356 2558 ad
392 2517 672 2558 Societatem
703 2518 937 2569 admissio,
970 2518 1238 2558 doctoribus
1272 2517 1564 2568 praesertim,
1591 2519 1669 2569 qui
1692 2530 1741 2558 se

111 2588 209 2628 suis
231 2588 484 2640 discipulis,
510 2595 647 2639 atque
669 2589 735 2628 eis
762 2589 1042 2640 praecipuis,
1080 2588 1239 2628 orbari
1266 2588 1460 2627 moleste
1484 2587 1651 2639 ferunt,
1677 2589 1741 2628 ita

110 2671 205 2699 non
227 2660 393 2699 desunt
415 2660 491 2711 qui
512 2660 693 2711 publice
722 2661 992 2711 approbent.
1016 2660 1098 2700 Est
1119 2660 1241 2699 enim
1272 2659 1530 2699 monachus
1552 2660 1740 2710 quidam

111 2728 170 2770 D.
205 2730 430 2770 Bernardi
466 2731 656 2778 ordinis,
694 2731 771 2781 qui
792 2731 838 2770 in
869 2731 963 2770 suis
993 2731 1048 2771 ad
1078 2728 1301 2782 populum
1334 2729 1638 2770 concionibus
1674 2731 1741 2770 sic

109 2800 389 2841 Societatem
413 2803 604 2850 extollit,
631 2789 956 2852 inuehiturque
976 2802 1020 2841 in
1040 2813 1118 2841 cos
1141 2801 1408 2848 sentienteS,
1444 2801 1635 2852 eiusque
1657 2801 1740 2841 Pa—

166 2937 173 2953 *
215 2936 281 2967 Sic:
299 2944 416 2963 verum
441 2936 585 2970 hispana
610 2938 716 2963 verba
739 2937 787 2963 ita
810 2937 937 2963 rectius
961 2936 1194 2963 redderentur:
1218 2934 1412 2966 Habemus,
1434 2933 1570 2961 Clert'sto
1585 2936 1743 2969 gratiae,

111 2984 271 3017 amplius
286 2984 471 3016 sacellum,
484 2986 516 3009 et
531 2988 642 3018 supra
658 2984 694 3010 ια’
710 2984 864 3010 domum.

167 3032 180 3050 2'
221 3030 365 3058 Sacello.
