<?xml version="1.0" encoding="UTF-8"?>
<!DOCTYPE html PUBLIC "-//W3C//DTD XHTML 1.0 Transitional//EN"
    "http://www.w3.org/TR/xhtml1/DTD/xhtml1-transitional.dtd">
<html xmlns="http://www.w3.org/1999/xhtml" xml:lang="en" lang="en">
 <head>
  <title>
</title>
<meta http-equiv="Content-Type" content="text/html;charset=utf-8" />
  <meta name='ocr-system' content='tesseract 3.04.00' />
  <meta name='ocr-capabilities' content='ocr_page ocr_carea ocr_par ocr_line ocrx_word'/>
</head>
<body>
  <div class='ocr_page' id='page_1' title='image "./litteraequadrime16lain_0355.png"; bbox 0 0 2020 3342; ppageno 0'>
   <div class='ocr_carea' id='block_1_1' title="bbox 910 243 1793 284">
    <p class='ocr_par' dir='ltr' id='par_1_1' title="bbox 910 243 1793 284">
     <span class='ocr_line' id='line_1_1' title="bbox 910 243 1793 284; baseline -0.001 0"><span class='ocrx_word' id='word_1_1' title='bbox 910 245 992 284; x_wconf 83' lang='grc' dir='ltr'>ΑΝ.</span> <span class='ocrx_word' id='word_1_2' title='bbox 1023 243 1113 284; x_wconf 82' lang='grc'>1556</span> <span class='ocrx_word' id='word_1_3' title='bbox 1724 244 1793 284; x_wconf 79' lang='grc'>349</span> 
     </span>
    </p>
   </div>
   <div class='ocr_carea' id='block_1_2' title="bbox 170 341 1808 3101">
    <p class='ocr_par' dir='ltr' id='par_1_2' title="bbox 170 341 1801 1675">
     <span class='ocr_line' id='line_1_2' title="bbox 170 341 1792 396; baseline -0.002 -12"><span class='ocrx_word' id='word_1_4' title='bbox 170 344 454 386; x_wconf 86' lang='lat' dir='ltr'>audientium</span> <span class='ocrx_word' id='word_1_5' title='bbox 470 351 698 396; x_wconf 88' lang='lat' dir='ltr'>prouentu</span> <span class='ocrx_word' id='word_1_6' title='bbox 719 350 763 383; x_wconf 90' lang='lat' dir='ltr'>et</span> <span class='ocrx_word' id='word_1_7' title='bbox 782 344 1011 395; x_wconf 80' lang='lat' dir='ltr'>frequenti</span> <span class='ocrx_word' id='word_1_8' title='bbox 1040 343 1339 383; x_wconf 83' lang='lat' dir='ltr'>lacrimarum</span> <span class='ocrx_word' id='word_1_9' title='bbox 1374 341 1576 382; x_wconf 87' lang='lat' dir='ltr'>fusione:</span> <span class='ocrx_word' id='word_1_10' title='bbox 1608 342 1792 382; x_wconf 87' lang='lat' dir='ltr'>habitae</span> 
     </span>
     <span class='ocr_line' id='line_1_3' title="bbox 170 413 1793 465; baseline -0.002 -9"><span class='ocrx_word' id='word_1_11' title='bbox 170 422 276 456; x_wconf 92' lang='lat' dir='ltr'>sunt</span> <span class='ocrx_word' id='word_1_12' title='bbox 297 416 436 456; x_wconf 87' lang='lat' dir='ltr'>etiam</span> <span class='ocrx_word' id='word_1_13' title='bbox 456 415 512 455; x_wconf 93' lang='lat' dir='ltr'>de</span> <span class='ocrx_word' id='word_1_14' title='bbox 533 414 772 454; x_wconf 86' lang='lat' dir='ltr'>doctrinae</span> <span class='ocrx_word' id='word_1_15' title='bbox 794 415 1076 454; x_wconf 87' lang='lat' dir='ltr'>christianae</span> <span class='ocrx_word' id='word_1_16' title='bbox 1096 414 1424 465; x_wconf 73' lang='lat' dir='ltr'>explanatione</span> <span class='ocrx_word' id='word_1_17' title='bbox 1446 413 1793 464; x_wconf 89' lang='lat' dir='ltr'>pomeridianae</span> 
     </span>
     <span class='ocr_line' id='line_1_4' title="bbox 172 484 1793 535; baseline -0.001 -9"><span class='ocrx_word' id='word_1_18' title='bbox 172 487 423 526; x_wconf 85' lang='lat' dir='ltr'>conciones</span> <span class='ocrx_word' id='word_1_19' title='bbox 457 485 637 526; x_wconf 89' lang='lat' dir='ltr'>festiuis</span> <span class='ocrx_word' id='word_1_20' title='bbox 658 486 821 525; x_wconf 91' lang='lat' dir='ltr'>diebus</span> <span class='ocrx_word' id='word_1_21' title='bbox 843 487 887 525; x_wconf 91' lang='lat' dir='ltr'>in</span> <span class='ocrx_word' id='word_1_22' title='bbox 911 485 1074 525; x_wconf 90' lang='lat' dir='ltr'>eadem</span> <span class='ocrx_word' id='word_1_23' title='bbox 1095 484 1307 525; x_wconf 86' lang='lat' dir='ltr'>ecclesia:</span> <span class='ocrx_word' id='word_1_24' title='bbox 1345 490 1452 524; x_wconf 89' lang='lat' dir='ltr'>ante</span> <span class='ocrx_word' id='word_1_25' title='bbox 1487 485 1612 535; x_wconf 88' lang='lat' dir='ltr'>ipsas</span> <span class='ocrx_word' id='word_1_26' title='bbox 1637 490 1793 524; x_wconf 87' lang='lat' dir='ltr'>autem</span> 
     </span>
     <span class='ocr_line' id='line_1_5' title="bbox 172 555 1794 607; baseline -0.002 -10"><span class='ocrx_word' id='word_1_27' title='bbox 172 557 422 597; x_wconf 83' lang='lat' dir='ltr'>conciones</span> <span class='ocrx_word' id='word_1_28' title='bbox 441 557 801 597; x_wconf 78' lang='lat' dir='ltr'>instituebantur</span> <span class='ocrx_word' id='word_1_29' title='bbox 822 557 952 607; x_wconf 89' lang='lat' dir='ltr'>pueri</span> <span class='ocrx_word' id='word_1_30' title='bbox 969 562 1012 595; x_wconf 90' lang='lat' dir='ltr'>et</span> <span class='ocrx_word' id='word_1_31' title='bbox 1029 556 1262 607; x_wconf 84' lang='lat' dir='ltr'>simplices</span> <span class='ocrx_word' id='word_1_32' title='bbox 1279 567 1507 606; x_wconf 79' lang='lat' dir='ltr'>personae</span> <span class='ocrx_word' id='word_1_33' title='bbox 1524 555 1570 594; x_wconf 91' lang='lat' dir='ltr'>in</span> <span class='ocrx_word' id='word_1_34' title='bbox 1587 555 1794 595; x_wconf 91' lang='lat' dir='ltr'>eiusdem</span> 
     </span>
     <span class='ocr_line' id='line_1_6' title="bbox 173 627 1795 676; baseline -0.001 -9"><span class='ocrx_word' id='word_1_35' title='bbox 173 628 412 668; x_wconf 89' lang='lat' dir='ltr'>doctrinae</span> <span class='ocrx_word' id='word_1_36' title='bbox 447 628 685 668; x_wconf 91' lang='lat' dir='ltr'>elementis</span> <span class='ocrx_word' id='word_1_37' title='bbox 725 627 1035 673; x_wconf 84' lang='lat' dir='ltr'>addiscendis,</span> <span class='ocrx_word' id='word_1_38' title='bbox 1074 638 1179 667; x_wconf 85' lang='lat' dir='ltr'>cum</span> <span class='ocrx_word' id='word_1_39' title='bbox 1213 636 1385 676; x_wconf 81' lang='lat' dir='ltr'>magno</span> <span class='ocrx_word' id='word_1_40' title='bbox 1419 637 1668 675; x_wconf 88' lang='lat' dir='ltr'>concursu,</span> <span class='ocrx_word' id='word_1_41' title='bbox 1702 637 1795 665; x_wconf 90' lang='lat' dir='ltr'>non</span> 
     </span>
     <span class='ocr_line' id='line_1_7' title="bbox 173 697 1794 749; baseline -0.001 -11"><span class='ocrx_word' id='word_1_42' title='bbox 173 699 320 738; x_wconf 84' lang='lat' dir='ltr'>solum</span> <span class='ocrx_word' id='word_1_43' title='bbox 348 710 614 749; x_wconf 89' lang='lat' dir='ltr'>puerorum,</span> <span class='ocrx_word' id='word_1_44' title='bbox 644 699 724 738; x_wconf 92' lang='lat' dir='ltr'>sed</span> <span class='ocrx_word' id='word_1_45' title='bbox 753 698 990 738; x_wconf 90' lang='lat' dir='ltr'>hominum</span> <span class='ocrx_word' id='word_1_46' title='bbox 1019 705 1061 737; x_wconf 87' lang='lat' dir='ltr'>et</span> <span class='ocrx_word' id='word_1_47' title='bbox 1094 698 1351 745; x_wconf 76' lang='lat' dir='ltr'>mulierum3</span> <span class='ocrx_word' id='word_1_48' title='bbox 1389 697 1511 737; x_wconf 84' lang='lat' dir='ltr'>vnde</span> <span class='ocrx_word' id='word_1_49' title='bbox 1534 709 1625 737; x_wconf 90' lang='lat' dir='ltr'>non</span> <span class='ocrx_word' id='word_1_50' title='bbox 1652 697 1794 737; x_wconf 90' lang='lat' dir='ltr'>modi-</span> 
     </span>
     <span class='ocr_line' id='line_1_8' title="bbox 174 769 1792 820; baseline -0.001 -11"><span class='ocrx_word' id='word_1_51' title='bbox 174 781 278 809; x_wconf 90' lang='lat' dir='ltr'>cum</span> <span class='ocrx_word' id='word_1_52' title='bbox 306 770 668 809; x_wconf 88' lang='lat' dir='ltr'>emolumenturn</span> <span class='ocrx_word' id='word_1_53' title='bbox 701 770 944 809; x_wconf 80' lang='lat' dir='ltr'>animabus</span> <span class='ocrx_word' id='word_1_54' title='bbox 978 770 1298 820; x_wconf 79' lang='lat' dir='ltr'>proximorum</span> <span class='ocrx_word' id='word_1_55' title='bbox 1334 774 1517 808; x_wconf 90' lang='lat' dir='ltr'>constat</span> <span class='ocrx_word' id='word_1_56' title='bbox 1553 769 1792 819; x_wconf 81' lang='lat' dir='ltr'>obtigisse.</span> 
     </span>
     <span class='ocr_line' id='line_1_9' title="bbox 173 840 1795 892; baseline -0.001 -12"><span class='ocrx_word' id='word_1_57' title='bbox 173 840 285 891; x_wconf 83' lang='lat' dir='ltr'>Quis</span> <span class='ocrx_word' id='word_1_58' title='bbox 307 841 430 880; x_wconf 89' lang='lat' dir='ltr'>enim</span> <span class='ocrx_word' id='word_1_59' title='bbox 451 848 520 880; x_wconf 90' lang='lat' dir='ltr'>est</span> <span class='ocrx_word' id='word_1_60' title='bbox 543 841 619 892; x_wconf 91' lang='lat' dir='ltr'>qui</span> <span class='ocrx_word' id='word_1_61' title='bbox 641 853 733 880; x_wconf 92' lang='lat' dir='ltr'>non</span> <span class='ocrx_word' id='word_1_62' title='bbox 755 846 998 880; x_wconf 87' lang='lat' dir='ltr'>moueatur</span> <span class='ocrx_word' id='word_1_63' title='bbox 1021 840 1078 879; x_wconf 87' lang='lat' dir='ltr'>ad</span> <span class='ocrx_word' id='word_1_64' title='bbox 1099 840 1259 880; x_wconf 87' lang='lat' dir='ltr'>laudes</span> <span class='ocrx_word' id='word_1_65' title='bbox 1295 840 1497 879; x_wconf 90' lang='lat' dir='ltr'>Domino</span> <span class='ocrx_word' id='word_1_66' title='bbox 1533 840 1795 890; x_wconf 86' lang='lat' dir='ltr'>persoluen-</span> 
     </span>
     <span class='ocr_line' id='line_1_10' title="bbox 173 911 1796 963; baseline -0.001 -12"><span class='ocrx_word' id='word_1_67' title='bbox 173 912 271 959; x_wconf 85' lang='lat' dir='ltr'>das,</span> <span class='ocrx_word' id='word_1_68' title='bbox 296 923 400 952; x_wconf 88' lang='lat' dir='ltr'>cum</span> <span class='ocrx_word' id='word_1_69' title='bbox 421 912 578 952; x_wconf 88' lang='lat' dir='ltr'>videat</span> <span class='ocrx_word' id='word_1_70' title='bbox 608 923 858 963; x_wconf 89' lang='lat' dir='ltr'>puerorum</span> <span class='ocrx_word' id='word_1_71' title='bbox 888 917 1079 961; x_wconf 89' lang='lat' dir='ltr'>turmas,</span> <span class='ocrx_word' id='word_1_72' title='bbox 1109 912 1181 951; x_wconf 92' lang='lat' dir='ltr'>die</span> <span class='ocrx_word' id='word_1_73' title='bbox 1203 917 1433 963; x_wconf 89' lang='lat' dir='ltr'>noctuque</span> <span class='ocrx_word' id='word_1_74' title='bbox 1469 922 1573 950; x_wconf 86' lang='lat' dir='ltr'>curn</span> <span class='ocrx_word' id='word_1_75' title='bbox 1594 911 1796 950; x_wconf 89' lang='lat' dir='ltr'>incensis</span> 
     </span>
     <span class='ocr_line' id='line_1_11' title="bbox 175 983 1797 1034; baseline -0.001 -11"><span class='ocrx_word' id='word_1_76' title='bbox 175 983 380 1023; x_wconf 83' lang='lat' dir='ltr'>candelis</span> <span class='ocrx_word' id='word_1_77' title='bbox 425 983 471 1023; x_wconf 88' lang='lat' dir='ltr'>in</span> <span class='ocrx_word' id='word_1_78' title='bbox 517 983 894 1034; x_wconf 91' lang='lat' dir='ltr'>processionibus</span> <span class='ocrx_word' id='word_1_79' title='bbox 940 983 1159 1034; x_wconf 89' lang='lat' dir='ltr'>oppidum</span> <span class='ocrx_word' id='word_1_80' title='bbox 1199 983 1540 1022; x_wconf 89' lang='lat' dir='ltr'>circumeuntes</span> <span class='ocrx_word' id='word_1_81' title='bbox 1560 1015 1566 1031; x_wconf 88' lang='lat'>,</span> <span class='ocrx_word' id='word_1_82' title='bbox 1611 993 1797 1022; x_wconf 90' lang='lat' dir='ltr'>sacram</span> 
     </span>
     <span class='ocr_line' id='line_1_12' title="bbox 174 1053 1797 1105; baseline -0.001 -11"><span class='ocrx_word' id='word_1_83' title='bbox 174 1053 279 1105; x_wconf 90' lang='lat' dir='ltr'>Xpi.</span> <span class='ocrx_word' id='word_1_84' title='bbox 304 1054 565 1094; x_wconf 86' lang='lat' dir='ltr'>doctrinam</span> <span class='ocrx_word' id='word_1_85' title='bbox 586 1054 906 1103; x_wconf 78' lang='lat' dir='ltr'>decantantes,</span> <span class='ocrx_word' id='word_1_86' title='bbox 936 1060 980 1093; x_wconf 90' lang='lat' dir='ltr'>et</span> <span class='ocrx_word' id='word_1_87' title='bbox 1011 1065 1173 1093; x_wconf 82' lang='lat' dir='ltr'>corum</span> <span class='ocrx_word' id='word_1_88' title='bbox 1205 1054 1284 1094; x_wconf 85' lang='lat' dir='ltr'>vni</span> <span class='ocrx_word' id='word_1_89' title='bbox 1312 1060 1390 1093; x_wconf 90' lang='lat' dir='ltr'>aut</span> <span class='ocrx_word' id='word_1_90' title='bbox 1418 1054 1612 1103; x_wconf 89' lang='lat' dir='ltr'>duobus,</span> <span class='ocrx_word' id='word_1_91' title='bbox 1637 1064 1797 1093; x_wconf 92' lang='lat' dir='ltr'>omnes</span> 
     </span>
     <span class='ocr_line' id='line_1_13' title="bbox 175 1125 1798 1176; baseline 0 -12"><span class='ocrx_word' id='word_1_92' title='bbox 175 1125 439 1165; x_wconf 89' lang='lat' dir='ltr'>alternatim</span> <span class='ocrx_word' id='word_1_93' title='bbox 460 1125 506 1165; x_wconf 90' lang='lat' dir='ltr'>in</span> <span class='ocrx_word' id='word_1_94' title='bbox 527 1137 610 1165; x_wconf 92' lang='lat' dir='ltr'>suo</span> <span class='ocrx_word' id='word_1_95' title='bbox 633 1125 796 1166; x_wconf 80' lang='lat' dir='ltr'>ordine</span> <span class='ocrx_word' id='word_1_96' title='bbox 818 1125 1170 1176; x_wconf 85' lang='lat' dir='ltr'>respondentes,</span> <span class='ocrx_word' id='word_1_97' title='bbox 1190 1137 1304 1176; x_wconf 89' lang='lat' dir='ltr'>quos</span> <span class='ocrx_word' id='word_1_98' title='bbox 1326 1131 1375 1164; x_wconf 92' lang='lat' dir='ltr'>ut</span> <span class='ocrx_word' id='word_1_99' title='bbox 1393 1125 1637 1164; x_wconf 85' lang='lat' dir='ltr'>audierunt</span> <span class='ocrx_word' id='word_1_100' title='bbox 1656 1125 1798 1175; x_wconf 83' lang='lat' dir='ltr'>aliqui</span> 
     </span>
     <span class='ocr_line' id='line_1_14' title="bbox 175 1196 1797 1247; baseline 0 -12"><span class='ocrx_word' id='word_1_101' title='bbox 175 1196 331 1236; x_wconf 92' lang='lat' dir='ltr'>deuoti</span> <span class='ocrx_word' id='word_1_102' title='bbox 350 1197 454 1246; x_wconf 87' lang='lat' dir='ltr'>viri,</span> <span class='ocrx_word' id='word_1_103' title='bbox 479 1197 590 1236; x_wconf 90' lang='lat' dir='ltr'>moti</span> <span class='ocrx_word' id='word_1_104' title='bbox 612 1202 731 1246; x_wconf 91' lang='lat' dir='ltr'>sunt,</span> <span class='ocrx_word' id='word_1_105' title='bbox 762 1196 1011 1247; x_wconf 86' lang='lat' dir='ltr'>praecipue</span> <span class='ocrx_word' id='word_1_106' title='bbox 1041 1197 1298 1247; x_wconf 72' lang='lat' dir='ltr'>parrochus</span> <span class='ocrx_word' id='word_1_107' title='bbox 1319 1196 1522 1247; x_wconf 87' lang='lat' dir='ltr'>quidam,</span> <span class='ocrx_word' id='word_1_108' title='bbox 1553 1202 1602 1235; x_wconf 91' lang='lat' dir='ltr'>vt</span> <span class='ocrx_word' id='word_1_109' title='bbox 1624 1207 1704 1235; x_wconf 91' lang='lat' dir='ltr'>eos</span> <span class='ocrx_word' id='word_1_110' title='bbox 1725 1207 1797 1235; x_wconf 89' lang='lat' dir='ltr'>co-</span> 
     </span>
     <span class='ocr_line' id='line_1_15' title="bbox 175 1267 1799 1318; baseline 0 -12"><span class='ocrx_word' id='word_1_111' title='bbox 175 1268 417 1307; x_wconf 85' lang='lat' dir='ltr'>mitaretur</span> <span class='ocrx_word' id='word_1_112' title='bbox 446 1274 490 1307; x_wconf 91' lang='lat' dir='ltr'>et</span> <span class='ocrx_word' id='word_1_113' title='bbox 516 1268 561 1307; x_wconf 90' lang='lat' dir='ltr'>in</span> <span class='ocrx_word' id='word_1_114' title='bbox 589 1268 749 1308; x_wconf 88' lang='lat' dir='ltr'>ordine</span> <span class='ocrx_word' id='word_1_115' title='bbox 776 1268 965 1307; x_wconf 86' lang='lat' dir='ltr'>duceret</span> <span class='ocrx_word' id='word_1_116' title='bbox 995 1274 1037 1306; x_wconf 88' lang='lat' dir='ltr'>et</span> <span class='ocrx_word' id='word_1_117' title='bbox 1074 1279 1178 1307; x_wconf 90' lang='lat' dir='ltr'>cum</span> <span class='ocrx_word' id='word_1_118' title='bbox 1213 1267 1279 1306; x_wconf 87' lang='lat' dir='ltr'>eis</span> <span class='ocrx_word' id='word_1_119' title='bbox 1314 1274 1518 1307; x_wconf 83' lang='lat' dir='ltr'>caneret:</span> <span class='ocrx_word' id='word_1_120' title='bbox 1548 1278 1607 1306; x_wconf 84' lang='lat' dir='ltr'>ex</span> <span class='ocrx_word' id='word_1_121' title='bbox 1634 1267 1799 1318; x_wconf 91' lang='lat' dir='ltr'>quibus</span> 
     </span>
     <span class='ocr_line' id='line_1_16' title="bbox 175 1338 1800 1389; baseline -0.001 -11"><span class='ocrx_word' id='word_1_122' title='bbox 175 1339 387 1378; x_wconf 91' lang='lat' dir='ltr'>omnibus</span> <span class='ocrx_word' id='word_1_123' title='bbox 421 1339 625 1379; x_wconf 90' lang='lat' dir='ltr'>abundat</span> <span class='ocrx_word' id='word_1_124' title='bbox 660 1340 909 1379; x_wconf 87' lang='lat' dir='ltr'>vniversus</span> <span class='ocrx_word' id='word_1_125' title='bbox 943 1340 1140 1389; x_wconf 90' lang='lat' dir='ltr'>populus</span> <span class='ocrx_word' id='word_1_126' title='bbox 1175 1338 1508 1387; x_wconf 85' lang='lat' dir='ltr'>consolatione;</span> <span class='ocrx_word' id='word_1_127' title='bbox 1545 1349 1649 1377; x_wconf 90' lang='lat' dir='ltr'>cum</span> <span class='ocrx_word' id='word_1_128' title='bbox 1677 1339 1800 1378; x_wconf 90' lang='lat' dir='ltr'>enim</span> 
     </span>
     <span class='ocr_line' id='line_1_17' title="bbox 176 1408 1799 1460; baseline -0.001 -11"><span class='ocrx_word' id='word_1_129' title='bbox 176 1410 255 1449; x_wconf 88' lang='lat' dir='ltr'>tali</span> <span class='ocrx_word' id='word_1_130' title='bbox 277 1417 486 1460; x_wconf 91' lang='lat' dir='ltr'>tempore</span> <span class='ocrx_word' id='word_1_131' title='bbox 504 1410 548 1449; x_wconf 90' lang='lat' dir='ltr'>in</span> <span class='ocrx_word' id='word_1_132' title='bbox 567 1421 654 1449; x_wconf 90' lang='lat' dir='ltr'>vsu</span> <span class='ocrx_word' id='word_1_133' title='bbox 672 1416 827 1450; x_wconf 90' lang='lat' dir='ltr'>essent</span> <span class='ocrx_word' id='word_1_134' title='bbox 849 1410 967 1449; x_wconf 85' lang='lat' dir='ltr'>aliae</span> <span class='ocrx_word' id='word_1_135' title='bbox 984 1409 1185 1460; x_wconf 86' lang='lat' dir='ltr'>Xpiano.</span> <span class='ocrx_word' id='word_1_136' title='bbox 1210 1409 1384 1448; x_wconf 91' lang='lat' dir='ltr'>homini</span> <span class='ocrx_word' id='word_1_137' title='bbox 1406 1408 1673 1449; x_wconf 90' lang='lat' dir='ltr'>indecentes</span> <span class='ocrx_word' id='word_1_138' title='bbox 1694 1421 1799 1449; x_wconf 90' lang='lat' dir='ltr'>can-</span> 
     </span>
     <span class='ocr_line' id='line_1_18' title="bbox 175 1480 1800 1533; baseline 0 -13"><span class='ocrx_word' id='word_1_139' title='bbox 175 1480 358 1531; x_wconf 83' lang='lat' dir='ltr'>tilenae,</span> <span class='ocrx_word' id='word_1_140' title='bbox 381 1492 505 1530; x_wconf 91' lang='lat' dir='ltr'>nunc</span> <span class='ocrx_word' id='word_1_141' title='bbox 526 1487 681 1522; x_wconf 90' lang='lat' dir='ltr'>autern</span> <span class='ocrx_word' id='word_1_142' title='bbox 702 1481 1001 1521; x_wconf 76' lang='lat' dir='ltr'>considerant</span> <span class='ocrx_word' id='word_1_143' title='bbox 1022 1492 1114 1520; x_wconf 90' lang='lat' dir='ltr'>non</span> <span class='ocrx_word' id='word_1_144' title='bbox 1135 1481 1283 1520; x_wconf 88' lang='lat' dir='ltr'>solum</span> <span class='ocrx_word' id='word_1_145' title='bbox 1304 1492 1554 1531; x_wconf 88' lang='lat' dir='ltr'>puerorum</span> <span class='ocrx_word' id='word_1_146' title='bbox 1575 1480 1655 1520; x_wconf 92' lang='lat' dir='ltr'>sed</span> <span class='ocrx_word' id='word_1_147' title='bbox 1682 1481 1800 1533; x_wconf 91' lang='lat' dir='ltr'>ipso-</span> 
     </span>
     <span class='ocr_line' id='line_1_19' title="bbox 174 1551 1801 1603; baseline -0.001 -11"><span class='ocrx_word' id='word_1_148' title='bbox 174 1563 277 1592; x_wconf 90' lang='lat' dir='ltr'>rum</span> <span class='ocrx_word' id='word_1_149' title='bbox 312 1552 452 1592; x_wconf 89' lang='lat' dir='ltr'>etiam</span> <span class='ocrx_word' id='word_1_150' title='bbox 492 1551 721 1592; x_wconf 86' lang='lat' dir='ltr'>artificum</span> <span class='ocrx_word' id='word_1_151' title='bbox 759 1553 806 1592; x_wconf 93' lang='lat' dir='ltr'>in</span> <span class='ocrx_word' id='word_1_152' title='bbox 839 1553 935 1592; x_wconf 90' lang='lat' dir='ltr'>suis</span> <span class='ocrx_word' id='word_1_153' title='bbox 971 1552 1187 1603; x_wconf 88' lang='lat' dir='ltr'>operibus</span> <span class='ocrx_word' id='word_1_154' title='bbox 1230 1552 1488 1592; x_wconf 88' lang='lat' dir='ltr'>cantilenas</span> <span class='ocrx_word' id='word_1_155' title='bbox 1522 1552 1671 1602; x_wconf 89' lang='lat' dir='ltr'>ipsam</span> <span class='ocrx_word' id='word_1_156' title='bbox 1699 1563 1801 1591; x_wconf 92' lang='lat' dir='ltr'>esse</span> 
     </span>
     <span class='ocr_line' id='line_1_20' title="bbox 176 1623 697 1675; baseline 0.002 -12"><span class='ocrx_word' id='word_1_157' title='bbox 176 1623 438 1663; x_wconf 87' lang='lat' dir='ltr'>doctrinam</span> <span class='ocrx_word' id='word_1_158' title='bbox 459 1623 697 1675; x_wconf 88' lang='lat' dir='ltr'>xpianam.</span> 
     </span>
    </p>

    <p class='ocr_par' dir='ltr' id='par_1_3' title="bbox 177 1694 1802 2103">
     <span class='ocr_line' id='line_1_21' title="bbox 251 1694 1799 1746; baseline -0.001 -11"><span class='ocrx_word' id='word_1_159' title='bbox 251 1695 367 1735; x_wconf 89' lang='lat' dir='ltr'>Cum</span> <span class='ocrx_word' id='word_1_160' title='bbox 390 1701 547 1735; x_wconf 88' lang='lat' dir='ltr'>autem</span> <span class='ocrx_word' id='word_1_161' title='bbox 566 1695 736 1736; x_wconf 74' lang='lat' dir='ltr'>fratres</span> <span class='ocrx_word' id='word_1_162' title='bbox 759 1695 804 1735; x_wconf 91' lang='lat' dir='ltr'>in</span> <span class='ocrx_word' id='word_1_163' title='bbox 826 1695 987 1735; x_wconf 84' lang='lat' dir='ltr'>villam</span> <span class='ocrx_word' id='word_1_164' title='bbox 1009 1694 1259 1746; x_wconf 90' lang='lat' dir='ltr'>quamdam</span> <span class='ocrx_word' id='word_1_165' title='bbox 1281 1695 1544 1746; x_wconf 84' lang='lat' dir='ltr'>proximam</span> <span class='ocrx_word' id='word_1_166' title='bbox 1568 1694 1799 1735; x_wconf 89' lang='lat' dir='ltr'>mitteren-</span> 
     </span>
     <span class='ocr_line' id='line_1_22' title="bbox 178 1766 1800 1817; baseline -0.001 -11"><span class='ocrx_word' id='word_1_167' title='bbox 178 1772 249 1806; x_wconf 91' lang='lat' dir='ltr'>tur</span> <span class='ocrx_word' id='word_1_168' title='bbox 270 1773 320 1807; x_wconf 83' lang='lat' dir='ltr'>vt</span> <span class='ocrx_word' id='word_1_169' title='bbox 342 1767 460 1806; x_wconf 90' lang='lat' dir='ltr'>inter</span> <span class='ocrx_word' id='word_1_170' title='bbox 483 1767 733 1807; x_wconf 89' lang='lat' dir='ltr'>missarum</span> <span class='ocrx_word' id='word_1_171' title='bbox 753 1767 979 1807; x_wconf 90' lang='lat' dir='ltr'>solemnia</span> <span class='ocrx_word' id='word_1_172' title='bbox 1001 1766 1240 1807; x_wconf 89' lang='lat' dir='ltr'>concionis</span> <span class='ocrx_word' id='word_1_173' title='bbox 1263 1767 1362 1806; x_wconf 90' lang='lat' dir='ltr'>loco</span> <span class='ocrx_word' id='word_1_174' title='bbox 1385 1766 1648 1806; x_wconf 82' lang='lat' dir='ltr'>doctrinam</span> <span class='ocrx_word' id='word_1_175' title='bbox 1670 1766 1800 1817; x_wconf 83' lang='lat' dir='ltr'>xpia-</span> 
     </span>
     <span class='ocr_line' id='line_1_23' title="bbox 177 1837 1800 1888; baseline -0.001 -11"><span class='ocrx_word' id='word_1_176' title='bbox 177 1849 299 1878; x_wconf 90' lang='lat' dir='ltr'>nam.</span> <span class='ocrx_word' id='word_1_177' title='bbox 320 1838 688 1888; x_wconf 88' lang='lat' dir='ltr'>annuntiassent,</span> <span class='ocrx_word' id='word_1_178' title='bbox 709 1837 825 1878; x_wconf 88' lang='lat' dir='ltr'>adeo</span> <span class='ocrx_word' id='word_1_179' title='bbox 843 1849 1070 1878; x_wconf 90' lang='lat' dir='ltr'>accensus</span> <span class='ocrx_word' id='word_1_180' title='bbox 1087 1844 1130 1877; x_wconf 88' lang='lat' dir='ltr'>et</span> <span class='ocrx_word' id='word_1_181' title='bbox 1148 1838 1417 1877; x_wconf 83' lang='lat' dir='ltr'>consolatus</span> <span class='ocrx_word' id='word_1_182' title='bbox 1433 1845 1502 1877; x_wconf 90' lang='lat' dir='ltr'>cst</span> <span class='ocrx_word' id='word_1_183' title='bbox 1521 1838 1732 1888; x_wconf 90' lang='lat' dir='ltr'>populus,</span> <span class='ocrx_word' id='word_1_184' title='bbox 1752 1844 1800 1876; x_wconf 90' lang='lat' dir='ltr'>ut</span> 
     </span>
     <span class='ocr_line' id='line_1_24' title="bbox 178 1909 1800 1960; baseline -0.001 -11"><span class='ocrx_word' id='word_1_185' title='bbox 178 1915 280 1960; x_wconf 90' lang='lat' dir='ltr'>post</span> <span class='ocrx_word' id='word_1_186' title='bbox 302 1909 541 1949; x_wconf 85' lang='lat' dir='ltr'>meridiem</span> <span class='ocrx_word' id='word_1_187' title='bbox 568 1915 902 1949; x_wconf 89' lang='lat' dir='ltr'>concurrentes</span> <span class='ocrx_word' id='word_1_188' title='bbox 931 1915 974 1949; x_wconf 93' lang='lat' dir='ltr'>et</span> <span class='ocrx_word' id='word_1_189' title='bbox 1003 1921 1084 1960; x_wconf 92' lang='lat' dir='ltr'>per</span> <span class='ocrx_word' id='word_1_190' title='bbox 1112 1910 1254 1949; x_wconf 86' lang='lat' dir='ltr'>calles</span> <span class='ocrx_word' id='word_1_191' title='bbox 1290 1909 1678 1960; x_wconf 88' lang='lat' dir='ltr'>pretiosissimam</span> <span class='ocrx_word' id='word_1_192' title='bbox 1700 1920 1800 1948; x_wconf 82' lang='lat' dir='ltr'>cru-</span> 
     </span>
     <span class='ocr_line' id='line_1_25' title="bbox 178 1979 1802 2032; baseline -0.001 -11"><span class='ocrx_word' id='word_1_193' title='bbox 178 1992 279 2020; x_wconf 90' lang='lat' dir='ltr'>cem</span> <span class='ocrx_word' id='word_1_194' title='bbox 299 2012 306 2031; x_wconf 93' lang='lat'>,</span> <span class='ocrx_word' id='word_1_195' title='bbox 349 1992 488 2032; x_wconf 89' lang='lat' dir='ltr'>quam</span> <span class='ocrx_word' id='word_1_196' title='bbox 526 1981 832 2021; x_wconf 88' lang='lat' dir='ltr'>ecclesiastici</span> <span class='ocrx_word' id='word_1_197' title='bbox 878 1981 1204 2032; x_wconf 88' lang='lat' dir='ltr'>praeferebant</span> <span class='ocrx_word' id='word_1_198' title='bbox 1225 2013 1232 2030; x_wconf 88' lang='lat'>,</span> <span class='ocrx_word' id='word_1_199' title='bbox 1275 1986 1520 2031; x_wconf 91' lang='lat' dir='ltr'>sequentes</span> <span class='ocrx_word' id='word_1_200' title='bbox 1541 2012 1548 2030; x_wconf 88' lang='lat'>,</span> <span class='ocrx_word' id='word_1_201' title='bbox 1591 1979 1802 2020; x_wconf 89' lang='lat' dir='ltr'>eamdem</span> 
     </span>
     <span class='ocr_line' id='line_1_26' title="bbox 177 2050 1719 2103; baseline -0.001 -11"><span class='ocrx_word' id='word_1_202' title='bbox 177 2052 440 2092; x_wconf 80' lang='lat' dir='ltr'>doctrinam</span> <span class='ocrx_word' id='word_1_203' title='bbox 461 2052 538 2092; x_wconf 87' lang='lat' dir='ltr'>alii</span> <span class='ocrx_word' id='word_1_204' title='bbox 560 2063 666 2092; x_wconf 91' lang='lat' dir='ltr'>cum</span> <span class='ocrx_word' id='word_1_205' title='bbox 687 2052 842 2103; x_wconf 92' lang='lat' dir='ltr'>pueris</span> <span class='ocrx_word' id='word_1_206' title='bbox 864 2052 1184 2100; x_wconf 85' lang='lat' dir='ltr'>decantarent,</span> <span class='ocrx_word' id='word_1_207' title='bbox 1209 2051 1286 2090; x_wconf 91' lang='lat' dir='ltr'>alii</span> <span class='ocrx_word' id='word_1_208' title='bbox 1303 2050 1469 2091; x_wconf 90' lang='lat' dir='ltr'>deuote</span> <span class='ocrx_word' id='word_1_209' title='bbox 1493 2050 1719 2091; x_wconf 89' lang='lat' dir='ltr'>audirent.</span> 
     </span>
    </p>

    <p class='ocr_par' dir='ltr' id='par_1_4' title="bbox 177 2122 1806 2886">
     <span class='ocr_line' id='line_1_27' title="bbox 255 2122 1803 2173; baseline -0.001 -10"><span class='ocrx_word' id='word_1_210' title='bbox 255 2123 518 2164; x_wconf 90' lang='lat' dir='ltr'>Procedunt</span> <span class='ocrx_word' id='word_1_211' title='bbox 539 2124 679 2163; x_wconf 90' lang='lat' dir='ltr'>etiam</span> <span class='ocrx_word' id='word_1_212' title='bbox 709 2129 752 2163; x_wconf 92' lang='lat' dir='ltr'>et</span> <span class='ocrx_word' id='word_1_213' title='bbox 779 2124 1125 2172; x_wconf 87' lang='lat' dir='ltr'>continuantur,</span> <span class='ocrx_word' id='word_1_214' title='bbox 1157 2122 1359 2162; x_wconf 89' lang='lat' dir='ltr'>Domino</span> <span class='ocrx_word' id='word_1_215' title='bbox 1388 2123 1641 2173; x_wconf 81' lang='lat' dir='ltr'>aspirante,</span> <span class='ocrx_word' id='word_1_216' title='bbox 1676 2134 1803 2162; x_wconf 81' lang='lat' dir='ltr'>exer-</span> 
     </span>
     <span class='ocr_line' id='line_1_28' title="bbox 177 2193 1804 2244; baseline -0.001 -10"><span class='ocrx_word' id='word_1_217' title='bbox 177 2194 285 2234; x_wconf 87' lang='lat' dir='ltr'>citia</span> <span class='ocrx_word' id='word_1_218' title='bbox 321 2195 478 2244; x_wconf 88' lang='lat' dir='ltr'>solita,</span> <span class='ocrx_word' id='word_1_219' title='bbox 521 2195 647 2234; x_wconf 89' lang='lat' dir='ltr'>circa</span> <span class='ocrx_word' id='word_1_220' title='bbox 678 2194 1022 2234; x_wconf 85' lang='lat' dir='ltr'>confessionum</span> <span class='ocrx_word' id='word_1_221' title='bbox 1058 2193 1314 2242; x_wconf 87' lang='lat' dir='ltr'>audientia,</span> <span class='ocrx_word' id='word_1_222' title='bbox 1357 2199 1401 2232; x_wconf 91' lang='lat' dir='ltr'>et</span> <span class='ocrx_word' id='word_1_223' title='bbox 1437 2193 1804 2243; x_wconf 77' lang='lat' dir='ltr'>gloriosissimae</span> 
     </span>
     <span class='ocr_line' id='line_1_29' title="bbox 178 2264 1805 2316; baseline -0.001 -11"><span class='ocrx_word' id='word_1_224' title='bbox 178 2266 487 2306; x_wconf 87' lang='lat' dir='ltr'>eucharistiae</span> <span class='ocrx_word' id='word_1_225' title='bbox 508 2265 846 2306; x_wconf 81' lang='lat' dir='ltr'>ministratione</span> <span class='ocrx_word' id='word_1_226' title='bbox 869 2277 974 2305; x_wconf 90' lang='lat' dir='ltr'>cum</span> <span class='ocrx_word' id='word_1_227' title='bbox 996 2265 1187 2316; x_wconf 91' lang='lat' dir='ltr'>copioso</span> <span class='ocrx_word' id='word_1_228' title='bbox 1210 2264 1470 2304; x_wconf 90' lang='lat' dir='ltr'>animarum</span> <span class='ocrx_word' id='word_1_229' title='bbox 1492 2265 1659 2304; x_wconf 87' lang='lat' dir='ltr'>fructu:</span> <span class='ocrx_word' id='word_1_230' title='bbox 1685 2266 1805 2304; x_wconf 89' lang='lat' dir='ltr'>inter</span> 
     </span>
     <span class='ocr_line' id='line_1_30' title="bbox 180 2335 1804 2387; baseline -0.001 -11"><span class='ocrx_word' id='word_1_231' title='bbox 180 2336 270 2376; x_wconf 85' lang='lat' dir='ltr'>alia</span> <span class='ocrx_word' id='word_1_232' title='bbox 293 2343 449 2377; x_wconf 86' lang='lat' dir='ltr'>autem</span> <span class='ocrx_word' id='word_1_233' title='bbox 470 2348 574 2377; x_wconf 88' lang='lat' dir='ltr'>cum</span> <span class='ocrx_word' id='word_1_234' title='bbox 597 2337 760 2377; x_wconf 89' lang='lat' dir='ltr'>mulier</span> <span class='ocrx_word' id='word_1_235' title='bbox 788 2337 853 2387; x_wconf 82' lang='lat' dir='ltr'>(vt</span> <span class='ocrx_word' id='word_1_236' title='bbox 883 2335 1042 2385; x_wconf 83' lang='lat' dir='ltr'>fertur)</span> <span class='ocrx_word' id='word_1_237' title='bbox 1073 2348 1098 2375; x_wconf 87' lang='lat' dir='ltr'>a</span> <span class='ocrx_word' id='word_1_238' title='bbox 1126 2335 1372 2375; x_wconf 89' lang='lat' dir='ltr'>daemonio</span> <span class='ocrx_word' id='word_1_239' title='bbox 1394 2342 1661 2385; x_wconf 80' lang='lat' dir='ltr'>vexaretur,</span> <span class='ocrx_word' id='word_1_240' title='bbox 1695 2341 1737 2375; x_wconf 92' lang='lat' dir='ltr'>et</span> <span class='ocrx_word' id='word_1_241' title='bbox 1759 2336 1804 2375; x_wconf 90' lang='lat' dir='ltr'>in</span> 
     </span>
     <span class='ocr_line' id='line_1_31' title="bbox 181 2406 1802 2458; baseline 0 -12"><span class='ocrx_word' id='word_1_242' title='bbox 181 2407 368 2448; x_wconf 91' lang='lat' dir='ltr'>domum</span> <span class='ocrx_word' id='word_1_243' title='bbox 388 2414 597 2448; x_wconf 89' lang='lat' dir='ltr'>nostram</span> <span class='ocrx_word' id='word_1_244' title='bbox 618 2408 889 2457; x_wconf 88' lang='lat' dir='ltr'>deferretur,</span> <span class='ocrx_word' id='word_1_245' title='bbox 914 2408 1011 2447; x_wconf 92' lang='lat' dir='ltr'>eius</span> <span class='ocrx_word' id='word_1_246' title='bbox 1033 2406 1258 2458; x_wconf 91' lang='lat' dir='ltr'>imprimis</span> <span class='ocrx_word' id='word_1_247' title='bbox 1281 2406 1438 2447; x_wconf 87' lang='lat' dir='ltr'>audita</span> <span class='ocrx_word' id='word_1_248' title='bbox 1461 2406 1754 2446; x_wconf 90' lang='lat' dir='ltr'>confessione</span> <span class='ocrx_word' id='word_1_249' title='bbox 1778 2418 1802 2446; x_wconf 86' lang='lat' dir='ltr'>a</span> 
     </span>
     <span class='ocr_line' id='line_1_32' title="bbox 181 2477 1802 2531; baseline -0.001 -12"><span class='ocrx_word' id='word_1_250' title='bbox 181 2478 229 2518; x_wconf 79' lang='lat' dir='ltr'>P.</span> <span class='ocrx_word' id='word_1_251' title='bbox 250 2479 462 2529; x_wconf 88' lang='lat' dir='ltr'>Rectore,</span> <span class='ocrx_word' id='word_1_252' title='bbox 486 2486 530 2519; x_wconf 89' lang='lat' dir='ltr'>et</span> <span class='ocrx_word' id='word_1_253' title='bbox 552 2479 874 2531; x_wconf 88' lang='lat' dir='ltr'>pronunciatis</span> <span class='ocrx_word' id='word_1_254' title='bbox 896 2478 1228 2519; x_wconf 86' lang='lat' dir='ltr'>sacratissimis</span> <span class='ocrx_word' id='word_1_255' title='bbox 1249 2478 1601 2528; x_wconf 81' lang='lat' dir='ltr'>euangeliorum</span> <span class='ocrx_word' id='word_1_256' title='bbox 1632 2477 1802 2528; x_wconf 86' lang='lat' dir='ltr'>verbis,</span> 
     </span>
     <span class='ocr_line' id='line_1_33' title="bbox 182 2549 1806 2602; baseline -0.001 -12"><span class='ocrx_word' id='word_1_257' title='bbox 182 2551 547 2590; x_wconf 88' lang='lat' dir='ltr'>consolationem</span> <span class='ocrx_word' id='word_1_258' title='bbox 586 2550 765 2602; x_wconf 82' lang='lat' dir='ltr'>accepit</span> <span class='ocrx_word' id='word_1_259' title='bbox 786 2583 793 2601; x_wconf 92' lang='lat'>,</span> <span class='ocrx_word' id='word_1_260' title='bbox 837 2557 879 2590; x_wconf 86' lang='lat' dir='ltr'>et</span> <span class='ocrx_word' id='word_1_261' title='bbox 920 2551 1158 2601; x_wconf 89' lang='lat' dir='ltr'>hucusque</span> <span class='ocrx_word' id='word_1_262' title='bbox 1194 2549 1355 2589; x_wconf 89' lang='lat' dir='ltr'>melius</span> <span class='ocrx_word' id='word_1_263' title='bbox 1391 2549 1570 2588; x_wconf 88' lang='lat' dir='ltr'>habuit:</span> <span class='ocrx_word' id='word_1_264' title='bbox 1609 2549 1806 2599; x_wconf 85' lang='lat' dir='ltr'>contigit</span> 
     </span>
     <span class='ocr_line' id='line_1_34' title="bbox 182 2620 1806 2673; baseline -0.001 -12"><span class='ocrx_word' id='word_1_265' title='bbox 182 2627 337 2661; x_wconf 85' lang='lat' dir='ltr'>autem</span> <span class='ocrx_word' id='word_1_266' title='bbox 357 2621 478 2673; x_wconf 91' lang='lat' dir='ltr'>quod</span> <span class='ocrx_word' id='word_1_267' title='bbox 500 2621 729 2672; x_wconf 89' lang='lat' dir='ltr'>quaedam</span> <span class='ocrx_word' id='word_1_268' title='bbox 759 2621 1039 2661; x_wconf 82' lang='lat' dir='ltr'>venerabilis</span> <span class='ocrx_word' id='word_1_269' title='bbox 1066 2631 1265 2672; x_wconf 88' lang='lat' dir='ltr'>persona</span> <span class='ocrx_word' id='word_1_270' title='bbox 1287 2631 1336 2660; x_wconf 91' lang='lat' dir='ltr'>se</span> <span class='ocrx_word' id='word_1_271' title='bbox 1366 2620 1514 2672; x_wconf 84' lang='lat' dir='ltr'>ipsam</span> <span class='ocrx_word' id='word_1_272' title='bbox 1550 2620 1595 2659; x_wconf 86' lang='lat' dir='ltr'>in</span> <span class='ocrx_word' id='word_1_273' title='bbox 1619 2626 1806 2670; x_wconf 89' lang='lat' dir='ltr'>puteum</span> 
     </span>
     <span class='ocr_line' id='line_1_35' title="bbox 179 2692 1803 2744; baseline -0.001 -12"><span class='ocrx_word' id='word_1_274' title='bbox 179 2692 509 2744; x_wconf 88' lang='lat' dir='ltr'>praecipitans,</span> <span class='ocrx_word' id='word_1_275' title='bbox 524 2698 567 2732; x_wconf 92' lang='lat' dir='ltr'>et</span> <span class='ocrx_word' id='word_1_276' title='bbox 585 2692 742 2733; x_wconf 91' lang='lat' dir='ltr'>diuina</span> <span class='ocrx_word' id='word_1_277' title='bbox 759 2704 844 2744; x_wconf 89' lang='lat' dir='ltr'>ope</span> <span class='ocrx_word' id='word_1_278' title='bbox 863 2693 968 2733; x_wconf 88' lang='lat' dir='ltr'>inde</span> <span class='ocrx_word' id='word_1_279' title='bbox 985 2697 1212 2740; x_wconf 86' lang='lat' dir='ltr'>extracta,</span> <span class='ocrx_word' id='word_1_280' title='bbox 1227 2692 1489 2732; x_wconf 89' lang='lat' dir='ltr'>nullatenus</span> <span class='ocrx_word' id='word_1_281' title='bbox 1506 2704 1554 2731; x_wconf 93' lang='lat' dir='ltr'>se</span> <span class='ocrx_word' id='word_1_282' title='bbox 1573 2692 1803 2731; x_wconf 84' lang='lat' dir='ltr'>confessu-</span> 
     </span>
     <span class='ocr_line' id='line_1_36' title="bbox 180 2762 1804 2815; baseline -0.002 -11"><span class='ocrx_word' id='word_1_283' title='bbox 180 2774 280 2804; x_wconf 82' lang='lat' dir='ltr'>ram</span> <span class='ocrx_word' id='word_1_284' title='bbox 303 2770 548 2814; x_wconf 87' lang='lat' dir='ltr'>assereret,</span> <span class='ocrx_word' id='word_1_285' title='bbox 572 2775 727 2815; x_wconf 91' lang='lat' dir='ltr'>quam,</span> <span class='ocrx_word' id='word_1_286' title='bbox 752 2770 948 2804; x_wconf 87' lang='lat' dir='ltr'>vocatus</span> <span class='ocrx_word' id='word_1_287' title='bbox 984 2763 1122 2803; x_wconf 87' lang='lat' dir='ltr'>Pater</span> <span class='ocrx_word' id='word_1_288' title='bbox 1156 2769 1201 2803; x_wconf 88' lang='lat' dir='ltr'>et</span> <span class='ocrx_word' id='word_1_289' title='bbox 1237 2762 1486 2813; x_wconf 87' lang='lat' dir='ltr'>accedens,</span> <span class='ocrx_word' id='word_1_290' title='bbox 1518 2763 1616 2802; x_wconf 89' lang='lat' dir='ltr'>eius</span> <span class='ocrx_word' id='word_1_291' title='bbox 1648 2762 1804 2802; x_wconf 90' lang='lat' dir='ltr'>audita</span> 
     </span>
     <span class='ocr_line' id='line_1_37' title="bbox 183 2833 1470 2886; baseline -0.001 -12"><span class='ocrx_word' id='word_1_292' title='bbox 183 2835 489 2884; x_wconf 88' lang='lat' dir='ltr'>confessione,</span> <span class='ocrx_word' id='word_1_293' title='bbox 516 2846 810 2886; x_wconf 89' lang='lat' dir='ltr'>summopere</span> <span class='ocrx_word' id='word_1_294' title='bbox 831 2835 877 2875; x_wconf 90' lang='lat' dir='ltr'>in</span> <span class='ocrx_word' id='word_1_295' title='bbox 899 2834 1265 2874; x_wconf 89' lang='lat' dir='ltr'>consolationem</span> <span class='ocrx_word' id='word_1_296' title='bbox 1287 2833 1470 2874; x_wconf 85' lang='lat' dir='ltr'>direxit.</span> 
     </span>
    </p>

    <p class='ocr_par' dir='ltr' id='par_1_5' title="bbox 186 2905 1808 3101">
     <span class='ocr_line' id='line_1_38' title="bbox 263 2905 1806 2956; baseline -0.001 -10"><span class='ocrx_word' id='word_1_297' title='bbox 263 2905 454 2946; x_wconf 86' lang='lat' dir='ltr'>Fratres</span> <span class='ocrx_word' id='word_1_298' title='bbox 492 2912 678 2946; x_wconf 89' lang='lat' dir='ltr'>nostros</span> <span class='ocrx_word' id='word_1_299' title='bbox 724 2906 972 2947; x_wconf 88' lang='lat' dir='ltr'>habuimus</span> <span class='ocrx_word' id='word_1_300' title='bbox 1011 2905 1240 2955; x_wconf 89' lang='lat' dir='ltr'>infirmos,</span> <span class='ocrx_word' id='word_1_301' title='bbox 1283 2906 1403 2945; x_wconf 91' lang='lat' dir='ltr'>inter</span> <span class='ocrx_word' id='word_1_302' title='bbox 1449 2916 1564 2956; x_wconf 92' lang='lat' dir='ltr'>quos</span> <span class='ocrx_word' id='word_1_303' title='bbox 1603 2905 1806 2944; x_wconf 84' lang='lat' dir='ltr'>maxime</span> 
     </span>
     <span class='ocr_line' id='line_1_39' title="bbox 186 2975 1805 3029; baseline -0.002 -12"><span class='ocrx_word' id='word_1_304' title='bbox 186 2975 234 3017; x_wconf 87' lang='lat' dir='ltr'>P.</span> <span class='ocrx_word' id='word_1_305' title='bbox 258 2977 519 3027; x_wconf 86' lang='lat' dir='ltr'>Rectorem;</span> <span class='ocrx_word' id='word_1_306' title='bbox 542 2977 664 3018; x_wconf 80' lang='lat' dir='ltr'>vnde</span> <span class='ocrx_word' id='word_1_307' title='bbox 685 2977 933 3029; x_wconf 88' lang='lat' dir='ltr'>aliquando</span> <span class='ocrx_word' id='word_1_308' title='bbox 969 2984 1202 3018; x_wconf 89' lang='lat' dir='ltr'>cessatum</span> <span class='ocrx_word' id='word_1_309' title='bbox 1236 2983 1304 3016; x_wconf 90' lang='lat' dir='ltr'>est</span> <span class='ocrx_word' id='word_1_310' title='bbox 1327 2976 1384 3016; x_wconf 92' lang='lat' dir='ltr'>ab</span> <span class='ocrx_word' id='word_1_311' title='bbox 1419 2976 1654 3016; x_wconf 87' lang='lat' dir='ltr'>exercitiis</span> <span class='ocrx_word' id='word_1_312' title='bbox 1682 2976 1805 3015; x_wconf 87' lang='lat' dir='ltr'>circa</span> 
     </span>
     <span class='ocr_line' id='line_1_40' title="bbox 187 3047 1808 3101; baseline -0.001 -13"><span class='ocrx_word' id='word_1_313' title='bbox 187 3049 507 3101; x_wconf 87' lang='lat' dir='ltr'>proximorum</span> <span class='ocrx_word' id='word_1_314' title='bbox 527 3050 739 3099; x_wconf 88' lang='lat' dir='ltr'>salutem,</span> <span class='ocrx_word' id='word_1_315' title='bbox 763 3049 976 3100; x_wconf 89' lang='lat' dir='ltr'>quamuis</span> <span class='ocrx_word' id='word_1_316' title='bbox 998 3049 1194 3100; x_wconf 82' lang='lat' dir='ltr'>populus</span> <span class='ocrx_word' id='word_1_317' title='bbox 1215 3048 1398 3098; x_wconf 89' lang='lat' dir='ltr'>petierit</span> <span class='ocrx_word' id='word_1_318' title='bbox 1415 3054 1459 3088; x_wconf 91' lang='lat' dir='ltr'>et</span> <span class='ocrx_word' id='word_1_319' title='bbox 1481 3047 1808 3088; x_wconf 82' lang='lat' dir='ltr'>exercitiorum</span> 
     </span>
    </p>
   </div>
  </div>
 </body>
</html>
