2020 3342
249 275 318 312 316
754 273 978 312 LITTERAE
1005 285 1361 318 QUADRIMESTRES

250 372 371 411 forte
392 383 483 411 non
510 372 746 422 ingratum
776 371 999 411 futurum:
1025 378 1092 411 est
1114 371 1203 411 hac
1225 372 1271 411 in
1293 372 1406 411 vrbe
1435 372 1602 412 mulier
1624 371 1868 423 quaedam,

249 453 385 493 quam
409 426 645 482 masculae
667 442 807 482 animi
837 442 1032 481 virtutes
1055 442 1419 482 cumulatissime
1442 442 1761 493 nobilitarunt,
1795 447 1869 483 cu-

251 513 322 553 ius
345 513 555 561 maritus,
580 525 605 553 a
627 513 817 553 turcicis
844 512 1008 564 piratis
1035 518 1220 564 captus,
1256 513 1300 553 in
1329 513 1530 553 vinculis
1560 513 1867 554 detinebatur:

251 584 351 633 illa,
390 584 650 635 coniugalis
679 584 853 624 amoris
888 596 980 623 non
1009 584 1271 635 immemor,
1303 584 1372 635 id,
1402 584 1523 636 quod
1556 596 1698 624 vnum
1726 584 1871 636 potuit

250 660 505 706 praestare,
530 666 708 695 summa
731 655 819 695 fide
840 655 1086 706 praestitit:
1106 654 1309 707 quotidie
1327 655 1518 696 crebras
1535 655 1869 706 confessiones,

251 725 437 776 ieiunia,
461 726 536 777 pia
560 737 716 777 opera,
742 725 945 778 quotidie
973 726 1206 767 feruentes
1230 727 1288 766 ad
1312 725 1460 766 Deum
1489 738 1653 778 preces
1674 726 1871 766 eiacula-

253 797 402 848 batur‚
426 802 476 836 vt
496 797 683 837 tandem
704 808 788 849 pro
810 808 893 837 sua
916 797 1194 837 inexhausta
1216 797 1460 837 clementia
1480 797 1692 838 misereri
1712 796 1871 848 digna-

252 874 378 907 retur
407 867 562 908 mariti
584 874 679 908 tam
712 868 812 908 dira
835 868 1071 919 patientis.
1098 867 1217 919 Quid
1239 868 1408 909 effecit?
1429 868 1624 920 inquies.
1649 867 1743 909 Imo
1764 867 1873 920 quid

251 950 342 978 non
363 938 527 987 effecit,
551 951 655 979 cum
677 940 783 990 iam,
807 939 904 980 voti
928 951 1123 991 compos
1144 939 1284 990 facta,
1310 939 1404 980 suis
1421 939 1638 991 precibus
1654 939 1874 980 maritum

221 1018 224 1023 “
254 1009 471 1050 reducem
493 1010 652 1050 videre
673 1011 913 1051 meruerit?
935 1010 1087 1051 Rediit
1108 1011 1198 1051 ille:
1221 1011 1416 1051 miratur
1438 1011 1484 1050 in
1505 1022 1650 1051 uxore
1671 1015 1875 1051 mutatos

253 1092 406 1121 mores
427 1086 565 1132 atque
587 1082 839 1133 ingenium:
862 1082 987 1122 videt
1009 1082 1327 1133 concionibUS‚
1348 1081 1546 1132 ieiuniis,
1571 1080 1872 1132 orationibus,

254 1151 559 1192 addictiorem
587 1164 724 1204 quam
754 1153 913 1193 abiens
943 1153 1206 1205 reliquerat.
1238 1153 1304 1194 Ibi
1335 1153 1480 1204 illam,
1510 1153 1631 1193 male
1658 1163 1814 1203 sanus,
1849 1163 1875 1192 a

254 1229 349 1262 tam
371 1228 533 1264 sancto
556 1223 767 1264 instituto
789 1236 1015 1265 reuocare
1038 1230 1260 1275 conatur,
1284 1236 1378 1264 non
1409 1223 1672 1275 intelligens
1700 1228 1876 1275 quanto

256 1294 370 1334 haec
393 1294 547 1334 omnia
569 1295 657 1335 sibi
678 1295 865 1335 fuerunt
893 1295 1152 1336 commodo,
1186 1295 1392 1347 Cumque
1414 1295 1563 1347 primo
1594 1294 1750 1335 statim
1771 1305 1876 1334 con-

253 1376 420 1416 gressu
454 1377 547 1405 non
583 1371 680 1406 tam
707 1366 843 1406 facile
874 1366 1148 1406 labefactari
1177 1378 1315 1418 posse
1344 1366 1470 1406 videt
1496 1366 1741 1417 plusquam
1770 1363 1876 1405 ada·

257 1437 513 1477 mantinum
536 1437 696 1478 vxoris
719 1437 923 1478 animum
942 1470 949 1488 ‚
980 1444 1029 1478 vt
1052 1438 1109 1478 ab
1137 1438 1332 1489 inceptis
1359 1437 1577 1487 resiliret,
1601 1436 1758 1477 verbis
1779 1441 1877 1476 tan-

256 1507 359 1547 dem
380 1508 546 1559 minas,
570 1508 707 1548 minis
729 1509 868 1549 ctiam
889 1509 1086 1549 verbera
1108 1509 1278 1549 addere
1300 1508 1474 1560 incipit.
1499 1507 1620 1559 Quid
1640 1507 1781 1548 faciet
1799 1507 1875 1558 pia

255 1578 477 1618 foemina?
499 1578 667 1619 marito
688 1591 781 1619 non
803 1579 1127 1632 obtemperare
1149 1591 1296 1631 grave
1319 1579 1381 1619 illi
1409 1579 1584 1619 crimen
1614 1578 1875 1628 videbatur;

258 1649 581 1701 obtemperare
600 1656 754 1691 autem
771 1662 876 1691 cum
895 1663 1007 1691 suae
1027 1651 1265 1702 religionis
1283 1650 1480 1701 iactura,
1501 1649 1722 1702 quiddam
1739 1649 1879 1690 etiam

255 1726 403 1760 morte
425 1721 661 1761 crudelius
683 1722 944 1773 reputabat.
970 1721 1097 1762 Adiit
1119 1722 1364 1773 quemdam
1383 1733 1441 1761 ex
1456 1720 1628 1761 nostris
1644 1719 1875 1760 Patribus:

251 1790 436 1841 jubetur
458 1792 614 1832 mariti
635 1792 878 1833 affectibus
900 1793 1165 1844 conniuere,
1191 1793 1347 1844 illique
1369 1803 1471 1832 sese
1493 1792 1643 1832 modis
1665 1791 1878 1831 omnibus

257 1863 551 1903 commodam
573 1864 816 1914 praebere,
840 1870 889 1903 vt
909 1864 1097 1904 tandem
1118 1865 1191 1904 uel
1213 1869 1378 1915 suapte
1400 1869 1569 1903 natura
1595 1863 1781 1912 ductus,
1804 1861 1879 1901 vel

256 1935 419 1974 onris
446 1934 772 1975 commoditate
805 1935 813 1953 ¹
842 1941 1142 1986 prouocatus,
1180 1947 1273 1975 non
1309 1935 1459 1974 solum
1495 1946 1600 1974 cum
1634 1945 1689 1973 ea
1722 1932 1880 1973 mitius

258 2010 433 2055 ageret,
458 2017 622 2046 verum
651 2006 789 2046 etiam
813 2012 855 2046 et
885 2006 929 2046 in
959 2006 1169 2046 eamdem
1198 2005 1476 2045 sententiam
1506 2003 1713 2056 pertrahi
1742 2009 1880 2055 atque

256 2075 409 2126 pellici
438 2077 598 2127 possit.
634 2076 755 2127 Quid
784 2077 964 2117 multis?
992 2077 1188 2117 maritus
1217 2077 1426 2126 tandem,
1456 2075 1617 2116 onris
1651 2074 1881 2127 probitate

258 2147 611 2198 perspecta,‘ita
640 2154 801 2199 postea
839 2159 888 2188 se
922 2148 1083 2199 gessit,
1117 2154 1167 2187 vt
1203 2148 1419 2187 omnibus
1454 2158 1617 2187 sacrae
1644 2144 1883 2196 religionis

259 2217 425 2258 muniis
446 2229 539 2257 non
557 2225 885 2269 assequeretur
904 2218 1056 2269 modo,
1076 2218 1157 2258 sed
1173 2218 1313 2258 etiam
1335 2222 1669 2269 praeuerteret‚
1684 2228 1774 2264 <nec
1790 2216 1887 2262 iam¹

258 2294 476 2328 vereatur
503 2288 673 2340 vbique
705 2289 791 2329 sibi
820 2290 941 2330 serio
971 2289 1201 2340 gratulari
1229 2289 1351 2340 quod
1379 2288 1614 2339 coniugis,
1647 2298 1761 2328 vera
1787 2297 1890 2327 mo-

258 2359 424 2410 nentis,
450 2360 645 2400 consilio
669 2360 972 2412 acquieuerit,
997 2372 1116 2412 quae
1137 2361 1225 2401 nisi
1248 2360 1368 2411 talis,
1388 2365 1438 2399 vt
1456 2359 1533 2410 ait,
1557 2359 1643 2399 sibi
1661 2358 1882 2408 contigis-

260 2437 343 2481 set,
367 2437 466 2471 erat
488 2431 695 2471 omnium
715 2431 955 2471 hominum
977 2432 1284 2472 miserrimus.

338 2502 591 2552 Proregem
610 2501 624 2520 ²
645 2502 817 2542 nostris
847 2502 1147 2543 concionibus
1176 2502 1438 2542 interfuisse
1465 2512 1638 2541 nouum
1670 2512 1763 2540 non
1795 2505 1887 2546 est21

261 2571 358 2611 eius
379 2583 492 2611 vero
513 2572 655 2612 filiam
676 2572 935 2623 Isabellam,
965 2585 1084 2624 quae
1115 2572 1236 2612 Duci
1262 2572 1491 2612 Bisbonae
1527 2571 1541 2590 ³
1569 2571 1739 2623 nupsit,
1772 2570 1882 2622 quid

261 2642 424 2682 attinet
446 2643 535 2682 huc
558 2643 746 2694 referre,
773 2655 877 2683 cum
899 2645 1025 2683 illam
1046 2654 1132 2683 nec
1155 2644 1274 2683 coeli
1300 2643 1607 2693 inclementia,
1634 2653 1718 2682 nec
1740 2643 1882 2692 longe

261 2713 439 2753 distans
461 2726 486 2752 a
507 2713 714 2764 Collegio
737 2720 896 2754 nostro
924 2714 1160 2765 palatium,
1185 2725 1270 2753 nec
1293 2714 1505 2763 aduersa,
1529 2713 1616 2753 nisi
1637 2712 1757 2752 forte
1777 2723 1880 2763 gra·

261 2784 378 2834 vior,
408 2784 648 2834 valetudo,
682 2796 800 2835 quae
828 2785 1039 2836 grauidis
1066 2784 1271 2824 heroinis
1301 2783 1313 2800 ⁴
1340 2784 1456 2824 solet
1487 2795 1589 2824 esse
1624 2782 1882 2833 familiaris,

316 2943 326 2964 ¹
365 2944 535 2977 obsequio.
553 2944 737 2972 POLANCUS.

315 2991 330 3011 ²
366 2991 528 3025 Joannem
543 2990 583 3017 de
598 2990 707 3025 Vega.

317 3039 330 3058 ³
370 3039 471 3065 Petro
486 3038 525 3065 de
538 3037 648 3066 Luna.

319 3086 332 3107 4
370 3085 424 3113 Sic
441 3085 619 3121 perspicue
637 3085 668 3111 in
684 3086 794 3112 altero
811 3085 974 3119 exemplo,
991 3092 1055 3112 non
1071 3085 1121 3112 ita
1136 3085 1167 3111 in
1179 3085 1298 3119 primo.
