2020 3342
198 247 267 284 204
708 245 933 284 LITTERAE
961 257 1318 291 QUADRIMESTRES

867 736 1150 791 GDXCIV

276 1001 510 1045 (Antonius
531 1001 622 1048 de)?
641 1002 796 1040 Rueda

318 1066 441 1103 Patri
472 1066 637 1114 ignatio
665 1067 718 1105 de
744 1067 927 1115 Loyola.

365 1131 648 1178 Salmantica,
668 1132 715 1168 30
735 1132 901 1179 Aprilis
924 1131 1012 1168 1556
1033 1132 1055 1166 ¹.

956 1323 1052 1399 nis

280 1556 379 1596 Rde
401 1544 452 1597 'in
473 1556 556 1596 X.0
579 1556 730 1596 Pater.

284 1627 448 1668 Gratia
472 1634 513 1668 et
536 1640 629 1679 pax
650 1628 837 1668 Christi.

281 1697 582 1739 Obedientiae
610 1711 787 1739 morem
814 1710 1004 1749 gerens,
1033 1698 1189 1738 Vnam
1215 1697 1548 1738 Paternitatem
1576 1698 1821 1737 certiorem

200 1770 391 1810 reddam
415 1770 470 1810 de
493 1770 565 1810 his
587 1770 813 1820 omnibus,
838 1781 956 1821 quae
978 1769 1049 1809 his
1070 1776 1269 1820 quatuor
1292 1769 1528 1808 mensibus
1551 1774 1655 1808 acta
1677 1768 1818 1817 fuere,

201 1853 398 1892 quorum
420 1842 560 1881 multa
584 1841 699 1881 adeo
725 1841 988 1892 praeteritis
1010 1840 1177 1880 similia
1200 1851 1301 1879 esse
1323 1847 1565 1891 apparent,
1590 1846 1639 1879 vt
1658 1840 1753 1879 fere
1776 1838 1819 1879 in

200 1913 321 1952 idem
342 1912 606 1953 coincidere
629 1912 890 1952 videantur.
914 1910 1008 1951 Nos
1030 1911 1198 1950 etenim
1221 1922 1381 1950 omnes
1399 1911 1678 1961 vigesimum
1700 1917 1821 1951 octa·
1877 1896 1887 1902 ⁴

202 1995 309 2023 uum
330 1995 572 2023 numerum
592 1984 843 2033 explemus,
862 1993 1029 2022 nouem
1046 1981 1263 2021 videlicet
1281 1987 1451 2032 patres,
1472 1987 1515 2020 et
1532 1981 1823 2032 undeuiginti

201 2056 385 2095 fratres.
409 2054 570 2105 Vsque
599 2053 750 2093 adhuc
782 2053 885 2103 (Dei
912 2052 1039 2102 nutu)
1062 2052 1360 2092 mediocriter
1381 2052 1628 2100 valuimus,
1663 2053 1725 2092 ita
1755 2058 1820 2102 vt,

201 2127 326 2165 nullo
349 2126 594 2176 ingruente
617 2125 794 2174 morbo,
820 2136 845 2163 a
868 2124 1016 2164 solitis
1037 2123 1272 2163 exercitiis
1299 2123 1557 2174 praepediti
1584 2123 1822 2163 fuerimus:

202 2197 371 2237 fratres
393 2207 506 2236 vero
529 2196 621 2235 iam
645 2197 827 2235 alacres
849 2194 1284 2234 mortificationibus
1313 2200 1355 2233 et
1383 2195 1652 2244 regularum
1673 2194 1823 2234 obser-

202 2268 388 2308 uatione
410 2267 571 2318 induti,
597 2267 730 2318 quasi
752 2266 1027 2317 quibusdam
1049 2265 1222 2304 aculeis
1243 2265 1302 2305 ad
1319 2265 1504 2304 virtutis
1523 2266 1699 2305 calcem
1717 2265 1824 2315 (sic)

203 2339 446 2390 peruenire
476 2344 754 2389 properant:
784 2338 1024 2377 literarum
1059 2336 1440 2376 exercitationem
1475 2336 1694 2376 continuo
1726 2335 1823 2376 fieri

203 2415 416 2450 curatum
438 2415 522 2459 est,
547 2420 602 2448 ac
624 2409 764 2448 etiam
783 2408 1105 2447 conclusiones
1124 2408 1319 2447 istarum
1338 2406 1609 2446 facultatum
1627 2407 1822 2457 singulis

203 2480 458 2531 quibusque
481 2479 725 2519 dominicis
747 2479 906 2518 diebus
928 2478 1113 2517 habitae
1142 2483 1271 2526 sunt,
1301 2478 1689 2528 quadragesimae
1711 2485 1820 2517 tem-

204 2563 314 2602 pore
344 2550 545 2601 dempto,
576 2562 694 2600 quae
727 2549 835 2599 (sic)
870 2555 1049 2588 tantum
1086 2548 1301 2599 priuatim
1337 2547 1487 2587 factae
1524 2554 1644 2597 sunt,
1676 2548 1822 2599 patris

204 2621 444 2662 cuiusdam
472 2622 648 2671 gratia,
679 2620 754 2671 qui
790 2619 950 2659 diebus
986 2619 1229 2658 dominicis
1265 2618 1503 2658 doctrinae
1539 2619 1822 2658 christianae

205 2699 303 2732 erat
340 2693 483 2732 verba
518 2691 743 2741 facturus3
780 2690 825 2730 id
853 2696 1007 2729 autem
1043 2690 1190 2740 primo
1226 2690 1271 2728 in
1303 2689 1499 2729 ecclesia
1536 2696 1708 2738 nostra,
1743 2689 1823 2729 sed

141 2749 153 2761 ³
204 2770 333 2804 tanta
370 2763 522 2814 populi
552 2761 796 2802 multitudo
827 2760 1063 2809 confluxit,
1097 2766 1147 2799 vt
1176 2767 1338 2811 postea
1369 2759 1551 2799 demum
1582 2771 1824 2799 necessum

205 2835 342 2875 fuerit
365 2834 474 2874 alibi
495 2833 728 2884 prosequi,
752 2832 829 2871 vbi
851 2843 1032 2883 semper
1053 2842 1252 2881 magnus
1272 2832 1508 2871 hominum
1537 2837 1697 2871 coetus
1719 2843 1823 2870 con-

205 2906 344 2955 uenit,
370 2905 442 2944 cui
464 2904 713 2943 vehemens
742 2903 1005 2942 intercessit
1033 2902 1237 2951 affectiO,
1270 2902 1375 2941 licet
1409 2902 1547 2941 etiam
1578 2902 1677 2952 ipsa
1708 2902 1822 2941 hora

259 3065 267 3084 ¹
308 3063 557 3099 Autog1·aphae
574 3063 697 3096 duplici
714 3062 802 3095 folio,
819 3063 925 3096 primo
941 3070 970 3089 n.
986 3061 1049 3095 367,
1066 3062 1175 3088 altero
1190 3069 1252 3087 non
1270 3064 1455 3088 numerato,
