2020 3342
822 273 904 306 AN.
937 269 1026 308 1556
1662 267 1737 304 465

186 366 378 418 Semper
399 366 444 406 in
465 372 626 406 nostro
652 367 823 406 sacello
845 357 1019 415 eorum,
1044 366 1121 417 qui
1143 365 1201 405 ad
1217 370 1514 404 sacramenta
1537 364 1730 404 sanctis-

107 439 224 478 sima
246 437 555 477 confessionis
576 443 620 477 et
640 437 952 477 eucharistiae
974 437 1221 486 accedunt,
1243 436 1462 487 frequens
1484 440 1552 474 est
1573 446 1727 474 nume-

105 519 200 548 rus:
225 514 268 547 et
289 508 363 547 ille
384 508 585 559 quidem,
610 508 862 548 auxiliante
884 507 1100 557 Domino,
1118 508 1165 547 in
1186 507 1284 547 dies
1301 511 1514 556 augetur.
1537 505 1588 545 In
1605 505 1729 545 festi-

108 579 251 619 uitate
271 578 621 630 Assumptionis
643 578 947 618 Beatissimae
965 578 1176 629 Virginis
1198 577 1407 629 proxime
1423 577 1598 627 elapsa,
1621 585 1665 615 et
1682 576 1729 615 in

109 650 256 689 tribus
277 649 437 688 diebus
458 649 608 688 eidem
628 649 871 689 festiuitati
891 649 1113 699 proximis
1134 655 1290 688 tantus
1310 647 1396 687 fuit
1417 658 1636 686 numerus
1657 657 1731 686 ac-

99 720 386 769 cedentium,
418 726 466 759 vt
494 731 611 771 pene
641 726 823 771 tempus
848 718 1035 770 jubilaei
1059 725 1321 771 appareret,
1346 718 1469 770 quod
1495 717 1732 768 singulare

108 797 176 830 est
198 790 330 830 nobis
351 801 534 841 semper
551 797 684 830 extra
705 790 1116 841 quadragesimam
1137 790 1255 830 inter
1272 801 1433 834 omnes
1449 788 1674 828 ecclesias
1688 794 1734 827 et

108 861 396 902 monasteria
429 861 572 911 vrbis,
606 868 745 913 atque
775 861 821 902 id
847 861 1033 913 quidem
1062 861 1214 912 (prout
1242 860 1396 912 gentis
1422 859 1625 900 conditio
1648 858 1733 907 est)

108 944 192 984 pro
215 932 419 972 maximo
442 932 681 972 aestimari
701 932 849 972 debet.

190 1001 420 1043 Sacerdos
441 1003 629 1054 quidam
652 1003 710 1042 ad
730 1004 952 1044 exercitia
973 1004 1233 1054 spiritualia
1256 1002 1528 1054 accipienda
1550 1002 1622 1041 his
1643 1001 1734 1040 die-

110 1074 194 1112 bus
225 1073 456 1113 admissus
484 1081 572 1122 est,
603 1075 863 1126 exindeque
891 1074 1007 1114 adeo
1039 1074 1138 1126 ejus
1169 1075 1352 1114 animus
1387 1080 1562 1113 motum
1591 1072 1735 1112 sensit

110 1144 308 1195 Spiritus
331 1143 505 1195 Sancti,
530 1152 579 1184 vt
601 1152 643 1185 et
665 1147 820 1185 seculo
838 1146 1130 1196 renunciare,
1154 1153 1198 1185 et
1218 1144 1319 1185 Deo
1338 1145 1383 1184 in
1404 1144 1637 1184 Societate
1658 1155 1733 1182 no-

112 1220 209 1254 stra
230 1214 430 1254 militare
459 1216 693 1255 constanti
714 1215 868 1256 animo
890 1216 1165 1256 decreuerit.
1195 1215 1343 1266 Quem
1369 1216 1415 1255 in
1446 1215 1567 1255 hanc
1593 1214 1736 1254 animi

110 1285 390 1324 sententiam
423 1296 595 1336 magna
628 1299 685 1326 ex
712 1293 844 1337 parte
874 1287 962 1327 hoc
996 1287 1191 1337 impulit,
1222 1286 1347 1338 quod
1381 1285 1738 1326 constitutiones

109 1362 297 1395 nostras
318 1356 444 1406 legit,
468 1368 585 1408 quas
605 1356 706 1397 Deo
727 1358 890 1408 plenas
910 1369 1012 1397 esse
1034 1357 1272 1409 professus
1293 1363 1381 1406 est,
1415 1357 1548 1408 eique
1568 1356 1734 1396 mirum

111 1425 158 1465 in
178 1426 366 1466 modum
386 1428 676 1478 placuerunt:
699 1440 896 1479 cumque
925 1429 999 1468 hic
1030 1428 1191 1480 optimi
1211 1427 1386 1478 ingenii
1415 1428 1553 1466 homo
1585 1427 1643 1466 sit
1671 1432 1736 1466 at-

110 1508 197 1549 que
220 1497 374 1537 animo
398 1498 515 1548 pius,
540 1499 729 1550 eiusque
756 1500 1071 1549 exemplarem
1101 1500 1247 1539 vitam
1275 1498 1464 1538 laudent
1484 1497 1735 1538 communi·

110 1573 179 1607 ter
201 1568 279 1619 qui
300 1579 405 1608 eum
426 1575 597 1609 norunt
619 1575 662 1609 et
683 1570 951 1610 conuersati
985 1577 1105 1619 sunt,
1140 1577 1278 1621 atque
1305 1569 1352 1609 in
1378 1569 1524 1611 literis
1552 1568 1615 1608 ita
1647 1579 1734 1607 me—

112 1638 334 1679 diocriter
362 1639 629 1691 profecerit,
668 1647 716 1680 vt
752 1641 1122 1681 confessionibus
1156 1639 1398 1680 audiendis
1430 1639 1568 1680 valde
1602 1646 1738 1690 aptus

112 1716 340 1760 appareat
362 1712 484 1757 (curn
505 1711 551 1750 id
571 1712 669 1762 ipse
687 1711 891 1752 muneris
907 1723 989 1763 per
1005 1713 1158 1763 plures
1179 1711 1371 1751 subierit
1389 1722 1552 1760 annos,
1576 1721 1738 1750 curam

112 1790 282 1831 gerens
309 1781 603 1832 animarum),
628 1782 892 1833 ingressum
913 1789 1068 1822 tamen
1090 1782 1204 1832 eius,
1227 1782 1334 1821 licet
1356 1788 1566 1832 optatum
1587 1781 1645 1821 ab
1666 1793 1735 1831 e0,

113 1850 332 1902 impediet
352 1851 472 1892 forte
501 1853 604 1902 hoc,
628 1853 753 1904 quod
778 1853 875 1894 fere
902 1853 1332 1905 quinquagenarius
1353 1859 1437 1893 est.
1461 1852 1552 1892 Det
1582 1852 1737 1892 Domi—

114 1933 201 1986 nus
236 1928 286 1962 vt
311 1922 358 1962 id
391 1922 484 1974 fiat,
521 1924 646 1976 quod
671 1924 757 1976 ipsi
781 1925 984 1965 maxime
1014 1926 1213 1976 placeat.
1246 1924 1347 1964 Hoc
1379 1936 1472 1964 non
1506 1923 1738 1963 immerito

113 2004 217 2032 mea
239 1993 433 2033 scientia
459 1994 670 2035 diffusius
695 1996 920 2047 expressi,
951 1996 1059 2047 quia
1086 1995 1428 2035 aestimandum
1455 1994 1581 2044 duxi,
1612 2002 1662 2034 vt
1692 1994 1739 2033 in

112 2064 201 2104 hoc
222 2075 368 2115 regno
397 2065 577 2117 hacque
598 2067 643 2106 in
671 2072 962 2118 tempestate,
986 2067 1193 2118 procella
1220 2066 1426 2106 maxima
1447 2066 1581 2117 (quae
1608 2075 1741 2116 prae-

112 2135 267 2185 cessit)
288 2135 494 2175 nondum
515 2137 701 2177 omnino
723 2137 900 2188 sedata,
920 2137 1085 2189 aliquis
1102 2144 1147 2176 et
1163 2137 1389 2177 exercitia
1406 2147 1589 2176 sumere
1610 2136 1738 2187 spiri-

109 2201 258 2245 tualia
279 2216 305 2244 a
327 2206 476 2253 nobis,
500 2214 544 2246 et
566 2214 778 2248 nostrum
795 2209 1014 2260 amplecti
1034 2207 1256 2260 sequique
1276 2207 1445 2248 audeat
1462 2207 1736 2256 institutum,

115 2275 221 2316 licet
239 2288 297 2316 ex
313 2288 367 2316 eo
385 2277 483 2328 ipso
496 2278 636 2329 (quod
652 2279 788 2319 modo
804 2279 1122 2319 difficultatem
1139 2279 1311 2326 obiicit,
1326 2289 1443 2329 quae
1456 2278 1543 2317 Dei
1560 2278 1738 2329 sapien-

116 2347 179 2386 tia
201 2354 245 2386 et
265 2347 449 2388 bonitas
469 2349 646 2399 existit)
672 2361 845 2401 magna
876 2361 1066 2401 sperare
1090 2349 1356 2398 debeamus,
1383 2355 1426 2389 et
1460 2349 1625 2389 merito
1648 2349 1742 2389 iam

115 2418 208 2456 iam
248 2417 307 2457 ad
346 2417 536 2459 Domini
562 2420 762 2470 gloriam
789 2420 1048 2460 aduentura
1072 2420 1385 2460 indubitanter
1424 2425 1738 2470 expectemus.

197 2487 246 2527 Ρ.
276 2487 554 2539 Santander,
589 2491 645 2530 de
672 2492 1000 2531 commissione
1031 2489 1275 2541 cujusdam
1306 2502 1363 2530 ex
1394 2490 1742 2541 inquisitoribus

117 2558 367 2609 prauitatis
396 2560 682 2611 haereticae,
713 2562 942 2613 quaedam
969 2561 1298 2612 neophitorum
1328 2562 1431 2600 loca
1453 2561 1629 2611 inuisit,
1664 2561 1741 2600 vbi

119 2640 200 2680 per
230 2629 405 2681 aliquot
433 2631 532 2670 dies
563 2638 770 2672 moratus
799 2638 869 2672 est
893 2631 1211 2694 praedicando
1244 2638 1287 2672 et
1316 2631 1422 2672 fidei
1457 2632 1606 2683 prima
1640 2632 1744 2672 edo-

118 2699 264 2739 cendo
286 2700 565 2741 rudimenta:
583 2713 642 2742 ex
658 2714 748 2754 quo
764 2714 859 2743 non
876 2702 1157 2742 mediocrem
1174 2702 1377 2742 fructum
1395 2703 1584 2753 protulit
1601 2701 1742 2752 Deus,

118 2781 222 2810 cum
251 2771 480 2822 spirituali
510 2773 833 2825 prosequendo
864 2773 1052 2824 negotio
1085 2773 1299 2813 dominus
1330 2781 1485 2813 terrae
1511 2773 1632 2813 illius
1653 2773 1747 2825 (qui

119 2841 288 2881 Comes
308 2842 364 2882 de
384 2841 585 2895 Sastago
606 2845 931 2896 nuncupatur),
952 2844 1114 2895 optimi
1131 2844 1272 2884 animi
1289 2844 1376 2893 vir,
1398 2844 1475 2895 qui
1493 2851 1537 2883 et
1552 2844 1598 2883 in
1620 2844 1747 2883 viam

119 2911 307 2952 Domini
337 2924 431 2953 non
450 2925 617 2966 parum
644 2915 853 2966 profecit,
883 2926 1071 2955 manum
1101 2915 1363 2966 porrexerit
1386 2913 1673 2965 adjutricem,
1696 2921 1746 2953 vt

118 2995 192 3032 ea,
218 2994 339 3034 quae
359 2995 386 3024 a
412 2983 550 3025 Patre
570 2985 687 3025 bene
717 2992 883 3037 coepta
903 2991 1030 3035 sunt,
1061 2991 1106 3025 et
1127 2991 1428 3037 perseuerent
1449 2992 1493 3025 et
1514 2990 1744 3025 crescant.

200 3052 353 3094 Rediit
373 3054 583 3106 Pater‚et
599 3056 754 3096 visum
773 3057 908 3096 nobis
925 3056 1010 3097 suit
1027 3056 1072 3096 in
1090 3055 1291 3096 Domino
1312 3056 1532 3107 expedire
1548 3063 1598 3096 vt
1622 3056 1746 3106 oppi-

314 3127 365 3165 T.
398 3141 450 3166 iv.
1518 3140 1562 3175 30
