2020 3342
614 241 836 278 ADDENDA
864 253 902 279 ιΝ
930 253 1044 279 ΤοΜο
1072 253 1263 280 SECUNDO
1676 242 1746 279 697

129 336 305 376 ciscum
326 336 639 388 Villanouam‚
664 339 825 378 iubens
853 351 956 379 eum
985 340 1074 380 huc
1106 341 1279 388 venire,
1318 345 1368 379 vt
1402 339 1519 379 haec
1553 339 1740 389 negotia

129 418 235 447 cum
263 407 452 447 ciuitate
482 416 722 457 tractaret,
755 410 992 450 ordinaret
1022 416 1159 461 atque
1191 409 1510 450 concluderet:
1541 409 1580 448 is
1608 420 1734 458 uero,

127 478 245 518 febri
266 478 474 528 affectus,
498 480 744 531 impeditus
766 488 834 521 est
855 482 1100 532 quominus
1127 482 1285 521 statim
1314 481 1491 521 ueniret
1515 492 1660 531 usque
1682 479 1742 519 ad

129 555 345 589 exactum
366 548 699 601 Septembrem,
722 551 799 602 qui
821 551 913 591 iam
934 558 1042 592 tunc
1063 552 1238 591 inuenit
1259 551 1485 603 quosdam
1503 551 1670 591 fratres
1687 550 1742 589 si-

127 619 237 669 mul,
262 630 378 670 quos
399 620 584 660 domina
608 620 880 662 Marchiona
903 628 1113 662 materna
1139 621 1309 673 pietate
1338 621 1539 673 hospitio
1570 621 1616 661 in
1645 620 1742 660 suis

128 690 319 730 aedibus
339 698 602 742 exceperat,
627 692 946 744 retinebatque
967 704 1052 732 nos
1072 703 1231 732 omnes
1252 692 1298 732 in
1319 703 1402 732 sua
1425 692 1531 732 aula
1552 703 1644 742 qua
1664 701 1743 742 po-

127 766 248 801 terat
270 761 497 801 charitate
518 763 738 802 maxima¹

204 832 415 885 Jusserat
437 833 621 873 interim
643 834 743 884 ipsa
773 834 958 874 cuidam
987 833 1159 873 famulo
1190 845 1273 873 suo
1303 845 1471 885 parare
1502 833 1636 873 nobis
1665 832 1744 872 do-

125 914 250 943 mum
272 903 532 953 Cordubae,
557 916 695 955 quam
722 903 768 944 P.
799 904 1031 944 Antonius
1058 904 1237 955 pridem
1266 903 1427 944 habuit
1457 903 1515 944 ab
1545 903 1743 943 ecclesia

125 974 427 1026 eamdemque
450 975 692 1015 habitauit.
719 974 848 1026 Quae
866 987 970 1015 cum
989 987 1041 1015 ea
1061 975 1388 1015 commoditate
1406 980 1601 1024 careret,
1625 984 1744 1025 quae

124 1051 247 1084 esset
281 1045 485 1085 maxime
520 1046 785 1085 necessaria
822 1046 880 1086 ad
916 1045 1119 1096 aptanda
1146 1045 1410 1096 gymnasia,
1445 1045 1642 1084 famulus
1668 1043 1744 1083 ille

125 1115 420 1166 quaeritabat
441 1115 628 1156 domum
656 1117 816 1166 aliam;
850 1116 1038 1156 tandem
1068 1116 1244 1156 inuenit
1275 1116 1463 1155 domum
1491 1114 1743 1166 quamdam

126 1186 302 1226 domini
335 1187 441 1227 Don
475 1187 582 1237 (sic)
617 1188 811 1240 Joannis
850 1188 905 1228 de
941 1187 1178 1236 Corduba,
1221 1187 1375 1238 patrui
1415 1186 1545 1226 ducis
1581 1184 1740 1233 Sesae,

126 1269 267 1308 quam
288 1258 363 1297 ille
383 1259 536 1309 potius
558 1258 721 1298 obtulit
743 1258 1077 1298 satisfactionis
1103 1264 1146 1297 et
1175 1257 1407 1297 amicitiae
1435 1256 1608 1296 veteris
1635 1266 1742 1306 gra-

123 1329 203 1371 tia.
228 1340 367 1380 quam
388 1340 494 1369 cum
514 1327 651 1368 Patre
672 1328 878 1369 Antonio
900 1328 1142 1378 habuerat,
1167 1339 1304 1379 quam
1331 1326 1454 1378 quod
1475 1334 1597 1366 esset
1624 1326 1742 1366 bene

124 1398 317 1439 affectus
338 1410 451 1450 erga
473 1398 754 1440 Societatem
775 1405 819 1440 et
839 1410 951 1450 erga
973 1399 1212 1439 decretum
1231 1397 1384 1438 Patris
1401 1397 1593 1437 Antonii
1613 1397 1659 1436 in
1676 1396 1740 1436 in-

121 1480 289 1520 gressu
322 1469 587 1517 Societatis;
628 1470 779 1510 aiebat
807 1469 929 1509 enim
956 1469 1030 1509 ille
1059 1470 1185 1509 “esse
1207 1464 1453 1509 Teatinum
1480 1479 1581 1508 esse
1608 1467 1741 1506 desa*-

121 1540 244 1591 tino„
262 1573 274 1591 ,
295 1541 418 1592 quod
438 1541 568 1581 latini
589 1540 950 1581 deliramentum
972 1547 1159 1580 uocant.
1184 1540 1352 1580 Postea
1382 1550 1492 1578 uero
1523 1549 1628 1578 cum
1656 1537 1741 1577 Pa-

122 1611 206 1651 tris
226 1610 506 1652 Villanouae
535 1611 763 1652 aduentus
798 1611 856 1651 ad
891 1610 1079 1651 Domini
1114 1609 1222 1650 Don
1253 1610 1447 1662 Joannis
1478 1621 1614 1649 aures
1640 1620 1740 1659 per-

122 1682 347 1733 uenisset,
385 1682 599 1734 quodque
638 1683 696 1722 ad
730 1682 1073 1722 xenodochium
1107 1681 1357 1722 diuerteret
1390 1681 1538 1720 donec
1573 1680 1739 1719 domus

121 1754 398 1805 parabatur,
435 1753 584 1794 effecit
618 1754 741 1794 illico
775 1753 881 1793 Don
918 1752 1123 1805 Joannes
1163 1763 1268 1792 cum
1310 1751 1483 1791 famulo
1522 1750 1738 1790 dominae

122 1825 425 1865 Marchionae
446 1831 496 1865 vt
528 1824 586 1864 ad
616 1835 665 1864 se
694 1823 880 1864 Patrem
915 1823 1242 1864 Villanueuam
1275 1822 1542 1871 adduceret,
1580 1822 1735 1862 animo

120 1896 277 1947 potius
311 1907 391 1936 eos
428 1894 437 1914 ¹
469 1895 678 1935 tentandi
709 1906 849 1946 quam
879 1895 1002 1946 apud
1031 1905 1080 1934 se
1107 1893 1375 1945 recipiendi.
1406 1893 1523 1933 Tam
1549 1893 1736 1933 sinistre

121 1967 244 2007 enim
266 1967 321 2007 de
343 1966 576 2007 Societate
597 1966 886 2017 loquebatur,
910 1971 961 2005 vt
980 1965 1029 2005 P.
1061 1964 1287 2015 Magister
1314 1964 1452 2004 Auila
1479 1963 1508 2014 ⁶²,
1541 1964 1633 2014 qui,
1661 1975 1738 2015 pe·

121 2037 252 2078 rinde
273 2049 329 2078 ac
348 2043 427 2077 tua
451 2037 729 2087 Paternitas,
753 2048 857 2076 eam
877 2035 891 2054 ⁵
912 2036 1088 2076 adiuuit
1104 2035 1308 2086 fauitque
1329 2035 1428 2075 eius
1445 2035 1583 2074 rebus
1598 2041 1737 2086 atque

121 2107 305 2157 direxit,
342 2110 485 2148 multo
521 2108 673 2158 magis
707 2108 807 2148 eius
840 2108 854 2126 ‘⁴
889 2107 1326 2156 contradictionem,
1364 2117 1503 2157 quam
1541 2105 1739 2145 alicuius

120 2180 313 2220 alterius
342 2179 539 2229 timeret,
577 2185 739 2230 vtpote
770 2178 847 2230 qui
872 2178 1048 2229 primus
1076 2178 1135 2217 sit
1167 2177 1304 2217 huius
1332 2176 1548 2216 ciuitatis.
1578 2175 1737 2216 Caete-

120 2261 224 2290 rum
244 2251 323 2290 ubi
343 2250 482 2291 Pater
502 2250 784 2290 Villanueua
805 2260 910 2289 cum
930 2249 1075 2289 fratre
1095 2248 1291 2289 Alfonso
1313 2247 1469 2298 Lopez
1499 2247 1558 2286 ad
1584 2247 1736 2297 ipsum

121 2321 349 2371 adierunt,
373 2332 521 2372 Vsque
541 2320 658 2360 adeo
678 2320 743 2359 1111
763 2320 886 2371 grati
907 2319 1035 2360 fuere
1057 2326 1101 2360 et
1122 2320 1169 2359 in
1189 2318 1610 2359 communicatione
1625 2324 1670 2357 et
1688 2317 1735 2357 in

121 2393 303 2432 ratione
338 2392 534 2432 instituti
568 2390 830 2440 Societatis,
867 2402 1007 2442 quam
1040 2390 1375 2441 explicuerunt,
1414 2396 1463 2428 vt
1498 2388 1737 2428 videretur

121 2462 350 2502 Dominus
371 2468 528 2502 noster
549 2462 646 2501 eius
678 2461 938 2501 visceribus
971 2459 1252 2501 Societatem
1281 2459 1545 2499 inseruisse.
1580 2458 1736 2509 Quare

120 2533 279 2573 statim
300 2544 405 2573 cum
427 2532 492 2572 eis
512 2543 654 2583 agere
683 2532 850 2583 coepit,
883 2543 1086 2583 quonam
1116 2537 1254 2582 pacto
1285 2541 1395 2569 suas
1422 2529 1737 2580 amplissimas

119 2602 275 2654 aedes,
312 2614 429 2654 quas
460 2602 531 2642 bis
566 2601 850 2652 aedificarat,
887 2600 1110 2642 Societati
1136 2601 1366 2641 traderet:
1396 2599 1579 2640 fuerant
1611 2599 1736 2639 enim

115 2680 221 2725 post
243 2673 441 2725 primam
463 2673 859 2713 constructionem
881 2672 1175 2721 combustae3
1206 2671 1458 2710 constitere
1486 2677 1642 2710 autem
1671 2670 1739 2711 illi

169 2857 180 2877 ¹
217 2857 298 2891 Eos;
320 2857 470 2892 Patrem,
495 2858 636 2891 scilicet,
658 2856 880 2884 Franciscum
901 2857 940 2883 de
963 2857 1187 2890 Villanueva‚
1209 2856 1345 2890 ejusque
1365 2854 1502 2890 socium,
1525 2855 1739 2889 Alphonsum

115 2905 241 2940 Lopez.

168 2952 183 2970 2
220 2951 258 2979 B.
274 2951 420 2985 Joannes
435 2952 474 2978 de
492 2951 606 2979 Avila.

169 2998 185 3018 ⁵
221 2998 370 3031 Scilicet,
392 2998 609 3026 Societatem.

171 3046 186 3065 ⁴
223 3045 356 3073 Domini
372 3046 512 3079 Decani,
527 3046 664 3079 Joannis
680 3047 719 3073 de
735 3046 901 3073 Corduba.

261 3106 310 3142 T.
335 3118 385 3143 iv.
1506 3114 1549 3149 45
