2020 3342
272 248 341 289 ,272
777 249 1003 291 LITTERAE
1030 260 1386 296 QUADRIMESTRES

260 361 483 401 magnum
523 350 786 390 animorum
827 362 1016 390 suorum
1061 350 1263 391 fructum
1300 350 1467 390 ferunt.
1517 349 1723 391 Adiuuet
1761 350 1889 391 Deus

260 432 420 462 eorum
443 427 652 472 conatus,
678 433 767 473 quo
788 422 937 462 maior
965 422 1011 461 in
1032 421 1130 462 dies
1160 421 1371 472 singulos
1392 421 1550 462 divino
1578 421 1756 462 numini
1784 422 1886 462 laus

259 492 491 533 tribuatur
514 493 646 543 eique
666 493 847 544 gratiae
870 497 1071 543 agantur
1092 494 1307 533 maiores.

338 562 427 614 Qui
448 562 570 615 apud
591 575 676 603 nos
696 563 842 604 literis
871 575 1061 615 operam
1082 564 1208 615 dant,
1239 576 1344 604 cum
1375 564 1421 604 in
1448 564 1595 604 literis
1624 569 1722 604 tum
1744 563 1885 604 etiam

258 634 305 674 in
325 634 498 675 virtute
525 646 618 674 non
647 635 906 675 mediocres
936 635 1113 676 faciunt
1144 647 1438 687 progressus.
1473 635 1590 676 Cum
1615 635 1756 676 homo
1789 635 1884 687 qui-

260 705 367 745 dam
388 717 570 756 caecus,
595 717 688 745 non
708 706 846 757 longe
869 718 894 746 a
922 712 1081 746 nostro
1112 706 1334 757 Collegio,
1358 706 1485 746 viam
1513 706 1740 758 nesciens,
1765 706 1885 746 inter

260 775 437 827 lapides
459 782 503 816 et
523 787 639 817 saxa
662 783 855 828 erraret,
879 789 999 817 unus
1021 789 1079 817 ex
1108 777 1404 817 scholasticis
1434 788 1702 828 occurrens,
1733 777 1886 828 capite

260 853 423 897 aperto
445 859 587 887 caeco
609 847 851 888 humerum
880 849 1107 900 praebuit,
1138 860 1228 900 quo
1251 848 1475 888 subnixus
1505 860 1553 888 se
1575 848 1673 899 ipse
1694 848 1885 888 sustine-

258 924 343 967 ret,
376 918 513 969 atque
541 919 604 959 ita
635 919 763 960 illum
794 920 838 959 in
862 921 987 960 viam
1018 919 1217 970 reduxit;
1241 919 1304 960 ibi
1334 919 1476 959 etiam
1506 919 1808 970 praecedens,
1842 926 1885 958 et

259 1001 364 1029 cum
395 1001 449 1029 eo
481 989 773 1030 familiariter
804 991 1089 1043 colloquens,
1121 991 1248 1031 viam
1279 991 1321 1030 ei
1352 991 1546 1031 comiter
1576 989 1883 1030 monstrabat.

257 1060 362 1100 Duo
384 1061 720 1113 adolescentes,
745 1062 822 1113 qui
844 1062 1162 1113 superioribus
1184 1061 1344 1102 diebus
1374 1061 1654 1102 Societatem
1675 1067 1885 1101 nostram

257 1131 439 1181 ingredi
471 1132 771 1172 vehementer
800 1133 1064 1184 cupiebant,
1099 1145 1295 1185 quorum
1326 1133 1443 1173 alter
1473 1132 1617 1172 literis
1652 1132 1882 1180 studebat,

258 1202 351 1241 iam
382 1202 427 1242 in
450 1202 731 1243 Societatem
759 1204 971 1253 admissi,
1005 1204 1350 1244 Conimbricam
1379 1203 1576 1255 profecti
1606 1208 1726 1243 sunt.
1751 1203 1885 1243 Alius

257 1273 444 1324 quidam
476 1285 534 1313 ex
554 1274 703 1325 prima
739 1274 900 1314 schola
922 1287 1027 1315 cum
1050 1274 1333 1315 Societatem
1365 1282 1576 1315 nostram
1597 1274 1779 1325 ingredi
1809 1286 1884 1314 ve-

254 1345 493 1384 hementer
515 1352 720 1396 cuperet,
744 1358 770 1385 a
798 1352 990 1397 parente
1012 1347 1273 1398 prohibitus
1294 1352 1376 1396 est,
1403 1352 1447 1385 et
1477 1358 1503 1385 a
1525 1346 1764 1385 literarum
1791 1350 1883 1384 stu-

257 1415 331 1455 dio
355 1415 596 1466 abductus,
621 1428 678 1455 ne
700 1417 818 1456 forte
840 1430 865 1456 a
883 1417 1015 1457 nobis
1036 1417 1339 1468 reciperetur,
1360 1422 1498 1468 atque
1519 1416 1659 1456 etiam
1678 1415 1882 1456 admoni-

254 1492 327 1526 tus
348 1498 404 1526 ne
426 1498 530 1526 cum
552 1487 726 1526 nostris
748 1487 803 1527 de
824 1499 874 1527 re
896 1488 1051 1539 aliqua
1083 1489 1471 1538 communicaret,
1494 1499 1612 1527 neve
1641 1492 1883 1527 consuetu-

255 1557 359 1598 dine
381 1564 542 1598 nostra
573 1564 796 1598 vteretur.
822 1559 883 1598 At
905 1572 1018 1599 vero
1041 1560 1314 1600 adolescens
1336 1571 1429 1599 non
1450 1559 1587 1599 modo
1608 1559 1654 1598 id
1674 1570 1767 1598 non
1789 1569 1882 1598 mo-

255 1630 367 1669 leste
403 1630 519 1676 tulit,
553 1630 633 1669 sed
664 1630 801 1670 etiam
834 1631 1136 1671 vehementer
1166 1632 1355 1683 gaudet,
1388 1642 1528 1683 quum
1564 1636 1717 1679 antea,
1750 1635 1882 1681 patre

255 1700 423 1751 inuito,
447 1701 554 1752 quia
578 1701 622 1740 in
644 1702 817 1741 nostris
839 1702 1012 1742 scholis
1043 1703 1335 1751 versabatur,
1359 1702 1540 1753 ingredi
1561 1713 1653 1741 non
1682 1707 1880 1752 poterat;

253 1783 376 1812 nunc
408 1783 521 1812 vero
543 1779 700 1823 sperat
729 1785 776 1812 se
799 1773 857 1812 ad
878 1774 923 1813 id
952 1774 1076 1825 quod
1103 1775 1249 1826 cupit,
1274 1775 1415 1814 etiam
1442 1779 1634 1825 parente
1663 1772 1881 1813 inuitissi-

254 1855 342 1894 mo,
368 1850 713 1895 peruenturum,
739 1846 974 1897 multoque
1002 1846 1261 1886 faciliorem
1292 1846 1466 1886 aditum
1487 1844 1769 1885 habiturum.
1804 1843 1878 1884 Al-

252 1921 322 1954 ter
344 1914 549 1965 ejusdem
577 1916 755 1966 primae
783 1916 993 1967 scholae,
1018 1917 1077 1956 ad
1098 1923 1309 1957 nostrum
1341 1917 1604 1956 institutum
1632 1915 1880 1955 admodum

254 1991 411 2036 aptus,
436 1986 668 2026 admissus
689 1992 732 2026 et
754 1993 969 2038 receptus
991 1994 1081 2038 est,
1106 1994 1150 2028 et
1170 2000 1293 2028 nunc
1315 1987 1557 2027 nobiscum
1578 1992 1622 2026 et
1651 1986 1770 2026 inter
1797 1997 1883 2026 nos

252 2063 482 2096 versatur.
521 2056 721 2108 Quidam
756 2070 815 2098 ex
849 2058 1054 2098 secunda
1086 2060 1270 2110 schola,
1303 2070 1409 2099 cum
1441 2057 1579 2098 Pater
1613 2057 1882 2097 Ludouicus

255 2126 491 2177 Goncalez
513 2127 717 2179 adesset,
749 2140 1036 2181 magnopere
1058 2129 1295 2170 contendit
1326 2136 1376 2169 vt
1397 2129 1698 2181 reciperetur;
1722 2127 1803 2168 sed
1829 2127 1879 2167 P.

252 2198 519 2239 Ludouicus
552 2211 657 2239 eum
691 2199 737 2239 in
772 2199 896 2239 aliud
928 2206 1108 2252 tempus
1138 2200 1317 2241 distulit
1349 2206 1486 2252 atque
1516 2199 1699 2250 reiecit,
1739 2209 1882 2250 quum

253 2269 404 2310 adhuc
436 2269 681 2310 videbatur
704 2270 1042 2322 aliquantulum
1073 2283 1202 2323 puer.
1227 2272 1362 2312 Alius
1383 2270 1590 2311 eiusdem
1621 2269 1810 2310 scholae
1831 2274 1882 2309 vt

253 2339 534 2381 Societatem
554 2341 735 2391 ingredi
752 2348 909 2393 posset
931 2355 957 2382 a
978 2343 1250 2393 parentibus
1267 2348 1337 2382 est
1354 2347 1645 2382 consecutus
1670 2340 1880 2380 Praeter-

252 2423 306 2451 ea
342 2412 563 2452 sacerdos
598 2412 787 2464 quidam
822 2425 880 2453 ex
908 2414 1004 2464 his,
1035 2414 1112 2465 qui
1146 2414 1465 2453 conscientiae
1501 2424 1639 2452 casus
1669 2411 1877 2461 audiunt,

252 2494 400 2534 neque
430 2483 489 2523 ad
518 2483 779 2524 institutum
808 2490 1019 2525 nostrum
1049 2496 1217 2536 parum
1243 2485 1461 2533 idoneus,
1494 2483 1775 2524 Societatem
1802 2494 1878 2522 no-

253 2559 397 2593 stram
420 2554 601 2605 ingredi
630 2555 797 2595 mirum
819 2555 865 2595 in
895 2556 1083 2596 modum
1105 2556 1410 2607 concupiscit:
1435 2561 1478 2595 et
1500 2566 1641 2605 quum
1670 2552 1880 2593 nonnihil

254 2625 293 2664 ei
316 2625 444 2675 prius
466 2625 783 2676 peragendum
805 2632 888 2675 est,
919 2627 974 2665 ob
996 2638 1100 2666 eam
1121 2638 1218 2666 rem
1250 2627 1308 2677 id,
1338 2626 1463 2677 quod
1490 2636 1783 2676 summopere
1805 2635 1878 2664 cu-

253 2696 332 2746 pit,
358 2695 508 2735 adhuc
538 2709 628 2735 non
651 2697 857 2747 perfecit.
883 2697 998 2737 Trcs
1026 2709 1083 2737 cx
1112 2698 1286 2737 nostris
1314 2696 1621 2745 scholasticis,
1653 2700 1880 2747 quantum

255 2766 405 2805 adhuc
442 2767 560 2806 scirc
594 2779 798 2817 possum,
835 2768 1033 2807 aliorum
1064 2768 1393 2818 religiosorum
1429 2767 1638 2806 instituta
1674 2772 1779 2806 sunt
1815 2777 1880 2805 se-

254 2836 398 2887 quuti.
422 2837 553 2876 Unus
574 2844 672 2876 erat
695 2850 753 2877 ex
775 2838 994 2887 secunda,
1016 2839 1105 2878 duo
1129 2839 1297 2889 reliqui
1319 2851 1375 2878 ex
1397 2839 1533 2878 tertia
1555 2837 1729 2877 schola.
1754 2836 1880 2876 Deus

255 2906 360 2958 Opt.
402 2907 527 2947 Max.
571 2908 634 2947 ita
669 2908 735 2947 eis
775 2910 987 2948 omnibus
1027 2909 1211 2958 faueat,
1254 2916 1303 2949 vt
1343 2908 1584 2960 principiis
1618 2907 1880 2947 consentiat

253 2978 419 3017 exitus.

332 3049 427 3089 Iam
459 3049 517 3088 ad
548 3056 610 3097 te,
646 3049 782 3088 Pater
810 3050 1096 3099 venerande,
1121 3051 1287 3101 scripsi
1309 3050 1364 3089 de
1387 3050 1479 3099 his,
1504 3061 1622 3101 quae
1649 3048 1771 3099 apud
1791 3059 1877 3088 nos
