2020 3342
834 231 915 268 AN.
947 231 1037 267 1550
1703 233 1750 269 57

779 680 1110 734 GDLXVII

197 889 458 927 Franciscus
477 890 622 937 Scipio
639 889 864 937 (Boreion)

249 955 367 991 Patri
388 955 556 1002 Ignatio
578 954 631 992 de
650 955 837 1002 Loyola.

294 1020 506 1056 Bononia.
530 1020 574 1056 14
590 1019 790 1066 Januarii
811 1019 903 1057 1556
924 1021 947 1055 ¹.

925 1212 951 1254 -μ

206 1387 488 1428 Franciscus
509 1388 695 1429 Bordon
711 1388 906 1439 Ignatio‚
932 1400 1158 1440 perquam
1183 1388 1377 1428 colendo
1395 1386 1523 1427 Patri
1548 1398 1603 1426 ac
1621 1398 1756 1437 prae-

131 1460 254 1499 tecto
275 1457 522 1499 Societatis
543 1459 669 1511 Jesu.
695 1458 742 1500 S.

206 1528 417 1571 Scribam
438 1532 656 1582 breuiter,
681 1532 955 1571 charissime
977 1531 1140 1578 Pater,
1170 1530 1279 1582 quid
1307 1530 1471 1570 Patres
1500 1541 1555 1569 ac
1588 1529 1758 1569 fratres

128 1601 330 1649 (Christo
360 1601 470 1654 Jesu
499 1603 770 1654 opitulante)
801 1603 870 1642 his
892 1603 1118 1654 proximis
1139 1602 1375 1642 mensibus
1396 1601 1635 1642 Bononiae
1655 1611 1758 1651 ges-

127 1681 300 1712 serunt.
337 1672 428 1714 Sed
462 1674 681 1724 quoniam
715 1673 829 1714 ordo
866 1674 1045 1714 cunctis
1078 1673 1317 1724 probatur,
1354 1679 1399 1713 et
1430 1672 1603 1713 rectius
1638 1682 1758 1722 quae

127 1750 379 1784 narrantur
399 1744 733 1795 percipiuntur,
758 1744 933 1785 docebo
955 1751 999 1784 te
1021 1744 1222 1796 primum
1238 1743 1293 1783 de
1316 1744 1382 1783 rei
1403 1743 1638 1783 literariae
1653 1752 1758 1794 pro-

127 1825 309 1865 gressu,
334 1815 501 1855 deinde
523 1815 578 1855 de
601 1822 1003 1855 sacramentorum
1024 1827 1079 1854 ac
1111 1815 1444 1866 mysteriorum
1463 1813 1637 1863 fructu,
1661 1819 1759 1852 tum

128 1897 241 1925 uero
263 1885 319 1925 de
339 1885 388 1925 Ρ.
411 1885 627 1926 Rectoris
648 1886 661 1904 *²
683 1886 1015 1937 peragratione
1037 1887 1083 1926 in
1106 1886 1308 1926 dioecesi
1328 1885 1624 1925 Bononiensi.

207 1956 440 2008 Principio
463 1964 793 2008 praeceptores
816 1957 1060 2008 diligenter
1083 1962 1394 1997 exercuerunt
1420 1956 1673 1996 iuuentutis
1694 1955 1760 1994 in-

128 2028 438 2078 stitutionem,
463 2034 507 2068 et
533 2029 581 2068 in
610 2028 656 2068 id
684 2029 885 2068 maxime
918 2040 1109 2079 operam
1142 2028 1392 2078 dederunt,
1423 2034 1470 2067 ut
1501 2039 1593 2067 non
1622 2026 1759 2066 modo

127 2099 350 2139 docerent
370 2099 518 2139 bonas
539 2100 713 2149 literas,
739 2111 902 2139 uerum
922 2105 967 2138 et
993 2099 1140 2139 bonos
1167 2110 1346 2149 mores,
1375 2105 1420 2138 et
1448 2109 1532 2149 pro
1561 2109 1610 2137 se
1638 2097 1742 2148 quis

127 2182 216 2221 que
236 2170 509 2210 informaret
531 2182 640 2210 suos
661 2171 915 2222 discipulos
937 2171 996 2210 ad
1017 2171 1252 2222 pietatem,
1272 2170 1545 2210 munditiem
1562 2174 1606 2208 et
1623 2169 1759 2208 casti-

130 2246 285 2281 tatem.

208 2312 258 2351 In
278 2311 579 2353 Pentecostes
600 2313 728 2354 feriis
745 2314 836 2354 duo
854 2313 1068 2365 discipuli
1086 2313 1348 2353 habuerunt
1364 2312 1410 2351 in
1428 2311 1625 2361 collegio
1643 2310 1760 2349 duas

132 2384 382 2434 orationes,
408 2385 602 2424 alteram
624 2395 861 2435 graecam,
886 2386 1083 2425 alteram
1103 2384 1311 2433 latinam,
1335 2395 1454 2434 quae
1477 2381 1662 2433 quidem
1683 2391 1759 2419 au-

130 2442 367 2494 ditoribus
385 2461 429 2494 et
459 2456 688 2506 uoluptati
715 2462 759 2496 et
787 2456 967 2508 stupori
1000 2455 1202 2495 fuerunt.
1231 2453 1412 2494 Deinde
1443 2453 1591 2492 nostri
1619 2451 1761 2492 etiam

131 2524 345 2576 discipuli
366 2534 560 2576 egerunt
585 2526 774 2566 Domini
792 2527 904 2579 Jesu
924 2526 1265 2566 Ascensionem
1291 2525 1338 2564 in
1360 2525 1562 2573 coelum,
1598 2522 1761 2563 Sancti

132 2594 331 2646 Spiritus
353 2597 605 2636 aduentum
627 2598 674 2637 in
696 2598 970 2648 discipulos,
994 2598 1260 2648 linguarum
1281 2597 1576 2645 uarietatem,
1601 2600 1646 2634 et
1667 2594 1762 2633 dis-

131 2666 430 2707 tributionem
458 2667 792 2719 Apostolorum
820 2670 865 2708 in
896 2669 1055 2708 mundi
1077 2674 1249 2720 partes
1282 2667 1411 2707 Haec
1445 2665 1668 2717 mysteria
1690 2675 1759 2704 sa-

129 2738 237 2777 lutis
264 2745 454 2778 nostrae
482 2739 627 2778 frater
647 2747 807 2779 noster
829 2739 1131 2780 Sebastianus
1152 2738 1165 2757 ⁵
1189 2739 1395 2778 carmine
1417 2737 1643 2777 ediderat.
1669 2734 1761 2775 Ve-

190 2944 200 2963 ¹
239 2945 489 2978 Autographae
506 2951 654 2980 quatuor
669 2947 770 2978 foliis,
787 2954 841 2972 nn.
857 2946 950 2972 >lt-S&

188 2991 201 3009 ²¹
239 2992 354 3019 Patris
370 2992 546 3019 Francisci
564 2993 694 3021 Palmii.

189 3038 203 3056 5
241 3039 327 3066 Vide
344 3044 367 3067 t.
385 3048 430 3069 111.
447 3048 525 3074 pag.
540 3042 602 3076 433,
618 3049 732 3069 annot.
751 3044 774 3070 l.
