2020 3342
241 245 288 282 74
750 244 976 281 LITTERAE
1003 253 1362 285 QUADRIMESTRES

236 342 324 381 hoc
342 340 671 393 quadrimestri
686 347 877 392 peracta
895 340 979 380 sub
993 346 1150 380 tantae
1167 338 1332 379 Matris
1349 340 1583 390 auspiciis:
1603 339 1860 380 cuiusmodi

238 419 343 453 sunt
378 414 717 463 eleemosynae,
755 411 1095 461 restitutiones,
1132 421 1288 461 paces,
1326 410 1452 450 vitae
1486 409 1861 461 reformationeS,

238 483 674 523 concubinariorum
709 482 1052 532 separationes,
1095 481 1387 532 publicarum
1422 481 1717 520 meretricum
1752 491 1858 520 con-

238 554 493 602 uersiones,
518 564 622 592 cum
643 553 874 604 lachymis
909 558 953 591 et
975 558 1101 591 certa
1124 562 1205 601 spe
1236 551 1440 590 melioris
1470 551 1609 590 vitae.
1642 550 1862 591 Nonnulli

236 625 378 664 etiam
399 635 448 663 se
470 630 592 664 totos
610 624 767 664 diuino
790 622 932 663 cultui
959 622 1300 673 manciparunt.
1329 621 1520 660 Plurimi
1550 621 1864 661 damnationis

239 702 413 735 statum
432 695 729 746 periculaque
750 693 1061 734 recidiuorum
1084 698 1386 744 peccatorum
1408 692 1707 744 reliquerunt.
1740 692 1860 732 Hae-

238 765 371 806 retici
391 766 531 806 etiam
551 765 759 805 nonnulli
776 764 835 804 ad
851 770 1117 804 nostrorum
1134 762 1275 814 pedes
1293 775 1404 803 suae
1421 774 1623 803 uesanae
1641 762 1862 814 perfidiae

236 836 463 876 malitiam
483 836 753 887 deposuere.
777 834 1037 874 Daemonia
1060 845 1242 885 quoque
1259 846 1318 873 ex
1336 834 1632 873 obsessorum
1654 835 1864 885 corpori-

236 908 323 947 bus
343 907 602 956 exiuerunt,
633 912 676 945 et
703 906 794 945 alia
828 905 1106 955 huiusmodi,
1145 916 1264 956 quae
1286 905 1538 955 sigillatim,
1563 910 1699 955 prout
1723 912 1862 955 gesta

240 984 361 1028 sunt,
385 978 663 1025 describere,
687 977 901 1027 quamuis
932 987 1131 1027 magnae
1160 977 1224 1016 sit
1246 975 1583 1016 aedificationis
1617 979 1660 1015 et
1694 975 1863 1026 ingen-

243 1053 335 1088 tem
352 1048 501 1087 czm'mz'
513 1046 880 1087 consolationem
897 1047 976 1097 iis,
992 1047 1075 1098 qui
1086 1047 1184 1086 Deo
1201 1047 1490 1095 z'nsezfm'zmt,
1507 1046 1692 1085 soleant
1707 1046 1864 1096 affer-

241 1131 309 1159 re:
331 1119 439 1170 quia
455 1122 611 1158 tamen
629 1118 789 1158 nimis*
816 1119 1007 1168 longum
1031 1122 1073 1157 et
1090 1117 1415 1168 mzportmzzmz
1431 1124 1567 1166 esset,
1591 1117 1697 1157 huic
1713 1117 1873 1156 labori

241 1190 621 1240 supersedemus,
641 1199 744 1228 cnm
758 1188 1046 1239 praesertim
1074 1187 1299 1239 epistolae
1320 1188 1509 1227 modum
1530 1187 1624 1227 sam
1639 1193 1758 1238 pene
1784 1200 1864 1227 ex-

241 1259 437 1300 cessisse
458 1258 916 1299 cmz‘mczclztertczmnr.

319 1330 532 1370 Reticere
561 1336 716 1369 tamen
738 1341 829 1369 non
857 1341 1047 1381 possum
1074 1329 1333 1380 gloriosum
1361 1328 1595 1380 quoddam
1623 1334 1862 1380 spectacu-

239 1402 333 1440 lum
356 1407 462 1441 ante
482 1401 607 1440 fores
627 1400 932 1440 sacratissimi
954 1401 1113 1440 sacelli
1133 1399 1146 1418 ‘²
1182 1401 1315 1440 nobis
1350 1400 1478 1439 hisce
1506 1400 1666 1439 diebus
1687 1399 1863 1439 exhibi-

240 1478 352 1512 tum.
375 1471 540 1511 Mulier
561 1471 790 1522 quaedam
811 1470 889 1510 diu
906 1471 1046 1510 aliam
1062 1471 1314 1521 quamdam
1331 1471 1570 1510 mulierem
1589 1470 1695 1510 odio
1713 1469 1866 1510 fuerat

241 1549 541 1594 prosequuta,
564 1550 606 1582 et
637 1553 742 1582 cum
770 1542 851 1581 vni
886 1554 943 1582 ex
978 1542 1149 1581 nostris
1184 1541 1496 1591 confiteretur,
1530 1548 1710 1580 tantum
1740 1552 1865 1580 com-

242 1684 371 1724 adire
393 1691 437 1724 et
459 1684 515 1724 ab
537 1684 613 1724 illa
635 1685 821 1724 veniam
856 1695 1109 1735 exposcere
1141 1695 1225 1734 pro
1254 1683 1446 1723 summis
1473 1682 1650 1722 deliciis
1681 1688 1868 1733 reputa-

242 1755 323 1795 vit.
347 1754 398 1795 In
429 1762 680 1806 conspectu
710 1756 852 1805 igitur
881 1754 961 1794 300
988 1763 1066 1794 aut
1092 1754 1170 1794 400
1191 1754 1545 1805 peregrinorum
1566 1753 1762 1803 genibus
1783 1753 1867 1792 ini-

242 1826 391 1865 micae
425 1827 693 1877 prouoluta,
728 1838 833 1865 curn
869 1825 1123 1865 abundanti
1157 1826 1508 1876 lachrymarum
1538 1823 1759 1864 effusione
1792 1835 1869 1863 ve-

243 1897 371 1936 niam
406 1897 461 1936 de
500 1897 639 1936 illatis
666 1897 860 1947 iniuriis,
891 1908 995 1936 cum
1029 1896 1209 1946 ingenti
1240 1895 1493 1935 astantium
1526 1894 1866 1962 aedificatione,

243 1967 512 2018 postulauit,
537 1979 674 2019 quam
697 1974 741 2007 et
763 1968 958 2018 accepit.

323 2038 560 2078 Exercitia
582 2038 721 2077 etiam
742 2038 1001 2089 spiritualia
1022 2038 1178 2077 multis
1205 2037 1391 2077 fuerunt
1423 2038 1509 2076 hoc
1538 2035 1872 2087 quadrimestri

245 2108 434 2156 tradita,
454 2109 500 2148 in
521 2109 686 2160 quibus
708 2109 916 2148 nonnulli
936 2115 1113 2148 certam
1133 2120 1245 2148 suae
1273 2108 1536 2148 vocationis
1554 2106 1871 2157 cognitionem

247 2185 544 2230 acceperunt,
568 2191 708 2230 seque
731 2178 954 2219 Societati
976 2180 1049 2219 uel
1071 2179 1162 2218 alio
1191 2179 1429 2229 religionis
1451 2179 1661 2218 instituto
1688 2175 1870 2216 dedide-

245 2255 372 2288 runt:
400 2250 478 2289 alii
498 2262 611 2289 vero
633 2250 779 2289 vitam
802 2250 847 2289 in
869 2250 1033 2289 melius
1056 2249 1384 2290 reformarunt.

326 2320 442 2359 Cum
463 2320 700 2360 Marchiae
728 2322 923 2371 populos
958 2321 1104 2360 fames
1139 2328 1344 2371 Vrgeret,
1378 2332 1526 2371 neque
1553 2319 1873 2359 Lauretanum

247 2390 468 2441 oppidum
490 2391 691 2431 immune
709 2392 1006 2442 relinqueret,
1030 2398 1299 2431 nostrorum
1327 2402 1469 2442 opera
1492 2390 1705 2430 effectum
1733 2393 1802 2428 est
1823 2393 1874 2427 vt

248 2472 408 2500 omnes
430 2462 563 2511 egeni
585 2462 974 2513 describerentur,
1006 2462 1185 2513 illisque
1209 2474 1268 2501 ex
1288 2461 1484 2512 publicis
1516 2461 1652 2501 huius
1679 2458 1873 2499 sanctis-

248 2531 393 2571 simae
415 2531 579 2571 domus
601 2533 859 2583 sumptibus
882 2531 1222 2584 prouideretur;
1245 2531 1512 2571 aduenienti
1539 2531 1679 2571 etiam
1705 2541 1886 2582 paupe--

247 2612 352 2641 rum
373 2602 666 2652 multitudini,
691 2603 760 2642 bis
781 2603 827 2642 in
849 2602 922 2642 die
944 2608 1012 2642 est
1034 2602 1270 2642 liberalius
1287 2602 1592 2641 satisfactum.

327 2672 443 2712 Illud
463 2672 650 2712 tandem
668 2674 828 2713 vltimo
846 2675 950 2713 loco
969 2672 1154 2723 addam,
1175 2673 1296 2724 quod
1313 2672 1509 2712 reticere
1527 2672 1739 2723 prohibet
1755 2673 1876 2713 ratio

253 2747 297 2782 et
330 2742 543 2793 Virginis
560 2743 865 2783 Lanretcmae
885 2742 899 2761 ⁵
921 2744 1155 2793 voluntas,
1182 2742 1239 2782 ad
1262 2754 1401 2794 quam
1422 2743 1538 2782 haec
1560 2748 1739 2794 spectat
1759 2743 1877 2786 laUS.

309 2948 315 2966 ⁸
357 2949 454 2976 nimis
469 2952 600 2976 tamen.
615 2949 799 2976 Pomxcus.

304 2996 318 3014 ἓ
355 2996 461 3021 lzmns
477 2996 601 3029 templi
616 2996 745 3022 addidit
760 2996 938 3022 Polaticus.

303 3045 317 3062 ⁵
360 3048 393 3069 et
416 3044 646 3069 beatissumae
664 3043 825 3076 Virginis.
842 3043 892 3069 Ιιι.
