2020 3342
868 275 902 309 A
912 285 948 310 Ν.
982 275 1071 310 1ὒῖ)()
1709 276 1784 311 007

146 369 351 420 quotidie
377 369 494 417 fere,
519 369 578 408 ad
599 378 895 410 sacramenta
918 371 1181 410 admirabili
1203 370 1377 410 Christi
1407 369 1636 408 desiderio
1667 382 1771 409 ‹Jon-

146 439 306 489 fluunt;
329 440 374 479 in
396 440 543 479 sacris
565 448 719 480 autem
742 442 1017 481 lectionibus
1039 449 1082 481 et
1104 442 1407 481 concionibus
1428 451 1609 480 summa
1632 442 1773 480 inter-

146 517 253 551 sunt
275 511 531 561 diligentia,
556 523 667 551 cura
686 525 740 552 ac
758 513 909 552 studio
935 519 980 552 ut
1005 514 1081 553 vix
1098 524 1302 563 unquam
1321 512 1641 561 absolvantur,
1663 512 1775 562 quin

149 581 355 631 ingentia
378 582 593 632 suspiria,
619 584 914 623 manantibus
937 583 1188 631 lachrimis,
1209 596 1267 623 ex
1287 583 1471 623 sincero
1491 583 1676 634 pietatis
1709 582 1778 621 af-

148 652 270 692 fectu
293 652 582 703 deprompta,
616 654 880 693 audiantur.

226 722 360 773 Quod
381 723 497 762 festo
519 723 655 763 divae
678 723 984 774 Magdalenae
1006 726 1052 764 in
1074 732 1233 764 nostro
1258 725 1427 774 templo
1451 724 1634 771 accidit,
1661 734 1766 774 pau-

146 794 213 833 cis
234 794 450 832 narrabo.
476 793 652 833 Nobilis
674 794 902 845 quaedam
925 795 1087 834 mulier
1110 795 1213 845 (sed
1236 808 1262 834 a
1284 795 1371 845 piis
1399 795 1535 833 rebus
1558 794 1674 833 adeo
1705 804 1776 832 re-

148 871 292 912 mota,
317 872 365 903 ut
387 865 599 904 omnibus
627 865 801 915 passim
831 866 1052 906 vanitatis
1073 866 1334 914 notaretur)
1364 866 1409 904 in
1433 866 1674 915 templum,
1700 875 1779 903 ne-

146 935 243 974 scio
265 946 356 985 quo
379 935 517 974 ducta
539 936 729 985 spiritu,
753 948 802 975 se
833 938 1114 983 contulerat;
1146 936 1347 987 dumque
1378 935 1500 974 Κῶς
1529 935 1575 974 Ρ.
1607 934 1777 985 Philip·
1816 971 1819 973 .

147 1017 249 1056 pus,
275 1005 410 1044 huius
432 1005 627 1055 Collegii
650 1006 835 1056 Rector,
861 1007 1233 1055 concionaretur,
1259 1014 1353 1046 tam
1379 1005 1643 1045 vehementi
1665 1004 1773 1044 divi

147 1076 194 1114 ni
216 1075 346 1114 verbi
367 1082 494 1115 tacta
517 1084 585 1115 est
607 1076 815 1123 fulmine,
842 1085 889 1116 ut
911 1089 1003 1116 non
1036 1077 1172 1116 modo
1203 1077 1448 1127 pristinum
1477 1076 1600 1115 vitae
1630 1086 1778 1126 genus

149 1146 406 1197 reliquerit,
436 1146 517 1185 sed
546 1147 636 1185 iam
665 1147 804 1186 etiam
838 1158 1009 1197 magn-a
1046 1159 1149 1186 cum
1183 1147 1444 1186 humilitate
1480 1152 1777 1186 sacramenta

149 1216 432 1267 frequentet;
465 1229 582 1267 quae
613 1226 786 1268 quanto
813 1225 973 1268 postea
1004 1219 1087 1257 toti
1115 1218 1297 1257 civitati
1325 1217 1463 1257 fuerit
1493 1218 1704 1268 exemplo
1736 1225 1779 1255 et

153 1287 451 1327 admirationi
474 1288 553 1327 vix
575 1288 667 1328 dici
689 1295 854 1338 potest.

228 1358 357 1398 Bona
380 1358 520 1398 etiam
548 1360 682 1398 huius
703 1360 908 1399 civitatis
931 1371 1040 1409 pars
1062 1360 1232 1399 divinis
1254 1360 1391 1398 rebus
1413 1358 1595 1398 ardenti
1613 1369 1774 1397 amore

149 1430 228 1469 dat
249 1441 455 1479 operam,
480 1437 522 1468 et
545 1428 793 1470 Societatis
815 1431 966 1470 studia
989 1430 1125 1470 avide
1147 1430 1369 1479 sectatur;¹
1391 1430 1456 1469 ita
1479 1441 1590 1468 sane
1613 1435 1659 1467 ut
1680 1429 1778 1467 nul-

148 1502 240 1540 lam
271 1500 432 1539 diebus
459 1500 589 1539 festis
618 1499 912 1547 concionem,
944 1502 1118 1540 nullum
1150 1500 1295 1540 sextis
1330 1500 1458 1539 feriis
1496 1509 1774 1547 sermonem,

150 1571 226 1622 qui
247 1582 386 1621 super
409 1571 653 1610 Canticum
675 1571 964 1611 canticorum
982 1570 1048 1615 fit,
1065 1572 1241 1610 nullum
1262 1572 1337 1609 vel
1355 1571 1497 1610 semel
1518 1579 1642 1609 certe
1664 1569 1768 1608 Mis-

149 1653 228 1681 sae
250 1641 530 1680 sacrificium
553 1642 650 1680 sine
673 1653 844 1692 magno
868 1642 1009 1681 animi
1030 1642 1191 1681 dolore
1214 1641 1518 1681 intermittere
1542 1641 1772 1682 videatur.

150 1711 266 1752 Cum
287 1720 442 1751 autem
472 1724 618 1762 nuper
648 1724 811 1763 preces
838 1713 1153 1763 quadraginta
1185 1713 1406 1751 horarum
1428 1712 1474 1750 in
1505 1712 1675 1761 templo
1703 1722 1779 1750 no-

150 1789 247 1822 stro
282 1783 634 1831 exhiberentur,
666 1794 837 1833 magna
867 1783 939 1822 die
972 1790 1200 1834 nocteque
1233 1783 1465 1822 orantium
1501 1782 1776 1832 frequentia,

151 1854 310 1893 videre
331 1860 431 1893 erat
452 1853 585 1893 fletus
607 1854 786 1902 uberes,
812 1855 1014 1904 suspiria
1038 1854 1268 1905 profunda
1291 1861 1430 1904 atque
1452 1853 1540 1892 alia
1566 1853 1609 1891 id
1631 1863 1780 1902 genus

149 1923 336 1964 divinae
358 1925 539 1974 gratiae
562 1924 795 1964 orantium
817 1925 1046 1964 mentibus
1068 1924 1248 1964 infusae
1266 1924 1416 1974 signa,
1437 1934 1556 1973 quae
1578 1922 1775 1962 incredi-

149 1994 228 2034 bili
261 1994 468 2045 profecto
505 1995 710 2034 omnium
747 1994 1058 2035 admiratione
1097 1995 1448 2046 spectabantur:
1481 2001 1524 2033 et
1561 2005 1665 2032 cum
1696 1993 1781 2032 sub

151 2065 375 2105 orationis
401 2064 538 2104 finem
560 2065 723 2104 concio
745 2066 1016 2115 haberetur,
1040 2065 1171 2105 multi
1193 2077 1251 2104 ex
1272 2064 1445 2104 amoris
1467 2064 1678 2113 fervore,
1703 2075 1778 2102 ve-

149 2136 215 2175 lut
242 2143 374 2174 extra
404 2146 452 2174 se
482 2136 607 2186 ipsos
636 2136 757 2186 rapti
786 2143 924 2187 atque
954 2136 1166 2184 abducti,
1207 2135 1430 2175 concione
1466 2134 1699 2183 absoluta,
1733 2134 1779 2173 in

149 2206 360 2245 oratione
382 2206 762 2256 perseverabant.
787 2206 1008 2246 Nonnulli
1029 2207 1170 2246 etiarn
1195 2205 1335 2257 (quod
1356 2205 1484 2245 dictu
1505 2212 1574 2244 est
1595 2206 1777 2254 mirum)

151 2276 267 2316 adeo
290 2288 392 2316 sese
415 2276 654 2316 lachrimis
675 2276 990 2326 confecerant,
1014 2283 1063 2317 ut
1087 2276 1424 2328 propemodum
1443 2276 1697 2315 exanimati
1715 2277 1776 2314 vi-

149 2347 384 2387 derentur.
410 2346 499 2387 Sed
530 2348 638 2398 quid
659 2347 714 2387 de
737 2347 807 2387 his
830 2348 983 2399 plura?
1005 2355 1169 2399 stupeo
1192 2358 1385 2398 prorsus
1406 2346 1580 2397 vixque
1601 2347 1658 2385 ad
1681 2353 1779 2385 tan-

149 2426 196 2457 ta
223 2417 485 2457 enarranda
518 2419 591 2457 vel
620 2418 800 2458 hiscere
829 2420 988 2469 valeo,
1019 2430 1138 2470 quae
1167 2426 1275 2458 tunc
1314 2417 1622 2457 admiratione
1653 2424 1781 2456 certe

149 2487 425 2539 dignissima
447 2489 819 2528 observavimus:
845 2489 927 2529 sed
950 2489 1008 2529 ad
1030 2490 1120 2529 alia
1143 2499 1352 2540 pergam.

229 2558 518 2610 Quicumque
540 2570 654 2609 erga
674 2558 954 2599 Societatem
976 2561 1091 2599 bene
1120 2559 1272 2599 affecti
1292 2565 1399 2599 sunt
1422 2570 1516 2598 non
1538 2560 1688 2598 solum
1711 2566 1778 2598 to-

148 2630 207 2669 tis
227 2629 407 2679 nervis,
432 2641 549 2680 quae
572 2629 629 2669 ad
652 2630 869 2680 pietatem
892 2630 1089 2680 faciunt,
1113 2630 1375 2681 requirunt;
1400 2630 1481 2669 sed
1510 2630 1650 2669 etiam
1678 2640 1775 2679 eos,

146 2700 254 2740 licet
275 2700 544 2739 sacerdotes
565 2706 642 2739 aut
666 2700 929 2751 religiosos,
954 2712 1069 2752 quos
1097 2708 1260 2741 contra
1290 2699 1573 2740 Societatem
1604 2701 1776 2739 latrare

147 2779 191 2810 et
213 2770 459 2810 mussitare
485 2770 770 2821 intelligunt,
801 2771 1028 2811 acerrime
1056 2771 1417 2822 reprehendunt.
1450 2770 1775 2821 Imprimisque

147 2839 307 2881 Rmus.
340 2841 477 2881 huius
503 2841 708 2880 civitatis
735 2841 1015 2892 Episcopus,
1054 2842 1133 2893 qui
1164 2842 1450 2892 singularem
1482 2851 1596 2891 erga
1630 2840 1778 2880 Colle-

149 2912 277 2961 gium
298 2911 423 2951 omni
445 2912 490 2951 in
512 2923 561 2951 re
584 2923 694 2962 prae
715 2924 764 2951 se
786 2911 873 2952 fert
894 2913 1068 2952 amoris
1084 2912 1302 2952 affectum
1318 2920 1362 2952 et
1384 2912 1587 2951 maxime
1605 2912 1650 2950 in
1667 2922 1770 2961 sug-

150 2982 367 3032 gerendis
389 2982 520 3021 nobis
542 2982 690 3032 libris,
713 2984 914 3022 nummis
934 2992 978 3023 et
1004 2983 1372 3034 quibuscumque
1399 2982 1537 3022 rebus
1565 2982 1768 3031 indigea-

153 3063 276 3101 mus,
302 3053 437 3103 idque
459 3059 587 3091 tanta
618 3053 917 3103 benignitate,
942 3060 984 3093 et
1007 3053 1320 3093 munificentia
1351 3053 1478 3102 facit,
1510 3060 1556 3092 ut
1580 3051 1777 3105 Collegii
