2020 3342
218 208 266 246 38
728 205 954 242 LITTERAE
981 213 1338 246 QUADRIMESTRES

226 305 405 345 sionem
426 303 776 349 transtulerunt,
799 302 875 341 vel
891 300 982 340 alio
1004 305 1353 340 concesserunt.
1378 297 1510 338 Multi
1531 308 1728 348 quoque,
1752 296 1851 346 qui—

224 376 310 416 bus
331 375 456 415 nulla
477 373 694 424 frequens
716 371 965 412 confitendi
985 370 1273 411 consuetudo
1296 374 1414 419 erat,
1437 368 1623 419 saepius
1644 367 1689 407 id
1711 378 1760 406 se
1782 366 1853 406 sa·-

227 452 385 486 cturos
405 444 733 496 promiserunt3
756 442 837 482 sed
858 442 914 481 de
935 441 1008 481 his
1029 441 1272 481 hactenus.

305 515 462 566 Aliqui
482 521 604 565 sunt,
628 513 706 565 qui
733 512 955 553 Societati
982 523 1031 552 se
1058 510 1242 551 tradere
1264 511 1456 559 vellent,
1480 510 1599 549 inter
1620 520 1736 559 quos
1757 508 1851 547 duo

226 593 356 626 terue
381 588 444 633 (ut
467 585 639 634 audiui)
669 590 799 624 tanto
830 581 1092 622 afficiuntur
1124 581 1370 630 desiderio,
1405 586 1453 620 ut
1482 591 1722 631 nunquam
1753 590 1848 618 ces-

229 664 330 697 sent
351 656 599 708 quemdam
619 655 811 695 fratrem
833 659 1043 693 nostrum
1075 664 1287 701 exorare,
1312 658 1362 691 ut
1383 651 1494 691 velit
1525 662 1609 702 pro
1631 650 1697 689 eis
1728 648 1849 700 apud

229 728 417 768 Patrem
438 725 743 767 intercedere.

310 798 537 850 Discipuli
558 797 699 837 etiam
718 795 881 845 nostri,
905 801 1002 834 tum
1023 795 1069 834 in
1090 793 1270 843 litteris,
1294 799 1391 833 tum
1407 793 1455 832 in
1471 792 1692 842 moribus,
1712 802 1858 842 quan--

231 875 328 910 tum
350 880 510 909 eorum
532 867 680 907 debile
702 878 757 906 ac
778 865 953 917 puerile
974 865 1213 915 ingenium
1235 875 1387 915 capax
1408 869 1492 913 est,
1516 862 1561 902 in
1583 861 1682 901 dies
1703 860 1853 910 magis

231 940 493 992 proficiunt,
516 949 712 990 quorum
734 947 954 976 numerus
977 936 1118 976 etiam
1139 935 1186 975 in
1207 935 1349 975 tantis
1376 933 1648 974 tumultibus
1668 931 1859 980 crescit,

234 1022 429 1062 quorum
449 1020 592 1049 causa
613 1007 743 1048 multi
764 1019 857 1047 non
878 1007 1143 1046 veniebant.
1166 1005 1263 1046 Nos
1285 1016 1447 1045 omnes
1468 1004 1544 1043 hic
1572 1003 1729 1043 diuina
1749 1013 1854 1053 gra-

234 1082 297 1122 tia
325 1081 497 1132 optime
527 1080 748 1128 valemus,
782 1084 825 1118 et
856 1077 900 1117 in
929 1083 1164 1128 posterum
1198 1088 1288 1127 quo
1319 1075 1484 1115 melius
1513 1071 1787 1126 [valeamus]
1810 1072 1856 1111 in

236 1151 552 1204 spiritualibus
574 1161 764 1201 operam
785 1148 1014 1188 dabimus.
1040 1147 1110 1187 Tu
1130 1159 1260 1197 vero,
1284 1146 1420 1186 Pater
1439 1178 1446 1196 ‚
1469 1145 1655 1185 interim
1677 1144 1861 1193 valeas,

236 1235 413 1274 nosque
448 1228 497 1262 ut
532 1221 623 1261 tuis
662 1220 951 1260 orationibus
991 1218 1343 1259 commendatos
1380 1217 1555 1257 habeas
1594 1225 1860 1267 precamur,

236 1305 418 1334 necnon
440 1293 485 1332 in
505 1303 698 1332 numero
725 1290 924 1331 filiorum
954 1297 1142 1330 tuorum
1174 1288 1403 1340 (quamuis
1424 1286 1655 1337 indignos)
1677 1296 1761 1325 nos
1783 1285 1859 1324 ad-

237 1364 434 1405 scribas,

317 1434 548 1485 Dignetur
570 1433 799 1473 Dominus
820 1431 952 1472 nobis
974 1431 1188 1471 omnibus
1210 1430 1414 1481 gratiam
1430 1439 1562 1468 suam
1580 1428 1766 1478 copiose
1782 1428 1867 1465 im*

238 1506 420 1557 partiri,
444 1512 493 1545 ut
515 1505 613 1544 eius
632 1504 795 1543 laudes
815 1514 1052 1554 nunquam
1076 1508 1268 1542 cantare
1290 1511 1541 1540 cessemus.

398 1575 623 1625 venetiis,
648 1575 795 1626 pridie
815 1573 932 1614 Non.
955 1573 1221 1625 januarias.

452 1646 506 1686 R.
530 1646 578 1686 P.
603 1645 654 1685 T.
678 1644 1030 1696 indignissimus
1051 1643 1171 1683 filius
1194 1643 1241 1683 in
1262 1642 1462 1692 Christo,

791 1787 995 1839 JACOBUS
1024 1786 1272 1826 Pfflpros
1303 1784 1652 1825 CAsTELLANus.

322 2004 382 2042 ln
403 2001 556 2042 altera
577 2001 768 2052 pagina
791 2000 901 2040 haec
932 1999 1188 2049 legmztnr:
1218 1996 1334 2036 1556.
1357 1995 1569 2036 Venetie.
1600 1993 1872 2044 Quadrimffi

242 2080 361 2114 stres
381 2072 609 2125 Januarii.

323 2143 433 2184 Alia
454 2154 615 2182 manu:
636 2144 662 2190 †
684 2142 1078 2193 Quad1·imestres‚
1105 2145 1190 2178 etc.
1217 2137 1424 2188 Collegio
1448 2135 1643 2176 Veneto.
