2020 3342
872 289 953 328 AN.
986 290 1075 328 1556
1717 292 1787 331 205

165 386 342 436 egregii
381 392 423 425 et
464 386 701 437 praecipui
737 387 939 426 ciuitatis
979 387 1334 426 concionatores
1370 398 1630 427 sermonem
1666 389 1784 429 face-

166 463 280 496 rent.
301 455 435 496 Vnde
454 457 697 496 manifeste
715 457 855 508 liquet
877 457 1127 497 Dominum
1149 463 1359 497 nostrum
1382 458 1587 498 omnium
1605 459 1785 499 animos

165 527 223 566 ad
245 526 582 567 confessionem
605 528 858 578 impulisse,
877 528 1042 579 quibus
1060 528 1359 568 vehementer
1377 535 1419 568 et
1437 528 1605 568 obnixe
1625 529 1678 569 ad
1688 541 1768 570 uer

164 598 315 636 sarius
337 603 494 637 noster
516 598 785 638 obsistebat.
1309 640 1313 643 .

242 666 513 708 praedictus
553 675 686 720 pater
725 670 1029 709 concionatus
1064 675 1133 709 est
1166 669 1306 709 etiam
1340 670 1702 721 quadragesima
1741 672 1785 711 in

163 738 365 789 quodam
386 740 656 779 monialium
678 740 976 790 monasterio,
1000 746 1044 780 et
1065 741 1111 780 in
1133 740 1318 791 oppido,
1343 741 1449 781 huic
1473 741 1653 781 ciuitati
1686 753 1785 793 pro·

163 809 304 860 ximo,
327 810 625 861 primogeniti
650 811 658 830 ¹
681 811 872 851 Comitis
889 811 1047 851 Monte
1063 811 1147 851 Rei
1165 811 1192 861 ²,
1213 812 1291 863 qui
1309 812 1494 863 quidem
1512 824 1596 852 nos
1614 824 1786 864 magno

162 891 322 920 amore
344 881 656 932 prosequitur,
680 888 723 922 et
746 894 837 922 non
859 883 1006 922 solum
1040 883 1101 932 ei,
1127 882 1208 922 sed
1240 883 1340 922 eius
1367 882 1570 923 familiae
1603 883 1786 935 frugem

163 962 382 1002 magnam
403 952 545 992 fuisse
567 953 741 993 factam
762 953 1010 1003 credimus,
1036 954 1092 992 ob
1113 953 1251 1005 idque
1274 954 1475 994 maxime
1492 954 1614 1005 quod
1634 966 1785 995 sacer—

163 1022 246 1061 dos
268 1023 476 1073 quidam,
501 1024 634 1063 bonis
657 1024 802 1064 literis
824 1024 1121 1076 moribusque
1144 1031 1358 1075 ornatus,
1383 1026 1461 1076 qui
1483 1037 1643 1066 curam
1665 1026 1787 1066 illius

162 1094 320 1144 populi
352 1094 547 1144 gerebat
575 1106 827 1146 omnesque
853 1101 1012 1146 patres
1041 1095 1243 1147 hospitio
1280 1096 1561 1147 excipiebat,
1594 1098 1788 1137 summis

165 1165 284 1204 votis
307 1164 531 1216 efflagitat
554 1166 718 1217 recipi,
743 1166 964 1217 brevique
996 1167 1036 1206 ei
1065 1166 1414 1207 concedendum
1443 1167 1605 1218 credo;
1629 1179 1786 1219 quam-

161 1235 232 1274 uis
253 1236 375 1276 enim
397 1237 539 1276 multa
561 1237 647 1276 sibi
668 1237 872 1287 obiecta,
899 1243 947 1277 vt
971 1236 1065 1276 fieri
1088 1238 1281 1287 assolet,
1315 1238 1468 1277 omnia
1498 1244 1654 1279 tamen
1677 1251 1784 1291 pro·

162 1307 298 1346 cliuia
321 1319 421 1347 esse
443 1308 484 1348 ei
505 1315 749 1359 apparent.
772 1307 874 1348 Hac
897 1308 1037 1348 etiam
1059 1308 1421 1359 quadragesima
1444 1321 1684 1350 sermones
1706 1310 1786 1350 ha—

160 1377 242 1417 biti
262 1385 368 1418 sunt
390 1378 435 1418 in
457 1390 646 1419 carcere
667 1385 712 1419 et
733 1379 835 1419 aliis
856 1379 1083 1430 proximis
1113 1379 1315 1430 oppidis,
1346 1380 1511 1431 quibus
1546 1382 1785 1432 quamplu-

161 1449 265 1488 rimi
285 1456 473 1490 nostrae
495 1449 717 1490 Societati
747 1450 899 1490 affecti
920 1457 1041 1491 sunt.

240 1520 340 1560 Hoc
369 1521 592 1572 temporis
627 1522 858 1562 curriculo
896 1523 981 1562 fuit
1008 1534 1034 1561 a
1063 1522 1231 1562 diuinis
1261 1523 1476 1574 imposita
1509 1525 1709 1564 cessatio
1738 1525 1784 1565 in

159 1591 362 1642 ciuitate;
386 1599 670 1644 quapropter
699 1600 856 1644 patres
881 1593 1159 1633 necessitate
1187 1594 1415 1645 compulsi
1437 1594 1623 1635 fuerunt
1645 1596 1691 1635 in
1713 1608 1784 1636 ec-

159 1662 300 1702 clesia
321 1665 486 1714 procul
506 1664 695 1704 ciuitate
718 1663 875 1704 diuina
897 1676 1125 1716 peragere
1153 1666 1396 1716 mysteria;
1422 1665 1587 1717 ingens
1615 1667 1784 1719 quippe

158 1734 303 1785 labor,
328 1735 408 1775 sed
430 1735 517 1774 hoc
539 1735 729 1786 dignum
747 1735 1054 1776 admiratione
1076 1748 1178 1775 esse
1195 1734 1366 1787 judico,
1391 1738 1691 1789 quamplures
1708 1740 1784 1778 vel

157 1805 246 1845 hoc
267 1806 424 1846 labore
446 1806 505 1846 ad
526 1807 865 1847 confessionem
887 1819 1182 1847 concurrere.
1209 1807 1399 1858 Eorum,
1425 1809 1502 1859 qui
1524 1808 1648 1849 domi
1671 1810 1782 1849 assi-

157 1876 244 1916 due
265 1876 559 1928 confitentur,
584 1878 864 1918 centesimus
885 1877 980 1918 fere
1002 1890 1222 1918 numerus
1244 1890 1346 1918 esse
1367 1879 1595 1919 creditur:
1620 1892 1781 1920 eorum

157 1954 327 1999 autem,
359 1949 436 2000 qui
462 1961 743 2000 vnaquaque
771 1949 1065 1989 hebdomada
1101 1961 1287 1989 sacram
1320 1950 1633 1991 eucharistiae
1661 1963 1782 1992 com-

156 2019 424 2059 munionem
444 2020 752 2072 participant,
777 2020 1216 2072 quinquagesimus,
1240 2022 1315 2060 vel
1337 2023 1502 2062 saltem
1523 2022 1781 2073 quadrage·

154 2090 314 2141 simus,
339 2097 568 2132 censetur.
593 2091 944 2132 Praedictorum
965 2098 1163 2142 centum,
1190 2093 1430 2143 octoginta
1456 2101 1564 2133 sunt
1597 2094 1778 2134 schola-

155 2162 274 2201 stici:
298 2162 463 2214 reliqui
485 2170 656 2218 autem,
680 2163 815 2203 huius
843 2163 1165 2203 vniversitatis
1186 2164 1313 2203 ciues
1334 2170 1378 2203 et
1412 2164 1608 2204 oriundi.
1645 2165 1781 2205 Fiunt

155 2233 294 2273 etiam
334 2233 515 2285 aliquae
556 2233 876 2284 confessiones
917 2234 1163 2274 illustrium
1204 2241 1247 2274 et
1289 2235 1564 2286 optimatum
1588 2268 1594 2285 ,
1642 2242 1781 2288 atque

156 2304 294 2343 etiam
317 2304 498 2355 aliquae
520 2305 837 2345 confessiones
857 2306 1102 2356 generales
1123 2317 1283 2345 eorum
1304 2307 1427 2346 vltra
1456 2306 1534 2357 qui
1555 2307 1780 2347 exercitia

156 2375 417 2426 spiritualia
437 2375 661 2426 fecerunt,
686 2382 728 2415 et
747 2376 943 2416 aliorum
959 2376 1211 2427 insignium
1230 2388 1435 2427 casuum,
1457 2378 1535 2417 Vbi
1552 2377 1781 2418 Dominus

157 2453 313 2486 noster
348 2458 480 2486 suam
514 2446 793 2486 ineffabilem
832 2447 1201 2487 misericordiam
1236 2448 1475 2499 patefecit,
1518 2449 1780 2500 aliquorum

157 2517 351 2557 miseras
377 2518 584 2568 peccatis
621 2518 811 2558 obrutas
847 2518 1027 2558 animas
1062 2519 1121 2558 ad
1158 2529 1380 2569 magnum
1416 2519 1602 2559 virtutis
1630 2520 1779 2571 profe-

157 2595 281 2628 ctum
298 2588 601 2638 traducend0‚
621 2595 666 2628 et
683 2589 816 2639 quasi
833 2589 878 2628 ui
894 2589 1095 2640 quodam
1112 2590 1249 2629 modo
1266 2590 1507 2638 trahend03
1530 2591 1648 2630 inter
1665 2602 1781 2642 quos

155 2670 274 2699 Vnus
296 2671 408 2699 sane
435 2667 789 2709 annumeratur,
820 2661 897 2711 qui
925 2660 1068 2712 (quod
1099 2661 1267 2701 mirum
1295 2661 1378 2711 est)
1408 2662 1600 2712 triginta
1633 2673 1781 2702 annos

155 2742 393 2782 nunquam
416 2731 657 2771 confessus
678 2738 762 2782 est,
786 2733 860 2771 vel
877 2732 916 2771 si
932 2731 1092 2771 forsan
1111 2732 1376 2783 aliquando,
1397 2732 1441 2772 id
1459 2733 1505 2773 in
1524 2734 1778 2773 maximam

155 2802 226 2841 sui
247 2802 556 2853 perditionem
578 2801 770 2842 fecerat.

234 2873 393 2924 Aliqui
413 2879 571 2923 patres
592 2879 781 2924 propter
803 2873 971 2913 delicta
993 2874 1051 2913 ad
1074 2874 1285 2914 ultimum
1316 2875 1563 2925 suplicium
1591 2875 1779 2915 damna-

211 3057 220 3076 ¹
259 3057 486 3093 Hieronymus
502 3057 541 3083 de
559 3057 727 3086 Acebedo.

209 3105 223 3124 ²
261 3105 452 3140 Alphonsus
469 3105 507 3130 de
526 3105 683 3132 Acebedo
699 3111 731 3132 et
746 3105 888 3140 Zufiiga.
904 3106 989 3134 Vide
1006 3111 1029 3134 t.
1047 3115 1091 3139 111,
1108 3115 1185 3142 pag.
1202 3108 1244 3141 24,
1261 3112 1375 3134 annot.
1391 3107 1417 3135 9.
