2020 3342
862 210 944 248 AN.
981 210 1071 249 1556
1705 217 1774 253 ,337

154 309 197 344 et
218 303 264 344 in
285 305 486 355 patriam
504 305 646 355 missi,
672 313 721 346 vt
738 306 918 347 firmam
940 308 1150 360 corporis
1178 308 1490 349 ualetudinem
1518 310 1578 349 ibi
1601 312 1772 352 obtine-

155 380 270 424 rent;
288 375 336 414 hi
357 387 516 415 omnes
537 375 624 416 hoc
645 388 768 416 anno
789 377 974 418 fuerunt
996 379 1348 431 quinquaginta;
1368 391 1459 419 non
1477 381 1599 420 enirn
1617 382 1772 432 plures

153 445 317 486 domus
339 457 505 497 capere
533 453 730 497 poterat.
763 448 886 488 Inter
915 449 1017 489 illos
1047 455 1153 490 sunt
1173 461 1461 491 summorum
1491 451 1698 492 uirorum
1726 460 1771 493 et

111 558 115 559 ⁷
152 516 293 556 totius
313 516 580 557 Lusitaniae
603 517 870 570 Principum
891 519 984 569 filii,
1010 531 1124 571 quos
1147 520 1235 560 huc
1257 528 1473 572 parentes
1501 534 1593 562 non
1616 524 1769 563 solum

153 593 340 638 propter
361 587 533 637 literaS‚
558 589 639 629 sed
661 589 801 630 etiam
823 597 1011 641 propter
1033 591 1226 631 liberam
1254 598 1297 631 et
1325 592 1577 643 ingenuam
1607 594 1772 634 educa-

153 657 323 697 tionem
345 658 545 699 mittunt.
570 658 744 710 Regem
766 660 854 700 illis
882 662 1132 712 collegium
1160 663 1393 713 quoddam
1421 664 1552 703 nobis
1584 665 1772 705 coniun-

152 735 290 779 ctum,
310 729 433 780 quod
450 730 672 781 plurimos
690 743 858 783 capere
875 732 1034 783 possit,
1056 733 1273 774 daturum
1289 746 1546 785 speramus,
1567 737 1689 794 quod
1708 737 1770 776 ita

152 799 243 839 iarn
265 799 567 841 constitutum
589 812 643 841 ac
666 802 904 843 decretum
927 809 1010 844 est.

230 868 367 911 Pater
400 871 494 911 Leo
531 871 815 924 Olisiponem
858 875 1094 925 profectus
1129 881 1197 915 est
1219 907 1226 924 ,
1260 876 1335 916 cui
1370 876 1594 916 successit
1636 876 1772 917 Pater

154 940 352 982 Michael
373 954 399 982 a
416 941 566 983 Sousa
589 955 694 984 cum
715 945 850 985 simul
871 945 1010 985 studii
1032 946 1089 986 sit
1111 946 1390 998 praefectus,
1409 947 1607 988 fortasse
1625 948 1771 988 donec

152 1010 290 1052 Pater
310 1011 488 1054 Doctor
508 1015 633 1055 aliud
654 1015 880 1056 instituat.
903 1016 1005 1057 Huc
1023 1018 1148 1058 uenit
1170 1017 1309 1058 Pater
1326 1018 1513 1059 Marcus
1537 1019 1769 1072 JeorgiuS,

151 1089 198 1123 ut
219 1083 264 1123 in
282 1084 431 1135 primo
459 1097 599 1126 cursu
634 1085 836 1137 doceret,
874 1087 949 1139 qui
986 1089 1192 1129 omnium
1227 1089 1615 1130 scholasticorum
1651 1091 1770 1130 uotis

150 1155 396 1206 expetitur;
421 1155 476 1196 de
498 1155 573 1196 illo
596 1157 717 1197 enim
735 1158 938 1198 maxima
951 1166 1158 1210 sperant.
1176 1159 1399 1212 Princeps
1415 1161 1647 1203 Henricus
1665 1174 1769 1203 eum

149 1225 381 1266 dimittere
402 1228 602 1278 nolebat,
629 1228 716 1269 nisi
738 1229 845 1269 illuc
867 1229 1004 1270 Pater
1025 1230 1120 1270 Leo
1142 1231 1416 1282 mitteretur,
1441 1234 1518 1284 qui
1541 1233 1678 1274 modo
1700 1241 1769 1275 est

152 1295 389 1348 Olisipone
411 1304 460 1338 ut
481 1299 587 1339 illuc
609 1299 714 1340 inde
736 1301 1000 1342 contendat.

227 1367 350 1408 Nihil
372 1369 495 1410 aliud
517 1376 601 1420 est,
626 1369 762 1411 Pater
784 1372 971 1423 optime,
996 1373 1118 1424 quod
1135 1373 1194 1414 ad
1216 1380 1258 1414 te
1280 1374 1498 1415 scribam.
1528 1376 1587 1416 Hi
1610 1387 1771 1417 omnes

149 1439 212 1479 tui
233 1439 313 1480 filii
342 1440 422 1480 tibi
443 1452 492 1481 se
514 1447 636 1481 totos
657 1442 860 1493 tradunt,
886 1450 1140 1496 optantque
1161 1451 1210 1485 ut
1242 1445 1343 1485 illos
1371 1447 1462 1486 tuis
1484 1447 1769 1488 orationibus

148 1522 201 1550 ac
223 1511 466 1552 sacrificiis
488 1512 588 1553 Deo
611 1514 922 1565 commendes,
945 1516 1068 1567 quod
1090 1516 1230 1556 etiarn
1246 1517 1304 1557 ab
1324 1518 1535 1558 omnibus
1558 1520 1769 1570 patribus

149 1593 204 1622 ac
225 1581 461 1633 fratribus,
486 1584 562 1635 qui
585 1585 631 1624 in
652 1585 739 1625 ista
761 1584 897 1626 domo
927 1593 1191 1639 versantur,
1216 1588 1318 1628 illos
1340 1589 1529 1640 exigere
1552 1590 1768 1630 arbitror.

149 1653 283 1693 Vale.

576 1727 701 1768 Tuus
723 1728 940 1770 minimus
960 1729 1094 1779 filius,

1293 1868 1567 1909 MONcLARo.

224 2074 582 2128 Superscrz‘ptz'o
602 2077 652 2116 in
672 2082 846 2129 quarta
856 2079 1063 2130 pagina:
1079 2082 1106 2126 †
1123 2079 1182 2120 Al
1195 2092 1306 2133 muy
1323 2080 1423 2121 R.d0
1449 2094 1505 2122 en
1522 2082 1606 2123 Χ.ο
1622 2082 1771 2123 Padre

145 2146 186 2185 el
207 2144 254 2185 P.
281 2146 340 2186 M.
364 2146 545 2197 Ignatio
564 2149 799 2200 preposito
819 2152 1012 2200 general
1034 2151 1088 2192 de
1108 2153 1150 2191 la
1172 2151 1429 2204 Compafn'a
1457 2154 1512 2194 de
1539 2154 1689 2207 Jesus,
1714 2166 1770 2194 en

148 2214 312 2257 Roma.

228 2287 337 2328 Alia
359 2300 521 2330 manu:
537 2291 686 2344 Jesus.
711 2291 1063 2343 Quadrimestre
1085 2296 1243 2344 latina,
1269 2295 1438 2345 (credo)
1461 2297 1528 2337 sia
1548 2297 1602 2337 de
1621 2298 1770 2338 Coim-

146 2358 228 2399 bra
249 2359 321 2400 del
344 2359 534 2413 Maggio
552 2362 623 2403 del
650 2363 750 2403 1556
771 2363 796 2404 ¹.

200 2544 209 2563 ¹
251 2545 322 2573 Non
340 2547 422 2574 bene
439 2549 583 2582 legerat,
600 2550 654 2583 qui
669 2550 754 2578 haec
775 2552 923 2586 scripsit,
938 2560 1127 2581 sermonem
1147 2554 1177 2581 in
1195 2554 1245 2581 his
1260 2554 1386 2582 litteris
1402 2555 1472 2582 fieri
1490 2555 1529 2582 de
1550 2556 1650 2583 rebus
1666 2557 1767 2583 etiam

144 2600 228 2627 quae
246 2601 364 2622 mense
378 2595 486 2630 Junz’o
501 2602 619 2631 gestae
636 2597 742 2626 fuere.
