2020 3342
280 208 349 247 546
786 209 1012 248 LITTERAE
1039 220 1396 254 QUADRIMESTRES

280 305 532 346 exhiberet.
556 306 675 346 Nam
696 318 801 346 cum
824 312 921 346 tota
942 312 1079 347 nocte
1100 307 1192 358 illa,
1212 319 1330 359 quae
1351 306 1478 347 Patri
1498 307 1680 358 Ignatio
1697 307 1781 348 fuit
1797 308 1896 348 ulti-

276 388 365 427 ma,
389 376 542 416 Guido
573 376 804 416 Antonius
832 377 877 416 in
899 388 1049 427 agone
1075 378 1350 428 laborasset,
1381 389 1476 418 non
1501 385 1658 418 tamen
1685 384 1897 419 mortuus

275 453 356 495 est;
382 459 544 487 uerum
565 448 648 486 sub
666 448 829 486 horam
850 448 1144 488 undecimam
1160 449 1436 489 matutinam
1453 456 1532 488 aut
1554 448 1892 500 duodecimam,

273 529 364 568 quo
392 524 599 568 tempore
632 517 679 557 P.
714 517 921 568 Ignatius
951 519 1164 569 spiritum
1198 519 1458 569 exhalauit,
1493 518 1551 558 ad
1581 530 1630 558 se
1659 530 1891 560 reuersus:

276 588 431 638 “mira,
461 588 622 639 inquit,
653 588 741 628 hac
771 594 904 628 nocte
934 588 1132 629 ostendit
1162 589 1274 629 mihi
1303 589 1546 640 Dominus,
1577 601 1771 641 quorum
1804 602 1892 630 me-

272 659 489 709 moriam,
523 659 561 698 si
589 660 914 710 superuixero,
944 660 1069 699 nulla
1099 671 1304 711 unquam
1331 660 1500 700 delebit
1526 660 1740 711 obliuio„:
1775 672 1895 712 quae

271 741 373 769 cum
393 729 666 770 humilitatis
687 731 1038 771 conseruandae
1056 742 1199 771 causa
1216 743 1309 771 non
1330 731 1547 782 aperiret,
1567 738 1723 771 tamen
1740 732 1891 772 subin-

270 800 426 840 dicare
447 801 574 840 uisus
596 807 679 851 est,
704 801 759 841 de
778 800 930 841 Patris
946 802 1093 842 nostri
1115 802 1283 852 Ignatii
1305 802 1505 842 transitu
1523 802 1696 853 aliquid
1718 802 1803 842 sibi
1825 814 1895 842 re-

270 872 486 919 uelatum;
528 871 703 912 addidit
733 873 856 912 enim
887 873 1071 913 uenisse
1101 873 1187 913 sibi
1217 873 1263 913 in
1298 880 1500 913 mentem
1535 873 1699 924 agonis
1735 872 1895 913 Sancti

269 942 450 993 Ignatii,
482 942 594 982 feris
622 942 800 982 Romae
832 944 1045 994 expositi,
1078 950 1217 995 atque
1247 944 1304 984 ab
1334 943 1497 983 iisdem
1524 943 1742 993 iugulati:
1772 944 1895 995 quod

267 1024 450 1065 semper
470 1019 661 1053 sanctus
682 1025 825 1054 senex
847 1020 1091 1065 optauerat
1115 1013 1139 1054 ¹.
1163 1014 1323 1066 Itaque
1341 1015 1399 1054 ad
1420 1020 1689 1066 sequentem
1708 1021 1894 1054 noctem

267 1084 526 1137 superuixit
548 1091 596 1124 ut
618 1085 878 1136 patrocinio
910 1084 957 1124 P.
989 1085 1171 1136 Ignatii,
1196 1086 1289 1125 iam
1316 1085 1362 1125 in
1393 1086 1575 1125 coelum
1603 1085 1793 1136 recepti,
1827 1091 1893 1125 tu-

267 1155 357 1194 tior
379 1166 437 1194 ex
465 1155 554 1195 hac
580 1155 675 1195 uita
699 1155 958 1196 decederet.
991 1155 1120 1196 Haec
1148 1156 1204 1195 de
1234 1156 1462 1196 Guidonis
1492 1156 1641 1196 nostri
1663 1155 1891 1196 obdormi-

266 1226 388 1265 tione
412 1227 547 1277 paulo
568 1226 808 1277 prolixius,
833 1227 956 1278 quod
972 1227 1154 1267 iuuenis
1174 1227 1426 1278 singularis
1448 1227 1699 1278 humilitas,
1720 1239 1774 1267 ac
1796 1227 1891 1267 uita

266 1297 560 1337 sanctissime
589 1304 757 1338 exacta
784 1310 878 1337 non
905 1298 993 1338 hac
1021 1304 1202 1338 tantum
1233 1298 1696 1347 commemoratione,
1730 1309 1893 1338 uerum

268 1368 539 1419 longissima
562 1380 743 1420 quoque
765 1369 975 1409 oratione
998 1369 1138 1420 digna
1161 1376 1298 1409 esset.

348 1439 418 1479 De
440 1439 613 1479 scholis
635 1440 808 1480 nostris
829 1439 917 1479 hoc
939 1440 1124 1480 habeto:
1148 1440 1433 1492 frequentari
1456 1451 1536 1479 eas
1565 1450 1735 1491 magno
1759 1440 1892 1480 disci-

267 1512 495 1562 pulorum,
521 1516 618 1550 tum
649 1511 694 1550 in
715 1511 875 1561 literis,
906 1518 1003 1551 tum
1029 1511 1075 1551 in
1103 1511 1324 1561 moribus,
1355 1511 1522 1560 fructu,
1556 1522 1752 1562 quorum
1781 1522 1891 1551 non-

266 1582 380 1621 nulli
403 1593 507 1621 cum
531 1588 684 1621 essent
705 1582 1021 1633 perditissimi,
1045 1582 1357 1633 exiguamque
1384 1582 1517 1621 nobis
1544 1593 1598 1621 ac
1620 1581 1891 1633 parentibus

265 1653 470 1692 melioris
491 1653 616 1692 uitae
644 1664 772 1704 spem
804 1654 1096 1704 praeberent,
1126 1652 1184 1692 ad
1214 1653 1446 1692 saniorem
1473 1652 1660 1692 tandem
1689 1659 1891 1693 mentem

266 1730 373 1763 sunt
394 1722 619 1775 perducti.
645 1723 961 1763 Confessionis
983 1724 1415 1774 communionisque
1436 1729 1731 1763 sacramenta
1759 1724 1890 1775 pleri-

268 1806 357 1845 que
380 1795 575 1844 singulis
597 1795 832 1834 mensibus
853 1795 1131 1846 percipiunt,
1157 1802 1199 1834 et
1221 1794 1276 1834 de
1297 1794 1468 1834 mundo
1492 1794 1795 1846 relinquendo
1817 1807 1889 1835 co-

265 1866 431 1914 gitant.
456 1865 571 1906 Tres
592 1866 712 1905 ultro
730 1871 947 1916 parentes
963 1866 1097 1905 nobis
1115 1866 1394 1915 obtulerunt,
1416 1866 1454 1905 si
1474 1865 1592 1905 forte
1614 1866 1659 1905 in
1676 1873 1889 1906 nostrum

268 1936 373 1975 illos
395 1936 749 1979 contubernium
781 1936 1145 1976 admitteremus.
1169 1935 1284 1976 Sunt
1306 1943 1348 1976 et
1371 1936 1462 1986 alii,
1496 1936 1662 1988 quibus
1681 1936 1888 1986 gratissi-

266 2018 391 2046 mum
423 2013 543 2047 esset
574 2007 611 2047 si
642 2013 831 2058 possent
861 2008 907 2047 in
938 2014 1147 2048 nostram
1177 2006 1458 2048 Societatem
1489 2007 1704 2047 admitti:·
1727 2019 1890 2047 verum

267 2090 359 2117 non
381 2084 538 2117 statim
560 2079 656 2117 uoti
687 2083 924 2129 compotes
946 2077 1073 2129 fiunt,
1098 2084 1147 2118 ut
1168 2077 1381 2118 ostendat
1403 2078 1563 2117 dilatio
1586 2089 1725 2129 quam
1745 2078 1890 2118 firmis

265 2149 503 2189 radicibus
524 2141 761 2198 innitatur,
787 2149 909 2200 quod
929 2160 1041 2200 prae
1072 2161 1120 2188 sc
1143 2149 1311 2199 ferunt,
1335 2149 1468 2188 nobis
1489 2148 1789 2189 cohabitandi
1810 2148 1890 2189 de·

265 2220 500 2271 siderium,
525 2228 730 2260 mutatae
752 2220 799 2260 in
820 2220 983 2260 melius
1003 2220 1127 2260 uitae
1149 2220 1408 2260 certissima
1429 2219 1540 2260 dant
1561 2219 1746 2270 indicia,
1770 2231 1888 2272 quae

265 2292 467 2342 quotidie
490 2291 728 2341 excipiunt
746 2291 802 2330 ab
824 2291 1030 2330 externis
1051 2298 1324 2339 scommata,
1345 2291 1453 2330 dum
1470 2302 1519 2330 se
1536 2302 1659 2330 nunc
1680 2296 1884 2341 sanctos,

264 2373 385 2401 nunc
409 2362 697 2412 hypocritas,
722 2362 884 2401 vocari
904 2362 1112 2412 audiunt,
1136 2361 1244 2402 dum
1265 2373 1314 2401 se
1335 2373 1361 2401 a
1379 2361 1796 2412 praetereuntibus,
1819 2373 1884 2401 re-

263 2433 509 2483 liquiarum
538 2433 582 2471 in
610 2432 811 2482 modum,
844 2433 1064 2472 extremis
1094 2433 1250 2483 digitis
1282 2432 1488 2473 irrisorie
1519 2432 1685 2483 attingi
1712 2432 1883 2472 uident:

263 2503 571 2554 quorumdam
591 2514 703 2543 uero
721 2503 766 2542 in
788 2515 866 2543 eos
888 2515 1033 2554 usque
1051 2515 1104 2543 eo
1126 2504 1383 2555 procedunt
1401 2503 1521 2552 odia,
1545 2509 1594 2543 ut
1615 2503 1777 2543 obuios
1793 2515 1885 2543 non

263 2575 432 2626 pugnis
454 2580 648 2624 tantum,
672 2586 834 2614 uerum
865 2575 1094 2625 lapidibus
1122 2575 1261 2615 etiam
1291 2575 1513 2626 impetere
1543 2574 1759 2625 audeant,
1792 2574 1886 2626 qui-

263 2646 346 2685 bus
373 2644 552 2684 iniuriis
583 2645 770 2684 minime
799 2644 1105 2695 afficerentur,
1137 2646 1224 2685 nisi
1251 2657 1405 2685 mores
1432 2646 1521 2685 illis
1550 2645 1882 2685 dissimillimos

265 2716 502 2766 haberent,
527 2727 553 2755 a
576 2716 742 2766 quibus
763 2716 879 2755 haec
902 2716 1156 2767 patiuntur.

343 2786 619 2826 Doctrinam
650 2786 892 2837 Xianam.,
930 2787 1006 2837 qui
1038 2786 1301 2826 abecedarii
1331 2793 1457 2836 sunt,
1496 2786 1762 2826 felicissime
1793 2786 1882 2826 edi·

262 2863 410 2906 scunt,
448 2862 506 2907 et,
540 2868 838 2896 numerorum
868 2857 1043 2897 deliniti
1074 2857 1292 2908 moduliS,
1325 2857 1449 2897 domi
1478 2856 1682 2908 forisque
1717 2856 1882 2898 decan—

317 3018 324 3036 ¹
366 3017 571 3043 Brevissime
588 3017 669 3043 hacc
686 3017 826 3050 attingit
842 3017 1041 3051 ORLAisDuu,
1060 3018 1409 3052 Hc'st.50c.Jes.‚1ib.
1425 3025 1493 3051 xv1,
1510 3025 1540 3045 n.
1557 3017 1599 3044 16.
