2020 3342
870 217 904 252 A
912 227 950 250 N.
983 215 1073 252 1556
1737 211 1784 249 39

824 665 1120 719 ODLXIV

229 936 277 973 P.
297 936 518 974 Robertus
539 935 829 983 Clayssonius
844 962 853 977 ‚

274 1000 347 1038 Ex
364 1000 683 1038 commissione
704 1000 847 1037 Patris
867 998 1126 1045 Hieronymi
1145 998 1308 1043 Bassii,

326 1066 448 1103 Patri
474 1066 643 1112 Ignatio
670 1066 724 1103 de
751 1065 933 1112 Loyola.

369 1130 567 1177 Billomo,
593 1130 636 1168 10
654 1130 853 1178 Januarii
874 1129 965 1166 1556
983 1129 1009 1166 ¹.

239 1374 338 1415 Pax
358 1374 546 1415 Domini
567 1367 654 1415 Dei
675 1375 822 1414 nostri
842 1374 952 1427 Jesu
974 1372 1148 1413 Christi
1170 1372 1376 1423 perfecta
1396 1383 1481 1411 nos
1498 1371 1636 1412 donet
1652 1371 1782 1411 liber-

160 1450 271 1486 tate.
298 1446 465 1486 Amen.

240 1515 340 1556 R.<1e
369 1517 416 1556 in
437 1516 623 1557 Christo
644 1516 781 1556 Pater
802 1515 1074 1567 Praeposite
1096 1513 1535 1554 obseruandissime.

242 1585 373 1638 Quae
395 1587 724 1638 quadrimestri
751 1598 896 1638 prope
927 1591 1168 1626 transacto
1199 1584 1370 1625 Diuina
1401 1584 1674 1634 Benignitas
1703 1596 1785 1635 per

166 1656 414 1698 Societatis
445 1669 555 1698 suae
582 1658 767 1698 inutiles
795 1657 994 1697 famulos
1022 1656 1284 1696 Aruerniae
1314 1655 1568 1695 liberaliter
1597 1653 1787 1705 elargiri

164 1727 359 1778 dignata
381 1728 454 1778 sit,
479 1740 707 1780 quemque
729 1740 884 1768 rerum
915 1738 1184 1767 successum
1208 1726 1434 1766 foeliciter
1461 1731 1787 1777 prosperatum

161 1799 339 1838 nostris
373 1799 496 1838 votis
533 1811 738 1839 annuere
772 1798 992 1848 voluerit,
1028 1798 1261 1837 luculento
1296 1796 1571 1847 compendio
1605 1796 1788 1846 singula

163 1870 423 1910 uniuersim
459 1871 770 1921 complectar,
807 1882 926 1921 quae
953 1869 1099 1909 literis
1129 1869 1380 1908 menstruis
1409 1867 1422 1886 ²
1456 1867 1790 1918 pensiculatius

163 1940 328 1980 eadem
350 1952 494 1992 prope
517 1941 670 1980 omnia
693 1940 1011 1992 expenderim.

241 2011 402 2063 Itaque
423 2011 550 2051 feriis
571 2011 871 2051 exaltationis
892 2010 1239 2050 sacratissimae
1261 2009 1439 2057 Crucis,
1463 2009 1646 2049 Biliomi
1674 2010 1790 2049 cele-

160 2081 390 2129 berrimiS.
416 2082 640 2122 concione
669 2081 1037 2122 antemeridiana
1068 2091 1174 2120 cum
1208 2080 1586 2131 frequentissimo
1616 2079 1791 2119 audito-

162 2153 232 2192 rio
256 2152 430 2202 habita,
453 2153 677 2204 postridie
698 2153 832 2192 binas
859 2152 999 2192 habui
1028 2151 1249 2191 Issiodori
1276 2149 1289 2168 ⁵
1317 2151 1579 2198 conciones,
1613 2150 1793 2190 ciuibus

161 2229 427 2274 pergratus,
460 2223 625 2274 quibus
655 2223 702 2263 in
734 2222 1004 2263 Aduentum
1031 2233 1180 2272 nuper
1202 2222 1412 2272 elapsum
1435 2233 1506 2261 me
1529 2221 1792 2261 desiderato

166 2293 467 2345 Ecclesiaste,
491 2307 548 2334 ex
571 2294 764 2346 imperio
785 2292 890 2334 R.mi
915 2292 1012 2333 D.1¹i
1039 2291 1277 2333 Pontificis
1299 2292 1653 2332 Claromontani
1673 2291 1702 2342 ⁴,
1736 2305 1791 2332 ex

164 2377 218 2404 ea
240 2364 355 2404 vrbe
378 2365 576 2415 oriundi,
600 2365 792 2405 alterius
819 2364 928 2404 anni
957 2364 1371 2415 quadragesimam
1399 2363 1656 2414 assignaui,
1688 2375 1793 2414 pro-

166 2435 293 2475 xima
315 2434 500 2476 Biliomi
521 2435 841 2486 transigenda.
870 2435 931 2475 Hi
959 2446 1072 2475 vero
1105 2434 1302 2474 humiles
1332 2433 1512 2484 gratias
1542 2434 1790 2485 Episcopo,

167 2512 304 2557 atque
327 2506 442 2546 adeo
464 2506 592 2557 mihi,
617 2512 825 2557 agentes,
850 2505 1118 2546 Aduentum
1147 2506 1345 2545 alterum
1373 2505 1681 2556 postularunt,
1716 2506 1788 2545 cui

164 2575 349 2627 quidem
370 2577 447 2628 pio
469 2577 678 2628 ipsorum
709 2583 821 2617 voto
850 2577 1111 2628 Episcopus
1141 2587 1228 2615 nec
1256 2574 1507 2626 suffragari
1536 2587 1622 2615 nec
1650 2575 1791 2614 refra-

162 2648 267 2697 gari
292 2647 451 2687 voluit.
475 2647 618 2699 Atqui
639 2647 744 2687 D.¹³0
774 2647 976 2687 Cantore
998 2647 1383 2686 claramontanae
1406 2644 1549 2696 aedis,
1571 2651 1792 2696 cognatO,

217 2782 225 2801 ¹
264 2783 512 2816 Autographae
528 2787 676 2817 quatuor
691 2783 779 2810 foliis
795 2790 848 2809 nn.
864 2782 994 2809 266-299.
1011 2782 1080 2809 Eas
1102 2782 1221 2808 imzniti
1245 2781 1435 2814 castigavit
1456 2781 1544 2808 falce
1567 2781 1744 2815 Polancus;
1761 2786 1791 2808 et

161 2830 319 2863 quoniam
333 2830 486 2857 utilitate
502 2838 563 2857 sua
579 2838 643 2857 non
659 2834 754 2857 caret
770 2831 858 2857 scire
873 2830 950 2864 quid
967 2830 1168 2863 suppressit,
1191 2829 1269 2862 quid
1291 2836 1551 2862 suppressorum
1578 2830 1649 2855 loco
1669 2830 1791 2856 substi-

162 2876 227 2903 tuit
242 2876 311 2908 ille,
327 2878 444 2910 quales
458 2885 498 2904 ex
514 2878 586 2912 ejus
601 2879 756 2905 manibus
771 2882 958 2904 evaserunt
974 2877 1061 2903 mfra
1074 2877 1326 2910 subjungemus.

215 2923 229 2943 2
266 2923 464 2951 Postremas
479 2924 557 2951 vide
574 2932 687 2959 supra,
705 2929 728 2952 t.
745 2931 794 2956 111,
807 2931 886 2958 pag.
898 2924 1028 2950 700-703.

216 2969 231 2989 ³
269 2970 404 2998 Issoire.

219 3017 233 3036 ⁴
271 3016 443 3045 Guilielmi
461 3019 500 3045 de
517 3019 613 3047 Prat.
