2020 3342
208 234 287 273 690
745 242 747 245 ·
835 232 1069 269 APPENmX
1095 243 1145 269 PR
1152 243 1229 268 IMA

212 329 449 370 videretur
466 328 729 369 detrimenti
747 327 857 378 pati,
873 338 1012 378 quam
1028 312 1312 378 profitemur,
1335 331 1603 378 paupertas3
1623 325 1660 365 si
1681 332 1839 367 tamen

213 401 541 440 detrimentum
568 410 669 438 esse
697 403 849 449 potest
883 397 1097 437 omnibus
1124 397 1278 437 onmia
1304 396 1417 446 fieri,
1444 408 1534 448 quo
1563 396 1749 437 Christo
1778 397 1839 436 lu-

210 471 410 510 crifiant.
433 469 627 518 Deinde,
652 468 909 519 inspirante
929 467 1039 520 Jesu
1061 478 1256 515 summo,
1278 473 1322 507 et
1349 479 1431 518 per
1461 467 1692 506 somnium
1718 467 1838 507 mira

213 541 415 591 quadam
447 551 552 579 eum
585 539 649 589 (ut
684 537 935 589 fatebatur)
971 544 1015 577 et
1045 538 1230 578 insolita
1266 538 1502 577 anxietate
1537 543 1837 586 commotum,

212 623 304 650 non
327 611 506 650 sinente
536 610 775 660 quiescere
803 608 950 648 donec
978 614 1204 659 concepta
1231 608 1462 648 desideria
1491 613 1583 658 aut,
1607 615 1657 647 ut
1682 608 1841 648 uerius

214 681 381 731 dicam,
406 681 464 720 ab
487 681 587 731 ipso
619 679 829 719 immissa
865 691 1004 730 opere
1033 679 1260 730 impleret,
1285 678 1441 718 omnia
1466 678 1579 729 fere,
1616 690 1735 729 quae
1763 678 1841 718 ha-

212 752 365 801 bebat,
402 749 623 791 Societati
659 750 865 800 donauit,
900 761 1019 800 quae
1052 749 1237 801 quidem
1268 750 1333 789 ita
1366 750 1511 789 multa
1541 756 1648 788 sunt
1677 755 1741 799 ut,
1765 750 1844 800 qui

212 822 446 862 hominem
481 827 617 861 antea
652 821 864 871 nouerit,
897 820 1035 860 facile
1070 820 1265 860 credere
1296 828 1497 871 nequeat
1539 819 1846 859 mutationem

210 892 331 932 hanc
353 892 573 932 dexterae
607 891 806 939 Excelsi,
845 897 888 931 et
910 902 1003 942 eos,
1045 891 1123 942 qui
1159 890 1368 941 credunt,
1412 901 1584 941 magna
1613 890 1751 930 huius
1779 890 1847 930 rei

210 963 336 1003 fama
358 962 665 1002 admiratione
687 962 956 1013 suspendat.
993 961 1113 1002 Nam
1143 967 1328 1012 praeter
1363 961 1551 1001 domum
1586 961 1844 1012 propriam,

213 1034 344 1073 cuius
366 1034 564 1084 pretium
586 1033 753 1083 viginti
775 1022 977 1072 millibus
994 1044 1246 1072 aureorum
1268 1039 1312 1072 et
1334 1032 1531 1082 amplius
1550 1028 1841 1080 aestimatur,

218 1104 295 1144 ubi
311 1104 557 1144 ecclesiam
580 1110 623 1143 et
643 1104 893 1155 gymnasia
922 1103 979 1143 ad
1015 1104 1167 1143 studia
1189 1105 1284 1143 iam
1306 1103 1549 1153 construit,
1582 1103 1649 1142 sic
1679 1102 1846 1142 ditauit

216 1187 302 1215 nos
323 1181 367 1215 et
405 1176 691 1215 ornamentis
723 1175 961 1225 ecelesiae,
1001 1187 1119 1226 quae
1151 1174 1343 1214 maximi
1375 1174 1574 1214 habebat
1609 1173 1769 1225 pretii,
1800 1179 1845 1213 et

216 1246 374 1286 multis
396 1246 498 1286 aliis
520 1258 612 1285 non
634 1246 784 1285 minus
806 1245 1076 1296 splendidis,
1101 1251 1149 1285 ut
1170 1246 1362 1295 longum
1384 1251 1506 1284 esset
1535 1244 1718 1294 singula
1746 1255 1844 1294 per-

217 1318 362 1367 sequi.
387 1316 489 1356 Hoc
511 1329 654 1356 vnum
677 1316 860 1365 addam,
885 1328 983 1356 rem
1013 1327 1115 1355 0550
1135 1316 1181 1355 in
1210 1327 1300 1366 qua
1328 1327 1376 1354 se
1405 1314 1493 1354 Dei
1522 1315 1724 1354 maxime
1742 1325 1845 1365 pro·

218 1387 424 1427 uidentia
460 1387 763 1438 conspicuam
798 1387 963 1436 reddit,
997 1387 1075 1438 qui
1106 1386 1162 1426 ab
1185 1393 1376 1426 aeterno
1412 1385 1458 1424 in
1486 1397 1603 1436 opus
1632 1396 1768 1424 suum
1789 1395 1843 1424 ea

218 1458 552 1508 destinaverat,
587 1470 705 1509 quae
738 1459 811 1497 ille
846 1458 1046 1497 fortasse
1080 1470 1172 1497 non
1194 1469 1247 1496 eo
1285 1457 1439 1496 animo
1471 1456 1764 1505 moliebatur;
1804 1455 1847 1495 ei

220 1529 402 1579 gratiae
424 1528 700 1578 referantur,
725 1528 802 1579 qui
824 1535 892 1568 est
913 1528 1183 1567 benedictus
1203 1526 1280 1579 [in]
1305 1528 1478 1567 secula.

294 1599 611 1639 Intelleximus
633 1600 724 1639 illic
747 1611 847 1639 esse
870 1599 1055 1639 Patrem
1077 1599 1398 1647 Franciscum,
1430 1609 1625 1649 cumque
1654 1610 1707 1638 eo
1733 1598 1845 1637 mul-

217 1677 291 1710 tos
312 1683 370 1711 ex
400 1670 572 1710 nostris
603 1676 645 1709 et
681 1670 845 1709 Patres
867 1677 910 1709 et
940 1670 1145 1719 Fratres,
1186 1670 1241 1709 de
1276 1680 1474 1720 quorum
1505 1669 1599 1708 iam
1620 1669 1780 1708 labore
1800 1674 1846 1707 et

217 1742 370 1781 fructu
394 1742 440 1780 in
462 1753 514 1781 ea
537 1742 703 1781 vineae
734 1741 924 1781 Domini
945 1748 1085 1791 sorte,
1124 1753 1208 1780 nec
1240 1740 1482 1781 Cordubae
1513 1739 1665 1790 modo,
1697 1739 1779 1779 sed
1800 1745 1845 1778 et

216 1824 507 1863 quocumque
528 1812 676 1851 bonus
698 1823 858 1852 eorum
881 1812 996 1851 odor
1018 1812 1255 1863 pertingit,
1287 1812 1397 1862 quia
1427 1823 1486 1850 ex
1519 1811 1728 1862 ipsorum
1749 1809 1845 1849 lite-

218 1883 283 1922 ris
304 1883 511 1933 pluribus
535 1884 704 1922 certior
726 1882 822 1930 fies,
845 1883 961 1922 haec
984 1883 1098 1922 satis
1121 1883 1351 1923 existimo.

298 1953 456 1993 Mense
479 1952 729 1993 Nouembri
751 1953 983 1994 Gandiam
1004 1954 1112 1993 hinc
1140 1953 1335 2005 profecti
1363 1959 1469 1993 sunt
1497 1952 1768 2004 Dionysius,
1802 1958 1847 1991 et

218 2035 325 2064 cum
347 2036 401 2063 eo
422 2024 565 2064 frater
593 2025 796 2075 quidam,
832 2031 928 2064 tum
959 2025 1159 2075 primum
1187 2026 1245 2064 ad
1279 2023 1561 2064 Societatem
1596 2023 1843 2073 admissus,

219 2095 407 2145 ingenio
429 2096 686 2145 praestanti
705 2094 889 2145 juvenis
912 2102 955 2135 et
977 2095 1225 2145 studiosus,
1251 2095 1420 2146 quique
1442 2095 1535 2134 iam
1562 2096 1609 2134 in
1634 2093 1847 2145 physicis

219 2176 322 2205 sese
339 2165 412 2205 hic
430 2165 662 2216 Compluti
685 2167 947 2206 exercebat.
980 2165 1109 2206 Abiit
1137 2171 1180 2205 et
1210 2177 1316 2205 cum
1338 2166 1452 2216 ipsis
1479 2165 1658 2205 Doctor
1685 2164 1846 2204 Rodri-

220 2246 351 2285 gueZ,
376 2237 514 2287 paulo
537 2244 643 2276 ante
672 2237 717 2276 in
740 2243 950 2276 nostrum
972 2242 1187 2288 receptus
1224 2236 1526 2285 consortium,
1561 2236 1845 2285 theologiam

220 2306 311 2345 illic
332 2307 643 2357 professurus,
674 2306 941 2348 Cordubam
976 2308 1098 2347 enim
1126 2314 1323 2347 vocatus
1357 2306 1508 2346 fuerat
1528 2306 1579 2345 P.
1616 2306 1842 2356 Baptista,

220 2376 299 2427 qui
319 2388 440 2416 unus
461 2384 560 2417 erat
583 2390 640 2417 ex
662 2378 930 2428 theologiae
952 2377 1310 2429 professoribus.

301 2447 477 2487 Eodem
500 2455 654 2488 autem
672 2449 745 2488 die
769 2448 1034 2489 Cordubam
1055 2448 1254 2500 profecti
1275 2454 1381 2487 sunt
1402 2447 1571 2487 fratres
1592 2454 1702 2497 tres3
1726 2458 1846 2487 vnus

219 2517 406 2569 quidem
428 2519 498 2568 iis,
522 2520 599 2569 qui
624 2520 717 2559 illic
745 2525 904 2570 agunt,
935 2519 1296 2566 ministraturus;
1330 2520 1407 2559 alii
1434 2531 1544 2559 uero
1573 2519 1846 2569 grammati-

222 2600 319 2638 cae,
342 2589 388 2628 in
410 2601 463 2629 ea
486 2590 591 2629 licet
627 2591 965 2641 aliquantulum
995 2590 1222 2641 prouecti,
1255 2601 1446 2641 operam
1469 2590 1702 2639 navaturi‚
1741 2600 1847 2629 cum

220 2659 387 2709 quibus
409 2666 451 2699 et
474 2661 585 2699 abiit
607 2659 783 2700 Doctor
806 2660 962 2711 Placa,
986 2667 1030 2700 et
1051 2660 1150 2711 ipse
1173 2672 1265 2700 non
1282 2660 1346 2700 ita
1369 2660 1548 2711 pridem
1566 2660 1612 2700 in
1634 2666 1846 2709 nostrum

222 2730 577 2770 contubernium
600 2738 857 2782 susceptus,
893 2732 1072 2782 collega
1097 2737 1233 2770 antea
1256 2731 1531 2781 seguntinus
1560 2736 1604 2770 et
1635 2731 1681 2770 in
1703 2718 1847 2780 publi·

222 2800 289 2839 cis
312 2801 370 2839 ad
397 2803 618 2852 populum
646 2803 949 2842 concionibus
976 2802 1274 2842 exercitatus
1310 2801 1453 2852 Atqui
1483 2813 1537 2840 ea
1565 2808 1633 2840 est
1661 2800 1846 2840 Christo

221 2871 368 2910 nostri
397 2883 508 2911 cura
531 2872 740 2923 Collegii,
765 2879 813 2912 ut
849 2885 941 2913 non
970 2873 1076 2922 sint,
1110 2878 1189 2912 aut
1220 2872 1316 2919 tibi,
1351 2871 1490 2911 Pater
1519 2871 1846 2911 obseruandis-

219 2940 351 2990 sime,
374 2941 466 2991 filii,
492 2949 570 2982 aut
591 2943 723 2983 nobis
744 2942 914 2983 fratres
937 2943 1152 2993 defuturi,
1177 2948 1402 2993 quotquot
1424 2942 1533 2981 hinc
1554 2942 1643 2981 alio
1663 2942 1845 2981 mittan—

220 3017 311 3061 tur,
349 3011 486 3052 modo
517 3013 556 3052 is
591 3014 714 3062 uelit,
740 3025 881 3064 penes
903 3026 1040 3065 quem
1061 3020 1131 3053 est
1159 3012 1430 3052 admittendi
1460 3018 1683 3063 potestas.
1713 3011 1846 3053 Multi
