2020 3342
819 243 904 280 ΑΝ.
935 243 1026 281 1556
1669 246 1740 282 415

763 691 1084 745 DXXVIII

177 923 247 961 Fr.
271 924 321 962 N.
342 924 519 971 Torres,

223 987 291 1026 Ex
310 989 631 1026 commissione
654 990 797 1027 Patris
818 989 1032 1036 Gasparis
1053 989 1106 1027 de
1128 989 1349 1034 Acebedo,

272 1054 393 1091 Patri
412 1054 582 1101 Ignatio
602 1055 655 1092 de
676 1055 858 1102 Loyola.

321 1119 490 1166 Surgis,
511 1121 534 1156 5
552 1120 745 1167 Augusti
768 1119 858 1156 1556
876 1120 901 1154 ¹.

903 1238 923 1254 Δ..

911 1255 915 1271 l

873 1273 968 1314 lHS

183 1399 282 1439 Pax
303 1405 348 1439 et
367 1400 521 1451 gratia
544 1399 733 1440 Christi.

182 1469 281 1511 Etsi
302 1471 416 1510 nihil
437 1477 622 1522 praeter
644 1482 697 1510 ea
726 1470 797 1519 (de
824 1469 990 1520 quibus
1011 1481 1092 1520 per
1123 1469 1386 1520 superiores
1414 1469 1634 1520 epistolas
1667 1471 1726 1511 ad

103 1541 155 1580 T.
180 1541 230 1582 Ρ.
260 1541 577 1588 transmissas,
608 1540 857 1581 admodum
887 1539 987 1579 R.de
1014 1539 1166 1588 Pater,
1201 1540 1371 1580 certior
1402 1552 1450 1579 es
1480 1539 1729 1591 factus).in

100 1618 262 1652 nostro
284 1612 479 1662 collegio
513 1611 736 1662 burgensi
766 1616 1025 1651 memoratu
1057 1610 1249 1661 dignum
1280 1611 1519 1660 acciderit,
1552 1617 1723 1661 tamen,

98 1682 295 1722 instituti
315 1683 464 1722 nostri
485 1681 795 1722 conseruandi
815 1682 986 1732 gratia,
1010 1681 1139 1720 breui
1161 1693 1230 1730 ea,
1261 1692 1378 1732 quae
1399 1693 1482 1732 per
1504 1682 1723 1733 indignos

98 1764 260 1793 seruos
281 1764 390 1793 suos
411 1753 566 1792 diuina
589 1752 809 1792 maiestas
832 1753 877 1791 in
899 1751 996 1791 dies
1018 1751 1201 1802 operari
1223 1751 1457 1801 dignatur,
1481 1758 1577 1792 tam
1595 1752 1721 1792 circa

98 1824 419 1875 proximorum
440 1825 650 1871 salutem,
676 1834 816 1874 quam
839 1823 965 1862 circa
988 1822 1350 1862 domesticorum
1367 1822 1601 1873 priuatum
1617 1834 1720 1874 pro-

97 1895 283 1944 fectum,
308 1900 351 1935 te
372 1895 491 1934 scire
513 1894 845 1943 desideramus,
871 1905 961 1945 quo
990 1905 1074 1944 pro
1096 1893 1167 1932 his
1198 1893 1412 1933 omnibus
1433 1892 1618 1934 Christo
1642 1900 1721 1934 tua

97 1964 362 2006 Paternitas
381 1966 560 2016 gratias
583 1971 708 2016 agat.

118 2068 121 2071 .
174 2035 404 2087 Imprimis
426 2042 580 2076 autem
601 2035 653 2076 T.
676 2036 725 2076 Ρ.
750 2035 978 2085 intelligat
1005 2040 1204 2085 quatuor
1224 2033 1299 2074 hic
1328 2037 1609 2076 commorari
1639 2035 1725 2075 Pa-

94 2113 203 2156 tres,
237 2107 402 2158 quibus
428 2106 628 2158 (praeter
656 2106 908 2146 conciones
936 2105 1114 2145 feriatis
1141 2104 1302 2145 diebus
1335 2105 1393 2145 ad
1426 2107 1647 2157 populum
1675 2107 1721 2146 in

93 2178 291 2218 diuersis
319 2177 523 2217 basilicis
554 2177 715 2217 haberi
750 2176 925 2225 solitas)
957 2183 1052 2215 tres
1084 2175 1218 2215 simul
1253 2176 1416 2216 eodem
1451 2177 1523 2216 die
1558 2177 1720 2217 haberi

93 2248 304 2299 contigit,
327 2255 372 2288 et
391 2248 525 2288 binas
553 2259 691 2298 saepe
722 2247 964 2297 contingit.
988 2244 1090 2286 Non
1123 2252 1366 2297 praeterea
1390 2246 1623 2288 mediocre
1645 2260 1718 2288 ne-

92 2319 269 2369 gotium
298 2318 487 2358 facessit
508 2317 682 2358 eisdem
712 2318 899 2357 assidua
927 2323 1023 2356 tum
1054 2316 1419 2368 confessionum,
1451 2325 1548 2358 tum
1576 2319 1722 2358 etiam

93 2390 470 2430 communionum
492 2389 728 2429 instantia:
753 2389 832 2428 uix
859 2388 981 2428 enim
1003 2387 1169 2438 aliquis
1190 2388 1388 2428 elabitur
1408 2388 1519 2437 dies,
1554 2390 1601 2429 in
1623 2401 1715 2441 quo

93 2473 121 2500 a
140 2460 577 2500 sacrosanctissima
600 2459 812 2510 corporis
840 2458 1013 2499 Christi
1034 2458 1332 2509 perceptione
1359 2466 1586 2499 cessetur:
1617 2466 1715 2499 tan—

90 2537 188 2571 tum
208 2537 277 2571 est
298 2530 521 2570 nobilium
539 2529 847 2582 quarumdam
864 2535 1199 2577 matronarum,
1219 2534 1317 2568 tum
1334 2528 1474 2569 etiam
1490 2530 1716 2581 probatae

91 2602 183 2642 iam
216 2601 321 2642 fidei
355 2601 578 2650 uirorum,
613 2600 668 2641 de
699 2600 832 2640 bonis
862 2599 1139 2639 coelestibus
1173 2599 1503 2640 inexhaustum
1537 2599 1715 2640 deside-

89 2673 224 2724 rium,
249 2672 340 2723 qui,
374 2672 540 2712 fastum
563 2672 737 2711 saeculi
759 2672 1014 2717 calcantes,
1044 2669 1362 2720 sathanaeque
1387 2670 1717 2710 abrenuntian-

88 2749 156 2783 tes
194 2743 395 2794 pompis,
438 2741 736 2793 eiusdemque
772 2740 1068 2792 nequissimis
1108 2740 1485 2790 suggestionibus
1524 2741 1712 2780 minime

86 2814 451 2865 acquiescentes,
475 2819 597 2853 totos
619 2823 668 2852 se
689 2812 733 2851 in
756 2812 956 2851 'nostiam
985 2811 1142 2850 uiuam
1172 2809 1272 2849 Deo
1300 2811 1563 2861 placentem
1585 2811 1718 2851 obtu-

86 2886 251 2933 lerunt,
284 2895 479 2936 quorum
509 2884 556 2923 in
587 2894 671 2922 nos
693 2882 886 2922 effusum
913 2881 1118 2921 studium
1147 2891 1369 2931 amorque
1391 2881 1453 2921 ita
1475 2887 1544 2921 est
1577 2881 1713 2921 uehe-

190 3044 438 3078 Autographae
453 3044 578 3078 duplici
596 3042 688 3076 solio,
702 3042 810 3077 primo
826 3049 857 3069 n.
871 3041 934 3070 3611.
949 3042 1056 3068 altero
1073 3047 1136 3067 non
1153 3041 1339 3067 numeram.
