2020 3342
232 268 302 306 222
739 269 964 307 LITTERAE
991 277 1346 312 QUADmMESTREs

233 366 496 417 ditibusque
531 367 620 406 tria
658 366 798 406 millia
834 366 1109 405 ducatorum
1144 365 1382 405 cedebant:
1421 364 1562 415 pollet
1597 363 1785 414 ingenio
1813 369 1857 403 et

234 437 442 488 corporis
463 436 629 487 forma,
653 448 820 486 nomen
843 448 954 476 vero
976 435 1171 475 Doctori
1192 435 1339 476 Solier
1365 434 1375 453 ¹
1397 441 1481 474 est.

313 507 579 548 Studiorum
601 507 779 547 fructus
810 513 853 547 et
880 507 1271 546 scholasticorum
1299 511 1500 558 quantus
1530 506 1602 555 sit,
1634 517 1692 545 ex
1720 505 1856 545 huius

234 578 389 630 oppidi
408 579 604 628 clericis,
623 579 698 629 qui
716 579 761 618 in
784 584 969 617 nostras
991 577 1177 617 scholas
1199 577 1395 617 docendi
1422 577 1614 617 veniunt
1646 576 1856 627 (audiunt

232 650 352 689 enim
373 650 710 700 grammaticae
732 649 1213 700 praeexercitamenta
1232 649 1432 700 quinque
1449 654 1492 687 et
1509 647 1692 698 Viginti)
1714 646 1853 686 facile

233 721 476 771 intelliges.
502 720 728 760 Dominus
749 720 884 773 Jesus
904 720 1018 759 tales
1040 719 1091 759 T.
1115 719 1163 759 P.
1189 719 1321 769 filios,
1342 724 1392 758 vt
1413 717 1675 758 huiusmodi
1699 728 1854 757 neces-

234 791 510 831 situdinibus
531 791 802 831 satisfacere
823 796 1009 841 queant,
1029 790 1274 842 parturiat,
1294 796 1430 841 teque
1448 789 1581 829 nobis
1605 789 1650 828 in
1666 788 1854 828 laudem

234 874 365 902 suam
386 862 663 902 incolumem
685 868 853 901 seruet.

313 932 545 984 Meptinae
568 932 672 983 (sic)
692 933 840 983 pridie
863 932 1083 972 calendas
1105 932 1229 982 Maii,
1255 943 1378 972 anno
1414 932 1528 972 1556.

312 1003 491 1044 Inutilis
515 1004 630 1043 filius
653 1009 695 1043 et
718 1014 882 1043 seruus
904 1002 955 1042 T.
980 1003 1028 1043 Ρ.

792 1144 819 1196 †
841 1145 890 1185 P.
922 1145 1104 1186 PETRUs
1133 1146 1267 1186 Mmz.
1302 1158 1333 1186 A
1362 1146 1557 1186 BUXEDO
1579 1144 1607 1187 ⁹.
1631 1145 1663 1197 †

314 1358 664 1411 Superscmptio
682 1360 730 1399 su
754 1364 926 1411 quarta
954 1360 1163 1410 pagina:
1181 1362 1207 1407 †
1234 1359 1356 1399 ihus:
1380 1359 1648 1399 Admodum
1677 1358 1778 1398 R.d0
1807 1359 1853 1399 in

237 1431 423 1471 Christo
442 1431 488 1471 Ρ.
509 1432 704 1482 Ignatio,
724 1431 997 1483 Praeposito
1019 1431 1239 1471 Generali
1255 1430 1500 1471 Societatis
1516 1431 1640 1483 Jesu,
1660 1429 1850 1470 Rornae.

312 1502 422 1541 Alia
443 1514 604 1542 manu:
630 1502 743 1542 1556.
770 1501 989 1554 Methyna
1011 1502 1112 1550 (sic)
1136 1502 1312 1553 Campi,
1338 1501 1713 1552 Quadrimestres
1732 1512 1854 1540 men-

234 1572 296 1612 sis
324 1573 448 1613 Maii.

316 1643 479 1684 Manet
500 1645 758 1695 vestigium
779 1656 909 1684 cerae
930 1644 1098 1695 sigilli.

288 1806 296 1825 Ι
338 1804 396 1831 Dr.
412 1804 644 1831 Ferdinandus·
659 1805 879 1838 (Hcrnando)
894 1804 1012 1832 Solier.

284 1852 298 1871 2
336 1851 485 1878 Vocibus
501 1852 553 1878 his
570 1860 589 1877 α
606 1852 752 1878 Bisa-cdo
767 1853 916 1886 patriam
931 1852 1072 1886 exprimi
1090 1852 1311 1886 intelligimus
1326 1852 1425 1886 hujus
1441 1852 1555 1879 Patris
1572 1852 1664 1878 Petri
1679 1851 1847 1879 Martinez

231 1898 293 1926 Est
310 1899 396 1926 enim
411 1898 556 1925 Bzcxedo
573 1901 626 1925 vel
641 1899 777 1933 b'zzjedo
793 1900 949 1933 oppidum
965 1899 1132 1933 quoddam
1148 1899 1308 1926 dioecesis
1323 1899 1511 1933 burgensis.
1524 1899 1617 1931 Quod
1631 1899 1658 1926 si
1671 1899 1719 1926 ita
1732 1906 1852 1933 reapse

233 1946 287 1978 sit,
302 1951 372 1972 tum
388 1947 490 1980 probe
507 1946 533 1972 is
550 1946 806 1980 distinguendus
822 1951 871 1972 est
888 1947 930 1972 ab
946 1947 1002 1973 illo
1019 1946 1168 1980 ejusdem
1190 1946 1332 1972 nominis
1353 1953 1392 1973 ac
1414 1947 1632 1980 cognominis,
1649 1954 1736 1973 anno
1757 1953 1854 1980 prae-

231 1993 363 2020 cedenti
380 1994 411 2019 in
428 1992 634 2020 Societatem
651 1994 790 2026 adscito,
808 1993 848 2019 de
863 2001 927 2027 quo
940 1992 1165 2025 SANTIVASOEZ,
1179 1992 1340 2019 Historia
1355 2001 1414 2020 ms.
1426 1993 1513 2020 dela
1529 1993 1719 2020 Provincia
1731 1994 1773 2020 de
1785 1993 1853 2020 An·

230 2040 326 2066 dalu(
339 2041 384 2071 ia,
399 2040 455 2066 lib.
473 2047 492 2073 Ι,
509 2047 582 2073 cap.
599 2048 690 2070 xxix,
707 2048 736 2066 n.
759 2043 783 2073 ¹¹,
801 2041 922 2074 quique
939 2043 1034 2066 ortus
1050 2044 1124 2066 erat
1140 2040 1172 2066 in
1189 2040 1309 2073 oppido
1326 2039 1546 2072 Rivasrecha,
1564 2039 1852 2074 Calagurritanae

231 2087 404 2114 dioecesis.
