2020 3342
262 216 333 256 572
772 216 998 256 LITTERAE
1025 226 1381 261 QUADRIMESTRES

274 320 276 322 ’
343 320 479 358 Pater
496 322 653 356 noster
673 316 844 356 Rector
859 315 929 356 bis
950 316 996 356 in
1016 315 1306 357 hebdomada
1328 319 1411 356 aut
1426 315 1617 368 saepius
1640 315 1886 357 conciona-

264 392 339 427 tur
361 388 425 437 (ut
454 387 510 427 de
544 386 864 438 frequentibus
900 387 1315 437 exhortationibuS‚
1352 398 1468 439 quas
1500 387 1623 439 apud
1657 386 1888 438 mulieres,

265 469 382 509 quas
410 469 665 498 conuersas
690 459 832 509 uulgo
860 464 1051 509 uocant,
1082 459 1243 508 habet,
1280 458 1465 499 interim
1499 458 1696 509 taceam)
1727 458 1890 499 diebus

264 528 506 568 dominicis
535 534 578 568 et
606 528 752 579 festis,
781 540 962 569 necnon
991 529 1154 570 diebus
1180 530 1381 580 veneris,
1406 530 1538 570 cuius
1560 529 1772 570 doctrina
1793 540 1887 569 non

264 599 401 650 pauci
419 599 476 639 ad
497 598 668 639 bonam
695 611 744 639 se
771 600 1002 652 recipiunt
1032 600 1229 651 frugem.
1262 600 1382 641 Nam
1407 606 1738 652 praeterquam
1765 599 1889 652 quod

264 669 556 710 scholasticis
578 670 828 722 plurimum
849 671 1054 723 prodest,
1077 672 1116 712 si
1147 672 1257 724 quid
1277 672 1324 712 in
1345 671 1541 712 lectione
1570 671 1756 712 veneris
1781 671 1890 711 dici-

263 747 351 792 tur,
376 741 497 792 quod
518 742 670 792 magis
692 742 750 783 ad
771 754 1021 794 puerorum
1051 749 1271 795 parentes
1300 743 1496 783 attinere
1524 742 1752 793 videatur,
1784 742 1891 783 hor-

266 818 390 853 tatur
411 824 490 853 eos
513 819 562 853 ut
591 813 713 854 idem
748 814 959 865 patribus
987 814 1234 866 inculcent;
1269 815 1424 867 itaque
1455 814 1533 855 filii
1567 821 1753 866 patrum
1778 814 1893 854 fiunt

264 884 637 935 concionatoreS,
661 885 784 937 quod
805 889 849 926 et
866 886 1121 926 maximum
1138 886 1293 937 affert
1311 887 1689 937 emolumentum,
1713 889 1756 926 et
1774 896 1888 926 sum·

264 967 366 997 mae
388 962 457 996 est
479 956 691 997 omnibus
713 956 1025 997 admirationi.
1050 957 1165 998 Sunt
1188 964 1231 998 et
1253 958 1331 998 alii
1353 958 1493 998 etiam
1515 958 1605 998 duo
1627 969 1685 998 ex
1701 956 1889 1006 nostris,

264 1027 341 1079 qui
361 1027 452 1068 alio
475 1027 521 1068 in
543 1029 729 1080 templo,
755 1029 957 1069 maxima
975 1040 1079 1069 cum
1107 1029 1372 1070 auditorum
1396 1029 1608 1079 utilitate,
1639 1027 1800 1069 diebus
1824 1027 1891 1067 iti-

265 1098 369 1138 dem
391 1098 640 1139 dominicis
661 1111 715 1139 ac
737 1100 884 1151 festis,
907 1101 1100 1140 verbnm
1122 1101 1520 1152 Dez'propommt.

344 1169 392 1209 P.
414 1170 618 1223 Jacobus
638 1171 838 1222 primum
869 1183 1054 1212 sacrum
1090 1172 1343 1212 celebrauit
1379 1171 1560 1223 publice
1596 1171 1641 1211 in
1672 1170 1889 1220 ecclesia,

264 1252 382 1292 quae
399 1253 491 1281 non
505 1242 642 1292 longe
659 1253 686 1281 a
703 1242 901 1293 collegio
915 1249 1075 1283 nostro
1093 1243 1238 1290 abest;
1255 1243 1407 1294 ibique
1425 1242 1562 1283 Pater
1577 1242 1764 1292 Rector‚
1785 1252 1891 1282 cum

265 1311 488 1352 offerendi
508 1318 690 1364 tempus
717 1314 1010 1364 accessisset,
1042 1314 1348 1355 concionatus
1377 1320 1461 1365 est,
1485 1314 1711 1354 extollens
1741 1324 1892 1353 sacer-

264 1383 686 1434 dotz'z'dignitatem,
711 1391 979 1437 quantaque
1001 1391 1122 1426 esset
1144 1386 1406 1426 reuerentia
1428 1385 1686 1426 colendum.
1710 1384 1892 1425 Deinde

264 1453 518 1506 discipulus
553 1455 741 1507 quidam
776 1456 824 1496 P.
861 1456 1025 1510 Jacobi
1061 1457 1221 1497 habuit
1253 1458 1513 1498 orationem
1554 1456 1761 1497 eiusdem
1797 1456 1891 1497 fere

264 1526 538 1577 sententiae,
562 1539 722 1567 coram
743 1527 973 1580 frequenti
994 1529 1301 1579 multitudine,
1326 1540 1443 1580 quae
1466 1528 1528 1569 ibi
1550 1528 1727 1569 aderat.
1754 1527 1891 1568 Mira-

264 1597 433 1638 bantur
454 1598 664 1650 plerique
685 1610 825 1650 quam
847 1599 903 1639 ob
926 1611 1117 1640 causam
1139 1601 1314 1640 nullam
1342 1607 1608 1651 pateremur
1636 1599 1793 1640 offerri
1814 1610 1891 1650 pe-

264 1669 450 1709 cuniam
470 1669 541 1721 (ut
563 1675 745 1721 semper
766 1670 967 1721 lze'cfiem'
983 1670 1147 1721 solem·
1169 1671 1252 1711 sed
1271 1672 1462 1711 tandem
1479 1671 1527 1711 zd
1551 1671 1764 1712 omnibus
1784 1681 1870 1722 pro

265 1741 478 1791 babatur,
500 1745 544 1781 et
567 1741 857 1793 experientia
879 1742 979 1793 ipsa
1002 1749 1325 1792 cognouerunt
1352 1754 1438 1783 nos
1468 1754 1561 1783 non
1588 1753 1672 1782 sua
1699 1741 1781 1782 sed
1812 1752 1892 1782 eos

269 1818 450 1852 tantum
479 1824 722 1864 quaerere.

281 1933 289 1938 ἃ
344 1883 496 1924 Credo
519 1884 611 1924 iam
646 1884 980 1925 Paternitatem
1011 1885 1159 1925 Tuam
1181 1885 1285 1926 aliis
1305 1885 1420 1925 meis
1454 1885 1601 1925 literis
1632 1884 1888 1936 accepisse,

265 1955 536 1995 chartarum
556 1955 664 1995 ludo
690 1955 882 1996 huiusce
915 1956 1118 1996 ciuitatis
1148 1957 1359 1997 homines
1387 1967 1680 2008 summopere
1710 1955 1891 1996 deditos

266 2035 382 2074 esse;
403 2026 875 2078 consuetudinemque
897 2027 1017 2067 hanc
1039 2028 1290 2079 pessimam
1312 2028 1358 2067 in
1380 2029 1575 2068 alteram
1596 2027 1739 2067 veluti
1760 2032 1888 2067 natu-

267 2109 367 2137 ram
389 2108 491 2137 esse
512 2108 805 2148 conuersam;
829 2109 983 2149 quam,
1008 2098 1113 2139 licet
1136 2099 1343 2150 expellas
1369 2099 1516 2147 furca,
1548 2104 1597 2138 ut
1625 2098 1699 2138 ille
1723 2097 1801 2148 ait,
1825 2102 1891 2137 ta-

266 2179 370 2208 men
390 2179 536 2219 usque
557 2169 770 2219 recurrit3
795 2180 912 2220 quae
933 2169 1060 2209 labes
1083 2175 1308 2221 quantum
1331 2169 1494 2209 afferat
1516 2169 1794 2220 detrimenti,
1818 2169 1891 2210 uel

266 2239 374 2278 hinc
396 2239 598 2279 maxime
619 2240 815 2289 intelligi
837 2246 1003 2291 potest,
1027 2240 1247 2292 quoniam
1268 2240 1527 2280 tenuissimi
1553 2240 1721 2292 quique
1748 2245 1889 2292 atque

266 2310 566 2361 pauperrimi,
591 2311 666 2362 qui
688 2321 768 2362 per
790 2317 937 2351 totam
964 2311 1306 2352 hebdomadam
1332 2311 1567 2351 laboribus
1590 2310 1888 2362 franguntur,

267 2392 356 2433 quo
382 2381 561 2432 possint
582 2381 756 2421 victum
777 2382 864 2422 sibi
886 2393 1178 2433 comparare,
1203 2388 1333 2423 tanta
1357 2387 1571 2422 tenentur
1592 2381 1781 2423 ludendi
1810 2393 1890 2422 cu-

266 2452 476 2504 piditate,
501 2458 548 2492 ut
569 2452 729 2492 diebus
750 2453 897 2500 festis,
928 2453 1146 2505 quicquid
1177 2453 1382 2493 maximo
1413 2464 1519 2493 cum
1544 2453 1704 2493 labore
1736 2453 1890 2504 acqui-

267 2524 459 2574 sierunt,
484 2523 739 2575 dilapident
760 2530 898 2576 atque
922 2523 1224 2575 profundant.
1247 2524 1367 2564 Huic
1403 2524 1520 2564 adeo
1543 2523 1807 2575 pernicioso
1834 2535 1891 2564 ac

268 2594 528 2634 inueterato
549 2594 711 2635 morbo
733 2594 905 2635 fratres
928 2596 1077 2635 nostri
1105 2595 1345 2645 cupientes
1374 2595 1578 2646 aliquam
1601 2595 1891 2635 curationem

267 2665 448 2715 afferre,
473 2677 657 2705 omnem
680 2665 820 2717 (quod
844 2666 985 2715 aiunt)
1021 2672 1266 2706 mouerunt
1297 2666 1512 2718 lapidem,
1550 2677 1637 2706 nec
1664 2665 1892 2706 desistunt

269 2736 437 2785 adhuc;
474 2736 696 2787 quinimo,
735 2736 965 2777 desiderio
1000 2736 1162 2777 salutis
1197 2737 1459 2777 animarum
1494 2737 1695 2776 maiores
1724 2736 1771 2776 in
1792 2736 1891 2776 dies

269 2807 393 2853 vires
420 2807 603 2858 spiritui
637 2808 977 2859 suppeditante,
1003 2808 1233 2848 cursitant
1260 2819 1343 2858 per
1373 2807 1500 2847 urbis
1520 2808 1639 2857 loca,
1669 2807 1891 2859 oblitique

267 2877 338 2917 sui
360 2877 566 2928 ipsorum
588 2878 782 2918 libenter
804 2880 941 2930 atque
964 2889 1110 2929 aequo
1133 2878 1288 2918 animo
1305 2877 1458 2918 ferunt
1481 2877 1740 2929 maledicta,
1771 2889 1890 2929 quae

269 2948 315 2988 in
349 2948 475 3000 ipsos
501 2948 558 2988 ab
599 2948 822 3000 improbis
850 2948 1174 2989 coniiciuntur.
1211 2948 1423 3000 Denique
1451 2960 1542 3000 quo
1565 2948 1793 2989 difficilior
1820 2956 1889 2988 est

269 3019 384 3060 haec
407 3019 668 3072 provincia,
692 3030 831 3071 quam
852 3019 1064 3070 subeunt,
1088 3031 1141 3059 eo
1163 3019 1402 3060 uberiores
1430 3018 1609 3060 fructus
1636 3018 1887 3071 decerpun-
