2020 3342
835 221 917 258 AN.
949 221 1038 260 1550
1674 224 1742 261 333

125 317 320 357 sultibus
342 323 386 357 et
406 317 573 357 futuris
594 317 825 368 periculis,
850 320 999 359 solum
1020 318 1171 360 Deum
1192 319 1422 370 timenteS,
1447 320 1534 370 ipsi
1555 320 1640 360 soli
1660 331 1740 372 per

124 388 244 428 bona
265 399 422 439 opera,
446 388 492 428 in
513 388 677 429 timore
698 389 970 440 seruientes,
994 389 1187 430 firmiter
1207 390 1499 431 haereamus.

204 457 337 509 Quod
358 458 417 499 ad
438 458 661 509 ordinem,
685 470 821 510 quem
841 459 979 501 Pater
999 460 1231 501 Polancus
1262 460 1388 501 circa
1416 461 1638 502 lectiones
1667 461 1740 501 de-

124 527 190 572 dit
212 529 351 580 <quod
372 535 528 569 tamen
549 529 802 570 secundum
823 530 1029 571 eiusdem
1055 531 1358 572 intentionem
1388 539 1432 572 et
1461 532 1741 573 desiderium

123 611 225 640 esse
251 611 345 640 non
372 599 669 651 dubitamus),
699 601 883 641 uidetur
909 603 1141 655 plerisque
1171 603 1285 643 uiris
1316 603 1473 654 probis
1505 610 1549 644 et
1580 604 1741 645 amicis

122 681 215 710 non
237 682 340 711 esse
361 672 623 712 consultum
644 671 885 713 obseruari
906 679 1085 714 exacte.
1108 673 1327 723 Primum,
1348 674 1501 725 quoad
1523 675 1645 716 hunc
1671 688 1740 716 ar-

75 790 81 795 ·
122 740 334 782 ticulum:
357 742 481 793 quod
501 753 674 794 paruos
694 754 787 783 non
808 743 1111 795 recipiamus,
1133 744 1348 785 videntur
1376 746 1498 786 enim
1527 746 1741 787 omnibus

120 811 283 852 amicis
318 812 616 864 singulariter
646 813 914 866 recipiendi,
951 820 1046 855 tam
1080 816 1350 867 uscitarum‚
1385 828 1524 868 quam
1555 817 1740 858 iudaeo-

119 894 237 934 rum,
260 895 366 924 cum
386 884 584 924 caeteris
605 885 863 935 catholicis,
888 898 944 925 ne
965 885 1207 927 uideamur
1230 887 1465 939 partiales,
1491 894 1533 928 et
1562 889 1740 940 specia-

38 992 53 1007 ,
119 954 221 994 liter
243 955 443 1003 uenisse,
466 962 514 995 ut
535 955 714 1007 aliquos
736 956 1053 1007 excludamus,
1077 963 1122 997 et
1143 958 1269 1009 ipsos
1291 970 1317 998 a
1339 969 1422 998 sua
1449 965 1578 999 secta
1608 971 1739 1000 reuo-

119 1036 278 1065 cemus
314 1025 341 1063 ¹.
376 1025 510 1077 Quod
537 1033 696 1078 aperte
723 1026 879 1067 facere
913 1027 1115 1068 maxime
1151 1028 1410 1069 cauendum
1446 1035 1516 1070 est
1550 1036 1740 1081 propter

121 1096 393 1137 seditionem
414 1097 587 1148 populi,
612 1097 705 1149 qui,
729 1097 768 1138 si
795 1097 985 1138 uideant
1011 1110 1098 1138 nos
1128 1098 1442 1140 indifferenter
1472 1112 1632 1141 omnes
1663 1101 1737 1141 ad-

119 1167 314 1218 mittere,
339 1179 426 1209 nec
447 1169 728 1209 mentionem
749 1168 903 1209 facere
924 1169 980 1209 de
1001 1170 1315 1211 conuertendo
1337 1182 1416 1211 eos
1445 1171 1503 1211 ad
1530 1178 1740 1212 nostram

119 1238 408 1291 religionem,
432 1239 514 1280 sed
535 1239 747 1280 omnibus
769 1239 960 1280 audiant
980 1251 1065 1280 nos
1088 1241 1204 1281 uelle
1225 1242 1460 1293 prodesse,
1486 1254 1579 1283 non
1596 1243 1740 1284 uerba

116 1308 330 1350 faciendo
353 1310 409 1351 de
430 1310 673 1362 religione,
697 1309 834 1351 facile
857 1316 926 1351 est
947 1316 990 1351 et
1018 1312 1186 1352 multos
1216 1312 1388 1353 habere
1418 1313 1664 1364 studiosos,
1694 1322 1738 1355 et

116 1392 300 1421 omnem
321 1381 624 1433 suspitionem
641 1383 812 1422 malam
830 1382 1128 1433 partialitatis
1150 1384 1326 1434 tollere,
1352 1385 1739 1437 auersionemque

116 1452 258 1493 animi
288 1464 449 1493 eorum
477 1453 670 1502 euitare,
702 1453 783 1493 sed
814 1453 1068 1494 amicitiam
1098 1455 1253 1506 potius
1280 1466 1443 1496 eorum
1473 1457 1738 1497 conciliabi-

114 1534 230 1564 mus.
255 1523 430 1565 Dicunt
451 1525 573 1565 enim
593 1525 769 1576 passim
789 1537 872 1576 per
892 1525 1053 1565 urbem
1072 1525 1275 1578 Jesuitas
1296 1539 1388 1567 non
1410 1527 1487 1568 diu
1509 1528 1583 1568 hic
1612 1540 1736 1568 man-

115 1606 265 1635 suros.

194 1664 431 1717 Secundo,
456 1667 494 1707 si
515 1668 666 1707 solum
685 1667 886 1708 maiores
908 1668 1232 1719 admittamUS,
1262 1669 1522 1710 uidebimur
1548 1671 1637 1711 illis
1658 1677 1736 1712 aut

115 1737 460 1777 communitatis
481 1744 524 1778 et
546 1737 844 1790 Reipublicae
866 1739 988 1779 bono
1019 1745 1062 1779 et
1090 1739 1277 1780 utilitati
1307 1752 1392 1781 nos
1413 1752 1506 1781 non
1533 1742 1734 1789 uenisse,

114 1809 271 1859 sicque
305 1808 442 1849 facile
470 1819 708 1849 murmura
735 1815 779 1849 et
809 1811 1023 1860 querelas
1053 1810 1352 1851 concitabunt
1387 1811 1506 1852 inter
1542 1824 1614 1853 se:
1650 1825 1736 1854 nec

112 1878 357 1919 admittent
395 1879 517 1931 quod
556 1879 763 1932 linguam
798 1881 1064 1921 Boemicam
1099 1881 1391 1933 ignoremus;
1427 1894 1536 1923 nam
1571 1890 1616 1924 et
1649 1895 1735 1925 nos

112 1949 238 1990 illam
259 1950 379 1990 scire
399 1957 802 2003 praesupponunt,
828 1958 872 1992 et
891 1952 1234 2003 germanicam,
1258 1959 1302 1993 et
1322 1953 1449 1994 illam
1469 1955 1637 1995 debere
1658 1956 1735 1996 ha-

111 2020 220 2061 bere
246 2027 470 2073 tanquam
502 2022 652 2074 primo
687 2033 848 2063 ueram
880 2029 1147 2075 certamque
1175 2024 1505 2065 conditionem.
1538 2026 1587 2066 In
1616 2038 1735 2067 sum-

111 2102 207 2141 ma,
241 2103 335 2133 non
354 2093 478 2144 grati
499 2093 693 2144 erimus,
724 2094 813 2133 nisi
835 2101 879 2133 et
900 2094 1135 2144 minimos,
1160 2094 1384 2136 donatum
1405 2096 1680 2138 inchoantes
1705 2097 1733 2149 ²,

111 2163 413 2205 admittamus
434 2163 463 2204 ³.

190 2234 486 2287 Quapropter
515 2237 766 2278 lectoribus
796 2238 1006 2290 pluribus
1035 2239 1450 2289 grammaticarum
1472 2239 1735 2292 disciplina-

111 2316 214 2346 rum
235 2317 351 2357 opus
372 2313 440 2347 est
469 2308 624 2359 nobis,
656 2308 1054 2360 quandoquidem,
1083 2316 1267 2360 praeter
1295 2309 1552 2351 rethorices
1581 2317 1626 2351 et
1655 2311 1734 2351 hu-

163 2513 171 2533 ·
212 2515 310 2543 Haud
325 2517 411 2544 satis
425 2517 510 2544 haec
526 2524 713 2551 congruere
729 2517 889 2545 videntur
910 2525 984 2545 cum
1001 2518 1051 2553 iis,
1074 2526 1158 2553 quae
1180 2519 1210 2545 in
1236 2516 1435 2546 Istruzione
1453 2523 1519 2553 per
1541 2520 1566 2547 il
1588 2520 1735 2555 collegio

110 2562 147 2589 di
162 2562 281 2597 Praga
295 2564 512 2592 eontinentur
526 2564 628 2599 (Vide
645 2563 772 2592 cartas
786 2565 828 2592 de
844 2565 916 2592 San
931 2565 1088 2600 Ignacio,
1105 2570 1128 2593 t.
1145 2572 1191 2600 v1,
1207 2573 1287 2601 pag.
1304 2567 1353 2593 137
1368 2572 1401 2594 et
1422 2567 1497 2599 455).
1518 2567 1567 2595 Ibi
1583 2569 1672 2596 enim
1687 2569 1732 2596 di·

109 2610 207 2638 citur:
223 2611 494 2640 “Accetteranno
507 2614 594 2640 nelle
609 2613 722 2640 scuole
738 2614 816 2648 ogni
830 2617 921 2641 sorte
938 2613 970 2641 di
985 2620 1140 2648 persone,
1158 2613 1220 2641 che
1235 2614 1397 2648 vogliano
1415 2621 1597 2643 osservare
1612 2616 1645 2643 la
1667 2623 1736 2644 mo·

107 2658 216 2686 destia
232 2667 248 2686 e
265 2659 443 2694 disciplina
457 2661 755 2694 conveniente.....„

159 2706 172 2724 ²
210 2706 349 2735 Scilicet
365 2707 489 2735 Donati
506 2707 706 2735 rudimentis
721 2710 968 2742 grammaticae
984 2716 1124 2744 operam
1140 2710 1291 2738 daturos

161 2754 175 2774 ³
212 2754 263 2782 De
279 2756 439 2783 minimis
456 2756 553 2789 haec,
569 2756 601 2783 in
615 2756 817 2783 Istruzz‘one
838 2764 943 2791 supra
964 2762 1165 2791 memorata,
1187 2758 1366 2786 habentur:
1388 2759 1472 2786 “Per
1486 2760 1509 2786 li
1531 2760 1658 2787 minimi
1675 2768 1734 2795 per

110 2801 230 2830 adesso
243 2810 309 2830 non
322 2811 405 2838 pare
420 2804 482 2831 che
497 2804 525 2831 si
537 2804 636 2831 diano
651 2805 803 2838 maestri,
820 2806 859 2832 ne
875 2806 995 2839 classe,
1011 2810 1110 2839 parte
1125 2813 1186 2840 per
1200 2814 1266 2833 non
1280 2808 1411 2834 esservi
1432 2808 1484 2834 chi
1500 2808 1653 2842 attenda,
1669 2815 1733 2835 non

107 2849 237 2878 avendo
258 2851 293 2878 la
312 2850 430 2885 lingua
450 2850 631 2885 boemica„;
654 2858 772 2879 verum
789 2852 821 2879 hi
838 2852 879 2880 ad
895 2857 1029 2887 tempus
1046 2857 1179 2880 tantum
1199 2854 1469 2882 excludebantur
1485 2859 1518 2882 et
1539 2855 1603 2882 hae
1625 2856 1732 2882 exclu-

106 2897 198 2924 sione
213 2899 418 2932 sperabatur
434 2898 504 2925 sore
520 2903 556 2926 ut
571 2905 687 2926 eorum
702 2900 871 2934 cupiditas
885 2900 1042 2928 veniendi
1057 2901 1099 2928 ad
1111 2901 1247 2929 scholas
1262 2903 1622 2937 augeretur;sequitu1·
1634 2904 1732 2931 enim:

106 2943 222 2979 “parte
235 2946 361 2980 perche
376 2946 399 2973 il
415 2945 566 2980 Collegio
581 2946 728 2981 acquisti
740 2948 917 2982 maggiore
935 2948 1123 2982 authorita,
1138 2954 1238 2983 parte
1253 2950 1377 2983 perche
1392 2950 1444 2978 sia
1459 2951 1515 2984 piu
1537 2951 1733 2978 desiderata

106 2990 140 3019 la
153 2994 268 3020 scuola
282 3001 299 3020 e
314 2993 336 3020 l'
352 2993 534 3021 istruzione
549 2993 602 3021 dei
616 2994 734 3028 putti.„
751 2994 861 3028 Quare
877 3000 1036 3030 putamus
1050 3003 1115 3023 non
1126 2996 1212 3024 satis
1227 2997 1442 3025 Goissonium
1456 3002 1602 3025 mentem
1618 3003 1650 3025 et
1664 3006 1734 3025 sco-

107 3046 186 3074 pum
201 3041 292 3068 illius
307 3041 558 3069 lmtruccz‘oms
574 3048 777 3077 assecutum,
793 3043 871 3071 dum
885 3045 970 3071 haec
985 3043 1118 3078 ignatio
1133 3045 1317 3073 scribebat.
