2020 3342
864 267 946 301 AN.
979 265 1068 303 1556
1712 265 1783 313 453

154 363 331 404 mentia
351 363 502 403 uisum
523 369 593 403 est
611 362 783 402 facere.
807 361 1134 414 Superioribus
1156 362 1312 412 itaque
1333 361 1518 401 duobus
1544 361 1782 401 mensibus

154 434 280 482 anni,
304 434 491 486 quidem
513 441 721 485 tempore
742 433 1048 484 grauissimo,
1072 433 1153 473 uix
1172 443 1285 484 prae
1308 431 1525 472 maximis
1547 431 1780 471 caloribus

157 505 266 555 (non
287 505 409 545 enim
430 504 727 545 meminimus
748 504 971 554 maiores)
994 505 1273 554 consistere,
1300 514 1521 543 eorumue
1542 502 1781 542 molestias

155 575 320 616 sedare
340 582 622 627 poteramus.
646 574 834 615 Accidit
855 574 1017 614 eodem
1038 581 1259 626 tempore,
1279 580 1328 614 ut
1343 579 1410 614 tot
1427 585 1485 613 ex
1501 573 1673 613 nostris
1688 572 1777 612 fra-

149 646 303 687 tribus
336 646 382 686 in
414 646 573 686 uarios
600 646 789 686 morbos
815 645 1093 694 inciderent,
1124 651 1173 686 ut
1200 646 1355 697 plures
1389 644 1485 684 fere
1513 649 1668 683 essent
1699 635 1778 694 qui

156 717 316 758 morbo
345 717 639 767 laborarent,
669 728 809 767 quam
838 717 917 768 qui
946 717 1102 768 aegris
1133 728 1188 757 ac
1215 715 1535 756 laborantibus
1566 714 1779 755 subueni-

147 793 270 828 rent.
289 787 672 839 Aegrotauerunt
688 793 887 838 quatuor
904 799 962 827 ex
978 787 1151 827 nostris
1163 786 1559 839 praeceptoribus,
1580 796 1777 837 quorum

144 858 245 899 duo
266 858 470 898 nondum
491 858 624 898 firma
645 864 836 898 utuntur
857 858 1146 898 ualetudine:
1169 869 1255 898 nec
1281 857 1473 907 mirum,
1497 856 1667 908 quippe
1697 856 1777 907 qui

153 940 293 980 saepe
314 930 508 969 multum
528 929 772 979 sanguinis
802 940 882 968 ore
910 927 1150 980 ejecerint,
1180 929 1243 968 ita
1271 934 1319 968 ut
1347 927 1499 968 coacti
1524 927 1671 967 simus
1697 926 1775 965 ali-

152 999 262 1050 quid
296 1000 351 1040 de
386 1000 559 1039 nostris
593 999 757 1039 studiis
784 999 1040 1050 remittere;
1069 1000 1192 1039 bona
1220 999 1343 1039 enim
1368 1009 1478 1050 pars
1504 1003 1774 1038 nostrorum

152 1070 538 1110 scholasticorum
575 1071 737 1110 morbo
776 1071 1089 1122 premebatur.
1129 1070 1288 1110 Mense
1333 1068 1530 1121 denique
1568 1068 1773 1118 Augusti

152 1140 270 1181 duas
304 1147 483 1181 tantum
518 1141 660 1181 horas
696 1141 1030 1181 consumebant
1066 1146 1398 1193 praeceptores
1431 1140 1478 1180 in
1511 1138 1773 1191 gymnasiis

152 1218 260 1252 ante
276 1213 532 1253 meridiem:
551 1219 759 1264 tempore
776 1224 888 1253 uero
905 1212 1225 1264 pomeridiano
1243 1223 1336 1251 non
1352 1217 1485 1251 erant
1501 1210 1771 1262 praelectio-

152 1294 248 1329 nes,
271 1291 601 1335 praeterquam
623 1284 669 1324 in
690 1283 845 1324 infima
869 1285 1032 1324 classe.
1057 1282 1236 1323 Aderat
1256 1288 1367 1322 tunc
1388 1283 1435 1322 in
1462 1282 1552 1321 hoc
1574 1280 1771 1332 collegio

150 1353 199 1394 P.
236 1355 293 1395 D.
324 1360 362 1380 ¹1⁵
391 1355 598 1406 Ignatius
637 1354 662 1406 ¹,
697 1367 802 1395 cum
832 1355 1001 1394 fratres
1035 1359 1288 1405 coeperunt
1322 1354 1441 1392 male
1473 1352 1660 1402 habere,
1694 1351 1771 1402 qui

150 1427 291 1468 etiam
312 1427 357 1467 in
381 1427 583 1468 subitum
604 1427 816 1466 morbum
837 1425 1019 1475 incidit,
1047 1425 1123 1465 cui
1148 1424 1218 1464 bis
1247 1423 1397 1464 incisa
1425 1429 1494 1462 est
1520 1434 1640 1462 uena
1668 1422 1771 1462 soli-

150 1505 315 1550 tasque
349 1499 562 1567 pqtiones
591 1497 809 1548 sumpsit:
840 1508 1005 1536 verum
1039 1495 1126 1536 Dei
1153 1494 1399 1535 clementia
1425 1493 1557 1534 breui
1590 1505 1648 1532 ex
1682 1493 1771 1532 hoc

151 1570 313 1610 morbo
335 1569 588 1610 conualuit:
611 1575 658 1609 at
679 1568 838 1620 quinto
859 1567 933 1608 die
953 1572 1201 1618 postquam
1222 1577 1249 1605 a
1269 1566 1424 1617 priore
1441 1564 1601 1604 morbo
1618 1563 1771 1604 fuerat

151 1647 406 1690 recreatus,
430 1641 477 1680 in
498 1651 602 1680 eum
624 1640 679 1680 de
706 1640 890 1690 integro
919 1638 1103 1687 incidit3
1134 1643 1272 1689 atque
1298 1637 1363 1676 ita
1387 1635 1598 1687 grauiter
1629 1645 1770 1685 aeger

149 1712 248 1762 fuit,
273 1719 321 1752 ut
342 1711 435 1752 iam
457 1723 574 1763 pene
596 1722 757 1751 omnes
779 1709 1039 1750 diffiderent
1060 1707 1250 1760 ejusque
1278 1708 1425 1747 uitam
1450 1706 1767 1758 desperarent.

147 1783 312 1824 Morbo
348 1784 730 1834 ingrauescente,
769 1781 968 1833 quaesiti
1004 1786 1111 1820 sunt
1140 1778 1416 1820 nobilissimi
1443 1784 1582 1829 atque
1609 1776 1770 1828 optimi

147 1855 330 1904 medici,
354 1855 544 1906 ipseque
565 1853 740 1904 Regius
756 1853 964 1893 medicus
979 1852 1069 1892 huc
1085 1863 1112 1891 a
1130 1850 1312 1902 Regina
1329 1849 1342 1867 ³
1360 1849 1529 1889 missus
1545 1859 1651 1888 cum
1667 1847 1770 1887 aliis

146 1926 293 1966 tribus
323 1926 397 1966 uel
424 1931 623 1977 quatuor
650 1935 823 1976 magno
850 1923 1004 1964 studio
1035 1935 1091 1963 ac
1119 1922 1359 1972 diligentia
1386 1920 1575 1961 Patrem
1604 1919 1771 1959 inuise-

145 1997 271 2047 bant,
295 2003 339 2037 et
360 2002 537 2047 postea,
562 2007 679 2047 quae
701 1994 799 2047 ejus
820 1995 959 2035 saluti
981 1993 1242 2034 conducere
1263 1991 1625 2041 arbitrabantur,
1649 1991 1770 2030 inter

145 2079 195 2108 se
217 2067 534 2117 conferebant,
557 2073 803 2118 praesente
824 2066 962 2106 Patre
983 2064 1222 2105 Ludouico
1249 2063 1497 2112 Gonzalez,
1521 2062 1599 2113 qui
1619 2061 1666 2101 in
1688 2059 1770 2100 Pa-

143 2146 263 2178 trem
282 2139 542 2190 fratresque
564 2137 798 2178 curandos
820 2144 917 2177 toto
939 2144 1130 2188 pectore
1150 2134 1358 2175 incubuit
1374 2140 1504 2174 tanta
1525 2132 1768 2173 alacritate

136 2215 332 2260 ‘tamque
349 2221 407 2249 ex
424 2210 595 2255 animo,
616 2215 664 2248 ut
681 2209 833 2248 omnis
850 2218 1035 2247 moeror
1051 2218 1110 2246 ex
1127 2216 1377 2256 aegrorum
1394 2204 1561 2245 animis
1581 2203 1770 2243 omnino

147 2281 472 2332 expelleretur:
494 2292 581 2320 nec
602 2286 702 2319 erat
723 2279 802 2331 qui
829 2278 930 2330 ejus
950 2277 1215 2330 praesentia
1245 2283 1290 2317 et
1319 2276 1548 2317 charitate
1579 2285 1692 2326 erga
1722 2285 1771 2314 se

145 2351 204 2392 ad
224 2351 440 2392 ferendas
462 2350 610 2391 morbi
637 2351 874 2390 molestias
900 2361 994 2389 non
1020 2348 1223 2389 maxime
1252 2347 1552 2388 excitaretur.
1589 2345 1772 2397 Reliqui

145 2422 285 2462 etiam
307 2433 488 2472 omnes,
511 2422 600 2462 Dei
628 2422 733 2473 Opt.
763 2421 887 2461 Max.
919 2419 1290 2460 misericordiam
1318 2417 1535 2469 precibus
1562 2428 1616 2456 ac
1643 2416 1771 2456 obse-

145 2493 429 2534 crationibus
450 2492 700 2533 humilibus
720 2492 1037 2543 implorantes,
1058 2501 1198 2542 quam
1213 2489 1419 2529 maxima
1436 2493 1652 2539 poterant
1672 2486 1772 2527 dili-

144 2564 304 2615 gentia
325 2571 369 2604 et
389 2575 517 2613 cura,
541 2563 585 2603 in
609 2563 731 2603 idem
752 2562 992 2613 negotium
1012 2560 1363 2610 incumbebant,
1387 2571 1442 2599 ac
1470 2559 1664 2610 quisque
1685 2568 1770 2609 pro

142 2647 192 2675 se
212 2634 565 2685 diligentissime
585 2633 876 2682 laborabant,
901 2644 958 2672 ne
979 2643 1070 2684 qua
1099 2632 1234 2683 culpa
1262 2631 1389 2671 circa
1414 2629 1613 2669 fratrum
1644 2628 1769 2668 vale-

143 2706 351 2746 tudinem
371 2705 753 2745 committeretur.
779 2704 841 2744 At
862 2715 975 2743 uero
995 2714 1089 2742 non
1109 2712 1277 2754 passus
1293 2707 1363 2741 est
1381 2699 1770 2741 clementissimus

141 2776 279 2816 Pater
300 2776 420 2816 filios
441 2776 518 2816 diu
539 2776 587 2815 in
607 2775 814 2815 lacrimis
830 2774 1003 2826 jacere,
1026 2772 1108 2813 sed
1129 2784 1211 2812 eos
1232 2782 1394 2812 omnes
1411 2771 1679 2811 consolatus
1701 2776 1770 2810 est

137 2847 443 2898 *omniumque
465 2847 674 2886 dolorem
695 2845 927 2886 abstersit.
954 2844 1122 2884 Paucis
1144 2843 1267 2883 enim
1294 2849 1399 2894 post
1427 2841 1588 2882 diebus
1617 2840 1770 2891 coepit

198 3006 206 3024 ¹
247 3005 282 3033 Ρ.
299 3005 453 3040 ignatius
468 3006 509 3033 de
524 3006 693 3033 Azebedo.

195 3054 210 3071 ’ἒ
247 3053 437 3081 Catharina
452 3055 495 3080 ab
512 3054 664 3081 Austria.
