2020 3342
282 243 330 281 98
791 241 1017 279 LITTERAE
1043 251 1401 284 QUADRIMESTRES

284 339 553 390 praedictus
586 337 723 377 Pater
752 337 806 376 de
835 342 983 376 morte
1011 336 1284 376 concionem
1311 348 1418 376 cum
1446 336 1732 377 audientium
1766 337 1908 377 deuo-

284 411 408 450 tione
429 416 473 449 et
500 408 721 454 lacrimis,
752 419 973 458 magnam
1008 408 1054 447 in
1083 406 1203 458 Xpo.
1234 407 1600 447 consolationem
1628 408 1907 459 promittens

285 481 374 520 illis
395 480 449 530 si,
471 479 655 519 diuinae
677 478 906 519 voluntati
936 478 1157 518 humilem
1187 477 1563 518 conformitatem
1594 478 1904 530 ostendentes,

286 552 443 591 statim
462 562 545 590 sua
574 555 768 601 peccata
796 548 1031 589 sacerdoti
1062 548 1357 597 confitentes,
1390 549 1448 589 ad
1474 548 1732 590 Saluatoris
1761 550 1906 602 limpi—

286 622 503 662 dissimos
530 621 697 671 fontes,
730 621 776 661 id
797 626 880 671 est,
911 625 1207 660 sacramenta
1235 619 1558 670 confugerent.
1581 619 1807 661 Videntes
1829 632 1908 661 au-

286 699 378 733 tem
400 704 561 732 omnes
589 693 740 743 ipsam
769 692 959 732 viduam
986 690 1284 731 Comitissam
1311 694 1321 714 ¹
1352 691 1507 731 statim
1540 692 1835 732 confitentem
1862 697 1908 732 et

285 764 656 804 sacratissimam
686 762 1017 803 eucharistiam
1047 763 1483 811 communicantem,
1521 763 1907 813 glorificauerunt

286 835 464 886 Deum,
503 834 577 874 cui
611 834 669 874 sit
703 833 987 884 sempiterna
1022 833 1123 872 laus
1156 834 1203 872 in
1239 833 1454 873 omnibus
1488 839 1533 873 et
1560 845 1642 884 per
1671 833 1827 873 omnia
1863 833 1909 874 in

284 912 540 955 aeternum,
565 916 715 955 amen,
740 904 786 944 in
808 915 898 955 quo
920 915 1081 943 omnes
1101 915 1186 943 nos
1207 903 1508 944 Paternitatis
1537 910 1644 944 tuae
1666 903 1909 945 sacrificiis

286 983 330 1016 et
349 976 652 1026 orationibus,
671 981 716 1015 et
733 975 931 1014 aliorum
946 980 1132 1026 patrum
1149 986 1203 1014 ac
1220 974 1417 1015 fratrum
1439 980 1628 1015 nostrae
1643 974 1907 1026 Societatis,

286 1047 521 1087 humiliter
538 1046 934 1086 commendamus.

365 1118 539 1158 Datum
552 1116 794 1167 Sanlucar,
813 1117 961 1167 pridie
979 1117 1231 1157 chalendas
1247 1117 1505 1166 Februarii,
1522 1129 1643 1157 anno
1655 1129 1769 1158 vero
1790 1117 1906 1159 1556.

365 1189 417 1229 In
438 1189 527 1228 hac
549 1189 685 1228 domo
706 1199 867 1228 sumus
888 1194 1102 1239 quatuor:
1126 1187 1173 1227 P.
1196 1187 1401 1239 Joannes
1423 1187 1608 1239 Paulus,
1631 1188 1680 1228 Ρ.
1703 1189 1910 1241 Joannes

285 1260 341 1300 de
363 1259 664 1310 Saluatierra‚
687 1259 764 1298 Fr.
786 1259 991 1312 Joannes
1013 1258 1273 1308 Gutierrez,
1298 1258 1374 1298 Fr.
1399 1258 1633 1299 Gonsalus
1660 1259 1716 1300 de
1737 1259 1909 1300 Valen-

286 1331 435 1381 cuela.

365 1402 435 1441 Ex
457 1401 783 1441 commissione
805 1399 852 1440 P.
879 1401 937 1440 M.
962 1401 1156 1453 Joannis
1174 1400 1319 1450 Pauli,

445 1471 620 1512 Seruus
641 1472 860 1522 indignus
881 1478 924 1511 et
946 1472 1119 1511 inutilis
1141 1480 1246 1511 tuae
1268 1471 1366 1511 Pstis
1398 1472 1443 1511 in
1466 1472 1605 1523 Xpo.‚

903 1615 931 1661 †
958 1613 1166 1666 JOANNES
1195 1625 1255 1653 DE
1285 1612 1634 1654 SALUATIERRA.
1671 1616 1698 1661 †

363 1898 714 1949 Superscm'ptso
739 1897 787 1937 in
808 1901 981 1948 quarta
1002 1897 1203 1947 pagina:
1223 1876 1335 1937 IHs.
1358 1896 1418 1936 Al
1436 1908 1543 1948 muy
1563 1896 1664 1937 ΚΦ)
1683 1896 1834 1937 Padre
1851 1909 1909 1937 en

283 1970 381 2010 Ihu.
401 1970 519 2021 Xpo.
540 1975 730 2009 nuestro
749 1967 911 2019 Senor,
932 1967 1134 2007 elPadre
1147 1967 1350 2007 Maest1·o
1368 1967 1564 2017 Ignatio,
1581 1968 1816 2018 preposito
1833 1978 1910 2018 ge-

283 2041 414 2081 neral
434 2040 490 2079 de
511 2041 555 2079 ia
578 2039 836 2090 Compania
858 2039 914 2078 de
934 2038 1025 2088 Ihs,
1050 2050 1107 2077 en
1130 2037 1293 2077 Roma.

365 2111 475 2151 Alia
496 2121 658 2150 malm:
680 2109 794 2149 1556.
825 2108 1067 2149 Sanlucar.
1099 2108 1476 2159 Quadrimestres
1506 2109 1653 2149 Vltimi
1682 2109 1909 2162 januarii.

339 2271 349 2290 ¹
388 2270 558 2297 Eleonora
574 2270 612 2296 de
629 2269 847 2305 Sotomayor.
867 2268 1012 2302 BURGos,
1030 2267 1163 2294 Blason
1179 2267 1222 2294 de
1237 2267 1399 2302 Εςῂαῆα,
1415 2271 1438 2295 t.
1454 2275 1501 2301 w,
1518 2275 1595 2302 pag.
1614 2267 1674 2295 100.
