2020 3342
275 241 359 282 7190
799 242 1023 282 LITTERAE
1051 253 1407 286 QUADRJMESTRES

368 342 525 394 Neque
548 354 659 381 sane
682 341 899 392 vulgares
922 349 1026 383 sunt
1049 354 1209 383 eorum
1229 343 1274 382 in
1296 343 1441 382 literis
1472 353 1766 394 progressus,
1801 351 1909 394 quo-

289 425 392 453 rum
414 413 594 453 fructus
616 414 754 464 longe
776 419 998 464 superant
1018 414 1217 462 labores,
1241 414 1456 465 quamuis
1477 414 1594 454 adeo
1613 413 1801 454 assidua
1818 413 1910 453 sint

289 496 451 525 eorum
472 484 642 534 studia,
668 492 715 524 vt
737 484 818 524 vix
839 490 1125 524 momentum
1146 484 1316 535 effluat,
1340 484 1396 525 de
1417 496 1508 536 quo
1525 484 1755 525 rationem
1772 484 1908 524 facile

289 556 402 595 dare
423 567 516 595 non
532 556 734 595 valeant.
754 554 874 595 Nam
890 567 995 595 cum
1011 555 1127 595 hora
1146 562 1310 607 quarta
1330 555 1340 574 ¹
1359 562 1556 606 surgant
1574 567 1750 605 omnes,
1771 555 1908 595 diem-

289 638 378 678 que
400 638 454 666 ac
475 627 658 666 labores
679 638 787 666 suos
809 626 958 666 sacris
989 627 1278 666 orationibus
1308 627 1543 677 inchoent,
1577 627 1655 678 qui
1687 626 1907 678 politiori-

289 699 375 737 bus
397 703 475 737 aut
497 697 818 748 philosophiae
840 697 951 737 dant
980 709 1186 749 operam,
1220 699 1335 738 hora
1363 698 1428 738 5.a
1463 698 1686 738 lectiones
1719 697 1905 737 adeunt:

290 768 412 808 vnde
435 768 559 808 circa
587 768 789 808 medium
814 768 898 808 7.ειεὲ
935 775 1246 820 reuertuntur,
1278 776 1480 820 tuncque
1511 774 1725 820 repetunt
1754 768 1907 808 lectio-

288 851 384 890 nes,
408 839 573 890 quibus
595 839 778 887 auditis,
800 839 1152 890 repetitionibus
1173 846 1217 880 et
1245 839 1635 891 disputationibus
1656 839 1715 879 ad
1742 839 1905 879 horam

290 910 472 961 prandii
506 922 653 962 vsque
689 922 790 950 sese
825 916 1060 951 exercent.
1097 911 1154 951 Et
1185 923 1241 951 ne
1271 911 1381 962 quid
1413 911 1635 963 temporis
1671 912 1908 951 incassum

288 981 457 1032 effluat,
484 982 623 1021 etiam
646 981 765 1021 inter
787 981 1109 1032 prandendum
1131 981 1314 1022 auditas
1338 982 1674 1033 praelectiones
1695 981 1907 1022 memori-

286 1060 355 1093 ter
393 1052 621 1102 referunt,
663 1064 833 1103 easque
873 1059 951 1093 aut
995 1053 1360 1104 interpretantur
1400 1060 1479 1094 aut
1518 1053 1623 1093 inde
1663 1053 1907 1104 decerptas

289 1123 586 1173 quaestiones
606 1124 872 1174 exagitant;
898 1124 1053 1164 statim
1076 1135 1259 1175 quoque
1283 1136 1309 1163 a
1337 1124 1532 1175 prandio
1563 1135 1672 1164 suas
1700 1124 1747 1164 in
1774 1125 1906 1164 colle-

286 1195 374 1245 giis
395 1194 565 1234 habent
587 1194 858 1234 exactiones
878 1206 1025 1247 vsque
1047 1194 1104 1234 ad
1126 1195 1323 1247 primam
1356 1195 1384 1235 ²:
1409 1195 1706 1247 postmodum
1735 1202 1904 1245 autem,

287 1277 369 1317 pro
391 1266 571 1305 ratione
593 1265 786 1316 dierum,
810 1266 885 1305 vel
907 1266 965 1306 ad
986 1266 1186 1316 tertiam,
1210 1268 1285 1306 vel
1307 1267 1363 1306 ad
1397 1273 1626 1317 quartam,
1651 1272 1729 1306 aut
1751 1267 1906 1306 stilum

288 1336 607 1388 componendo
629 1345 863 1385 exercent,
895 1343 973 1377 aut
1004 1338 1277 1378 memoriam
1303 1338 1536 1378 excolunt.
1561 1337 1663 1388 Qua
1693 1337 1739 1377 in
1765 1348 1816 1377 re
1842 1337 1905 1377 vi-

290 1407 398 1447 dere
419 1414 488 1447 est
509 1413 731 1459 quantum
749 1407 877 1459 juuet
903 1408 1200 1448 exercitatio:
1224 1409 1301 1460 qui
1328 1408 1451 1449 enim
1481 1409 1526 1448 in
1559 1408 1786 1460 principio
1814 1419 1904 1449 ma-

286 1478 411 1518 ximo
433 1490 537 1518 cum
564 1479 722 1518 labore
743 1479 883 1519 etiam
911 1490 1061 1530 pauca
1092 1480 1345 1519 memoriae
1376 1479 1781 1529 commendabant,
1810 1477 1907 1530 jam

288 1549 426 1589 facile
447 1549 837 1590 multa..Instante
859 1556 1013 1590 autem
1034 1550 1170 1590 tertia
1192 1557 1271 1590 aut
1299 1556 1467 1602 quarta
1497 1549 1817 1601 pomeridiana
1849 1549 1908 1589 ad

286 1621 387 1660 5‚am
411 1632 520 1661 suos
536 1620 728 1660 audiunt
744 1620 1051 1672 professores:
1071 1621 1237 1662 deinde
1255 1622 1314 1662 ad
1330 1627 1513 1662 sextam
1529 1627 1608 1661 aut
1625 1619 1907 1672 repetitioni-

288 1693 388 1742 bus,
409 1698 487 1732 aut
504 1692 911 1742 disputationibus,
936 1698 985 1732 vt
1015 1699 1122 1732 ante
1155 1693 1403 1744 prandium
1432 1698 1627 1732 vacant:
1660 1693 1780 1732 inter
1805 1702 1907 1731 coe-

287 1763 493 1803 nandum
511 1768 664 1802 autem
685 1763 823 1803 etiam
846 1763 1017 1813 singuli
1034 1775 1117 1804 suo
1135 1763 1309 1814 ordine,
1331 1763 1407 1814 qui
1425 1763 1686 1803 rhetoricae
1703 1762 1903 1812 student,

289 1833 567 1874 declamant:
587 1834 664 1885 qui
682 1845 794 1873 vero
806 1834 1130 1885 philosophiae
1144 1840 1223 1874 aut
1234 1834 1512 1885 theologiae,
1533 1834 1605 1873 vel
1621 1844 1815 1873 romano
1831 1833 1906 1872 vel

287 1905 437 1955 patrio
473 1916 685 1944 sermone
717 1905 1067 1945 concionantur.
1099 1905 1141 1945 A
1162 1916 1308 1945 coena
1327 1911 1495 1955 autem,
1515 1904 1734 1956 quamdiu
1755 1903 1906 1954 viguit

250 2031 253 2034 ξ
287 1975 450 2026 frigus,
477 1976 515 2015 si
536 1976 721 2027 quando
744 1976 802 2016 ad
824 1975 979 2026 ignem
1008 1976 1333 2027 accedebatur,
1359 1982 1436 2016 aut
1457 1975 1806 2026 philosophicas
1828 1980 1907 2014 aut

288 2047 533 2097 theologas
555 2047 853 2098 quaestiones
882 2047 1255 2098 exagitabamus,
1289 2047 1454 2099 quibus
1483 2046 1702 2098 peractis,
1737 2045 1908 2097 singuli

292 2118 479 2169 propria
501 2117 840 2168 aggrediuntur
862 2118 1014 2158 studia
1031 2117 1089 2157 ad
1106 2129 1278 2158 nonam
1295 2130 1462 2170 Vsque:
1485 2123 1582 2157 tum
1599 2128 1712 2157 vero
1729 2117 1788 2157 ad
1806 2128 1906 2157 ora-

290 2189 467 2228 tionem
496 2188 908 2239 quotidianumque
940 2200 1136 2229 examen
1167 2201 1268 2229 sese
1299 2200 1460 2229 omnes
1491 2193 1789 2240 componunt,
1822 2187 1907 2228 sic-

289 2271 393 2310 que,
418 2271 508 2310 quo
531 2266 796 2310 coeperant,
819 2260 957 2300 modo
979 2260 1100 2300 diem
1122 2259 1419 2300 concludunt.

365 2329 554 2370 Interim
576 2331 716 2370 etiam
736 2330 896 2382 pietati
918 2342 1078 2371 omnes
1099 2330 1285 2371 student
1302 2342 1386 2382 pro
1405 2331 1597 2381 viribus,
1615 2335 1757 2382 vtque
1774 2341 1907 2370 suam

289 2407 465 2441 certam
485 2401 661 2441 faciant
692 2401 986 2442 vocationem
1017 2401 1315 2442 contendunt.
1349 2401 1570 2442 Diuinam
1599 2401 1907 2453 deprecamur

289 2473 582 2512 clementiam
604 2479 653 2512 vt
675 2472 878 2513 omnium
900 2472 1122 2513 secundet
1144 2479 1341 2513 conatus
1360 2472 1406 2512 in
1423 2472 1492 2513 sui
1509 2472 1708 2523 gloriam
1725 2483 1905 2513 eorum-

289 2555 376 2594 que
410 2545 621 2583 salutem.
655 2543 916 2584 Recensitis
945 2543 1085 2594 igitur
1114 2543 1395 2594 domesticis,
1428 2543 1487 2584 ad
1517 2549 1711 2584 externa
1740 2543 1905 2595 pedem

287 2614 497 2654 conferre
514 2612 643 2664 jubet
664 2614 937 2654 necessitas.

366 2684 587 2725 Sanctum
610 2685 909 2735 Germanum,
933 2697 1017 2736 pro
1046 2696 1190 2735 more,
1220 2692 1443 2737 perpetuo
1472 2685 1633 2725 diebus
1663 2684 1793 2725 festis
1819 2684 1904 2725 fre-

287 2763 564 2807 quentamus
587 2767 689 2795 cum
714 2767 885 2807 magna
918 2768 1076 2796 eorum
1107 2755 1430 2796 aedificatione
1461 2764 1597 2807 atque
1629 2757 1905 2797 consolatio-

339 2963 347 2983 ¹
388 2963 490 2997 More,
507 2971 570 2991 non
586 2962 702 2990 italico
727 2964 782 2990 sed
799 2965 933 2997 gallico,
951 2965 1003 2999 qui
1022 2972 1105 2991 nune
1121 2972 1181 2998 per
1196 2965 1310 2991 orbem
1326 2964 1395 2991 sere
1413 2969 1518 2992 totum
1535 2965 1675 2998 obtinet,
1695 2965 1796 2992 horas
1818 2971 1904 2992 com·

284 3011 435 3046 putandi.

336 3059 348 3078 ¹
387 3058 466 3085 Post
482 3058 666 3086 meridiem.
