2020 3342
200 182 223 217 ὃ
708 182 934 218 LITTERAE
961 192 1043 224 QUA
1052 192 1318 219 DR1MEsTR1÷s

204 277 418 328 uinculis,
441 282 664 328 tanquam
685 290 709 317 e
730 289 937 327 carcere,
959 278 1214 329 euolantes‚
1238 278 1340 318 Deo
1362 290 1466 318 esse
1488 278 1695 319 redditos
1714 285 1759 319 et
1778 279 1826 319 in

204 347 330 387 illam
366 349 561 388 alteram
590 347 768 388 Christi
796 348 906 400 Jesu
937 348 1123 388 beatam
1149 347 1430 389 Societatem
1468 349 1513 389 in
1551 355 1825 401 perpetuum

203 418 444 458 admissos.

278 487 403 529 Dum
424 490 540 528 haec
561 488 684 540 apud
705 499 791 528 nos
817 494 1067 539 geruntur,
1091 495 1136 529 et
1163 489 1210 529 in
1238 496 1366 529 tanto
1395 490 1527 541 quasi
1553 491 1822 531 morborum

201 565 334 598 aestu
360 571 671 609 uersaremur,
702 559 827 599 uenit
857 559 916 599 ad
950 571 1035 599 nos
1070 559 1208 599 Pater
1243 560 1318 599 1116
1352 566 1510 600 noster
1540 560 1822 602 Franciscus

199 629 415 680 Borgius,
454 632 584 670 cuius
619 630 822 670 aduentu
855 630 1082 680 restingui
1117 632 1275 671 omnia
1313 629 1321 649 ¹
1358 637 1401 670 et
1431 631 1684 672 exhilarari
1719 632 1821 672 uisa

201 706 323 741 sunt:
346 700 431 741 fuit
452 701 574 751 apud
596 712 681 740 nos
702 706 806 740 octo
828 700 940 750 dies,
964 712 1073 741 nam
1093 701 1266 741 diutius
1287 702 1462 741 morari
1482 714 1575 742 non
1597 702 1745 753 licuit,
1779 709 1824 743 et

199 777 388 823 propter
409 772 606 823 negocia
636 771 931 822 grauissima,
964 772 1129 823 quibus
1151 772 1451 823 expediendis
1472 784 1710 824 nunquam
1730 785 1823 814 non

198 842 469 893 distinetur,
494 848 537 882 et
559 843 682 894 quod
703 843 749 881 in
775 848 986 893 tempora
1014 843 1155 882 tantis
1183 843 1565 894 occupationibus
1599 844 1736 895 plena
1759 844 1824 884 in-

197 912 403 963 cidisset,
440 925 559 964 quae
585 913 712 952 illum
742 913 817 953 hic
854 913 1017 953 adesse
1051 913 1221 953 diutius
1249 926 1342 953 non
1372 920 1656 966 paterentur.
1685 913 1825 955 Breui

204 990 362 1023 tamen
383 984 471 1023 isto
495 982 508 1000 ²
528 989 736 1034 tempore
756 983 955 1035 plurima
977 990 1083 1023 sunt
1105 984 1161 1023 ab
1183 996 1237 1023 eo
1258 984 1524 1025 felicissime
1553 985 1612 1025 ad
1631 985 1824 1025 multam

197 1053 373 1094 Christi
393 1054 592 1105 gloriam
614 1054 841 1094 confecta:
865 1065 972 1094 nam
1001 1060 1046 1094 et
1067 1060 1253 1094 nostros
1281 1066 1442 1095 omnes
1468 1056 1637 1095 mirum
1662 1055 1708 1095 in
1728 1066 1823 1095 mo-

198 1125 310 1165 dum
338 1125 512 1175 refecit,
551 1125 753 1175 morbos,
790 1125 988 1176 labores,
1020 1125 1176 1165 omnia
1211 1125 1409 1178 denique
1435 1127 1612 1166 leuiora
1638 1126 1822 1177 aequio—

200 1208 345 1247 raque
381 1195 594 1237 reddidit:
629 1196 1025 1247 complutensibus
1060 1195 1324 1236 hominibus
1357 1197 1522 1248 ingens
1549 1197 1620 1237 sui
1647 1197 1822 1237 deside·

197 1266 317 1306 rium
333 1267 533 1319 reliquit:
556 1269 690 1318 plura
708 1268 767 1308 ad
787 1267 923 1308 huius
940 1268 1136 1320 Collegii
1157 1268 1367 1308 ordinem
1383 1268 1633 1319 expediuit,
1657 1268 1824 1319 quibus

199 1337 434 1388 ingentem
458 1337 471 1356 ³
491 1339 665 1379 factam
686 1339 829 1379 fuisse
850 1340 1169 1380 accessionem
1188 1340 1236 1379 in
1256 1351 1306 1379 re
1332 1339 1561 1390 spirituali
1586 1339 1680 1379 iam
1699 1350 1823 1379 nunc

201 1409 484 1460 experimur3
515 1411 634 1450 inter
663 1416 851 1450 caetera
877 1421 1005 1461 uero,
1036 1410 1081 1450 id
1109 1411 1243 1450 nobis
1278 1409 1491 1450 omnibus
1519 1409 1824 1449 laetissimum

198 1477 298 1528 fuit,
323 1480 447 1530 quod
470 1480 561 1520 iam
583 1492 641 1520 ex
662 1479 913 1521 Societatis
936 1481 1181 1530 sententia,
1206 1480 1404 1531 collegia
1425 1481 1503 1520 illa
1524 1480 1824 1530 seguntinum

195 1555 243 1588 et
265 1561 529 1590 ocannense
550 1551 755 1591 admissa
776 1558 898 1602 sunt,
918 1551 973 1591 de
995 1563 1193 1603 quorum
1210 1551 1555 1602 opportunitate
1578 1562 1604 1589 a
1625 1550 1760 1590 nobis
1777 1551 1824 1590 in

196 1621 517 1671 superioribus
538 1622 684 1662 literis
711 1623 936 1673 scriptum
966 1633 1082 1672 esse,
1114 1629 1157 1662 et
1187 1633 1308 1661 nunc
1338 1621 1394 1661 ab
1424 1622 1528 1661 aliis
1558 1622 1824 1661 accuratius

195 1691 279 1731 tibi
309 1691 450 1732 scribi
479 1699 605 1732 certo
632 1693 746 1742 scio,
782 1704 1117 1744 speramusque
1150 1692 1323 1732 Christi
1357 1693 1513 1743 gratia
1548 1692 1637 1732 ista
1667 1692 1822 1732 omnia

195 1773 309 1801 suos
335 1769 530 1803 euentus
551 1763 748 1803 feliciter
765 1764 995 1803 habitura.

279 1831 381 1873 Non
402 1835 547 1874 multo
569 1841 673 1885 post
695 1835 954 1874 discessum
980 1834 1134 1874 Patris
1164 1833 1178 1852 ⁴
1208 1834 1363 1874 studia
1394 1840 1555 1874 nostra
1586 1833 1825 1873 exercitia-

199 1915 290 1954 que
312 1904 518 1945 literaria
540 1906 806 1945 intermissa
838 1905 1091 1945 instaurari
1120 1910 1394 1956 coeperunt3
1424 1916 1532 1944 nam
1563 1905 1824 1955 complures

197 1985 255 2013 ex
277 1976 465 2021 nostris,
488 1976 566 2027 qui
588 1976 739 2016 adhuc
762 1977 1058 2016 incommoda
1089 1976 1355 2015 ualetudine
1387 1974 1745 2025 afflictabantur,
1777 1975 1824 2015 in

199 2045 289 2085 alia
306 2046 410 2086 loca
428 2047 636 2086 consiliis
657 2046 944 2087 medicorum
962 2046 1201 2087 amandati
1221 2052 1343 2097 sunt,
1367 2046 1445 2086 ubi
1466 2047 1646 2086 coelum
1669 2045 1826 2085 mitius

196 2117 522 2168 salubriusque
550 2124 672 2157 esset
703 2129 842 2169 quam
872 2130 926 2157 eo
955 2123 1163 2168 tempore
1191 2116 1423 2168 Compluti
1453 2117 1822 2168 experiebamur‚

198 2188 372 2237 partim
394 2188 486 2238 alii,
510 2187 705 2228 firmiori
733 2189 1071 2239 aliquantulum
1099 2189 1270 2238 salute,
1304 2188 1561 2227 studiorum
1587 2187 1825 2227 laboribus

202 2257 407 2297 ferendis
436 2264 685 2309 utcumque
720 2259 815 2310 apti
845 2265 992 2298 erant.
1031 2257 1208 2309 Coepta
1237 2269 1350 2308 ergo
1385 2264 1492 2297 sunt
1520 2258 1685 2298 maiori
1720 2269 1825 2298 cum

199 2328 355 2378 quiete
377 2334 420 2368 et
443 2329 604 2369 ordine
626 2341 767 2381 quam
790 2330 931 2369 licere
952 2340 1090 2380 posse
1112 2329 1230 2368 inter
1253 2337 1348 2368 tam
1375 2329 1544 2368 multas
1572 2335 1616 2368 et
1636 2335 1732 2368 tam
1764 2329 1825 2368 la-

196 2398 412 2439 boriosas
443 2401 773 2451 occupationes
804 2400 1102 2441 crederemus
1133 2398 1160 2448 ⁵,
1195 2411 1390 2450 quarum
1417 2400 1637 2450 reliquiae
1672 2400 1823 2439 adhuc

196 2481 284 2509 nos
307 2478 540 2521 exercent;
565 2483 673 2511 nam
694 2483 785 2523 quo
808 2478 1015 2523 tempore
1048 2472 1163 2510 haec
1186 2470 1244 2510 ad
1266 2477 1309 2510 te
1332 2471 1506 2521 scribo,
1539 2482 1707 2511 nouem
1735 2471 1824 2511 fra-

198 2547 294 2580 tres
333 2542 569 2591 habemus,
607 2548 685 2581 aut
713 2543 828 2582 febri
863 2542 1014 2582 denuo
1048 2542 1329 2590 laborantes,
1368 2548 1446 2581 aut
1474 2542 1552 2593 qui
1579 2553 1637 2581 ex
1663 2543 1825 2582 morbo

199 2613 405 2653 nondum
427 2612 494 2652 sic
517 2614 875 2663 conualuerunt,
900 2619 948 2653 ut
970 2613 1103 2652 nobis
1131 2612 1270 2652 alicui
1291 2612 1395 2652 usui
1416 2623 1517 2652 esse
1539 2612 1718 2663 possint
1737 2624 1744 2661 ;
1768 2624 1828 2654 ex

259 2797 268 2817 ¹
309 2797 464 2824 aduersa
486 2797 615 2824 omnia.
633 2797 816 2824 POLANCUS.

252 2845 265 2863 ²⁵
303 2845 375 2872 lzoc.
392 2844 440 2871 10.

251 2892 265 2910 ⁵
300 2896 548 2926 permagnam.
564 2892 611 2921 ID.

252 2941 265 2959 ⁴
304 2940 416 2968 Patris
432 2940 627 2967 Franctscz'.
644 2941 690 2968 ID.
708 2940 824 2968 Sermo
840 2945 891 2968 est
906 2942 945 2967 de
962 2941 996 2968 P.
1011 2940 1197 2968 Francisco
1211 2940 1251 2967 de
1267 2939 1381 2974 Borja.

251 2988 265 3006 ³³
303 2989 592 3016 credidissemus.
608 2987 657 3015 In.
