2020 3342
233 331 301 371 250
774 320 999 362 LtrrERAE
1027 321 1386 363 QUADRIMESTRES

233 432 396 473 eodem
407 425 629 479 hospitali
643 424 852 476 grauiter
864 423 1130 470 aegrotans,
1149 414 1249 456 Deo
1266 415 1461 453 uouerat
1477 420 1526 449 se
1544 399 1855 450 meretricem,

232 504 271 544 si
292 499 622 548 conualuisset,
646 505 840 536 uxorem
861 492 1124 537 ducturum,
1149 487 1237 535 cui,
1260 483 1356 524 uoti
1378 478 1583 531 compoti
1609 477 1748 525 facto,
1779 486 1856 525 op-

230 580 425 627 portune
442 571 572 618 haec,
597 567 652 608 de
674 578 763 618 qua
787 562 1031 615 loquimur,
1052 558 1213 599 mulier
1236 555 1389 596 oblata
1408 557 1491 600 est,
1511 559 1649 601 quam
1672 547 1746 587 ille
1765 556 1858 585 ma·

229 644 445 686 trimonio
466 640 552 681 sibi
573 636 821 691 copulauit‚
846 640 889 674 ct
910 631 1061 673 adhuc
1083 629 1234 678 ambo,
1259 632 1306 666 ut
1334 622 1539 665 mulieris
1569 615 1854 660 continentia

231 716 382 767 magis
423 711 748 757 confirmetur,
793 703 1027 746 communi
1062 709 1293 741 consensu
1329 697 1375 736 in
1410 690 1628 744 hospitali
1663 689 1853 740 degunt,

233 796 455 837 suamquc
477 780 791 832 indigentibus
813 785 1002 828 operam
1023 782 1202 813 summa
1224 768 1453 808 charitate
1475 765 1732 815 praestant.

313 856 529 897 Matrona
551 851 779 904 quaedam
798 845 1003 893 illustris,
1023 854 1141 895 quae
1159 851 1298 891 saepe
1315 838 1361 878 in
1377 835 1549 886 templo
1570 837 1732 872 nostro
1747 840 1856 870 con-

232 931 455 976 fiteretur,
490 922 749 973 Collegium
777 924 964 958 nostrae
996 911 1243 954 Societatis
1273 910 1319 949 in
1347 906 1549 959 quodam
1577 901 1747 954 oppido
1777 910 1860 938 suo

234 998 453 1041 constitui
474 996 626 1044 uellet,
651 992 739 1042 cui,
765 991 944 1040 aliquos
966 998 1024 1026 ex
1045 983 1216 1025 nostris
1238 993 1264 1020 a
1293 979 1340 1019 Ρ.
1373 978 1570 1018 Rectore
1602 973 1609 991 ¹
1633 983 1757 1012 nunc
1779 982 1853 1022 po-

233 1069 438 1117 stulanti,
460 1066 704 1119 quominus
726 1060 936 1109 satisfiat,
962 1055 1157 1109 penuria
1185 1050 1504 1104 operariorum
1528 1043 1858 1096 impedimento

235 1148 318 1183 est.
343 1141 482 1181 Cives
503 1139 612 1178 item
638 1135 823 1175 Massae
853 1131 866 1149 ‘²
892 1130 1014 1170 idem
1044 1128 1090 1167 in
1122 1125 1233 1165 urbe
1260 1134 1344 1162 sua
1372 1119 1470 1160 fieri
1499 1116 1702 1168 cupiunt,
1735 1111 1859 1164 quod

236 1220 333 1253 tum
355 1210 491 1251 saluti
513 1209 775 1248 animarum
796 1202 1092 1247 conduceret,
1115 1204 1213 1236 tum
1239 1204 1352 1233 uero
1379 1194 1567 1242 propter
1598 1186 1720 1226 aeris
1742 1190 1855 1224 ‘tem-

239 1284 428 1336 periem,
458 1291 577 1332 quae
604 1278 695 1318 illic
725 1274 931 1316 maxima
957 1282 1058 1310 esse
1089 1267 1272 1313 dicitur,
1304 1268 1574 1303 nostrorum
1604 1254 1861 1298 valetudini

236 1355 493 1407 prodesset,
525 1350 617 1402 qui,
650 1360 704 1388 ea
738 1346 937 1386 aduersa
970 1346 1167 1388 utentes,
1193 1337 1300 1376 illuc
1329 1346 1377 1373 se
1398 1329 1596 1381 Neapoli
1615 1327 1629 1346 ³
1652 1326 1866 1367 conferre

240 1431 448 1478 possent.

319 1497 485 1537 Dicam
508 1494 648 1533 etiam
669 1490 724 1530 de
745 1488 892 1529 tribus
914 1482 1127 1525 foeminis
1148 1478 1394 1527 nobilibus,
1419 1483 1617 1527 quarum
1637 1470 1755 1510 duae
1775 1467 1870 1507 uir-

241 1570 375 1621 gines
397 1572 515 1615 sunt,
539 1576 630 1603 una
653 1561 809 1609 uidua3
838 1558 943 1597 illae
972 1564 1172 1602 sorores,
1201 1551 1318 1590 haec
1347 1546 1490 1587 amita
1519 1541 1677 1583 fratris
1702 1537 1869 1586 nostri,

242 1641 320 1692 qui
341 1640 388 1679 in
409 1636 567 1677 Sicilia
588 1634 796 1674 Biuonae
817 1631 1146 1675 commoratur,
1169 1622 1372 1676 Joannes
1393 1615 1603 1668 Baptista
1626 1611 1812 1652 nomine
1834 1607 1864 1648 ⁴.

245 1712 345 1751 Hae
374 1705 751 1750 meditationibus
772 1698 1089 1753 spiritualibus
1117 1707 1142 1734 a
1172 1692 1304 1733 nobis
1333 1685 1636 1742 praescriptis
1664 1682 1868 1733 aliquan-

244 1783 321 1823 diu
356 1784 606 1828 micarunt,
643 1776 689 1815 in
725 1773 889 1825 quibus
924 1771 986 1809 ita
1021 1766 1332 1819 profecerunt,
1370 1767 1417 1800 ut
1447 1758 1603 1806 vidua,
1643 1765 1733 1794 una
1765 1762 1870 1792 cum

245 1855 391 1894 altera
412 1863 470 1891 ex
491 1847 765 1899 uirginibus,
789 1842 913 1884 domi
930 1839 1115 1892 quidem
1132 1847 1243 1876 suae
1262 1839 1440 1873 castam
1458 1827 1870 1874 continentemque

245 1926 389 1965 uitam
410 1923 579 1962 ducere
600 1916 827 1962 statuerit,
854 1914 999 1954 altera
1023 1916 1178 1950 autem
1198 1906 1332 1956 uirgo
1354 1901 1484 1943 breui
1517 1897 1790 1948 religionem
1815 1894 1874 1932 sit

246 1998 517 2048 ingressura
538 2001 678 2041 seque
700 1988 798 2028 Deo
821 1985 995 2036 optimo
1024 1981 1228 2022 maximo
1258 1978 1304 2016 in
1335 1978 1611 2026 perpetuum
1642 1968 1873 2008 dicatum.

248 2068 426 2108 Harum
457 2073 639 2115 quoquc
669 2058 903 2109 uirginum
938 2056 1081 2094 frater
1117 2052 1231 2090 alter
1267 2046 1325 2087 ad
1360 2043 1546 2084 scholas
1581 2045 1767 2080 nostras
1803 2047 1875 2075 ac-

250 2138 386 2188 cedit,
414 2137 536 2176 bona
564 2132 715 2173 indole
743 2129 1030 2174 adolescens,
1061 2123 1133 2162 cui
1162 2121 1255 2160 iam
1284 2123 1463 2157 certum
1485 2119 1554 2153 est
1576 2108 1800 2151 Societati
1829 2117 1878 2145 se

251 2216 440 2250 nostrae
461 2204 744 2246 adscribere.

330 2277 522 2333 Juuenis
556 2274 769 2327 quidam,
798 2270 1003 2310 Thomas
1031 2265 1044 2284 ⁵
1072 2262 1274 2310 nomine,
1306 2255 1531 2299 confectis
1561 2248 1880 2304 spiritualibus

252 2349 499 2398 exercitiis,
524 2346 803 2387 Societatem
824 2345 1033 2380 nostram
1053 2336 1292 2385 ingressus
1314 2336 1398 2378 est3
1428 2326 1505 2378 qui
1533 2324 1607 2364 hic
1637 2321 1879 2362 nobiscum

255 2423 351 2475 agit
372 2421 541 2472 pietate
564 2423 607 2456 et
631 2414 837 2455 moribus
858 2414 1118 2462 praestans.

334 2492 544 2542 Quatuor
565 2487 668 2528 aliis
696 2490 939 2537 praeterea
969 2478 1179 2518 Societas
1211 2478 1370 2513 nostra
1402 2474 1540 2509 aucta
1568 2470 1652 2515 est,
1683 2472 1881 2515 quorum

256 2574 374 2604 unus
407 2561 490 2601 fuit
519 2559 644 2599 DmS
670 2556 873 2609 Joannes
902 2551 957 2590 de
992 2547 1232 2594 Mendoza‚
1270 2543 1326 2583 de
1362 2551 1452 2592 quo
1486 2539 1579 2578 iam
1607 2542 1703 2575 tum
1734 2533 1876 2573 multa

311 2770 319 2790 ¹
362 2770 397 2797 P.
415 2766 661 2800 Christoplioro
680 2764 718 2790 de
734 2762 910 2791 Mendoza.

313 2817 327 2835 ἓ
364 2817 476 2844 Massa
492 2815 523 2842 di
540 2814 714 2841 Sorrento.

318 2866 332 2885 ⁵
374 2863 553 2897 Neapolim
570 2862 673 2887 habet
686 2860 833 2886 alterum
849 2852 1097 2889 apographum,
1113 2848 1169 2875 sed
1185 2853 1281 2874 error
1300 2849 1350 2872 est
1367 2841 1510 2871 librarii.

311 2913 324 2933 ⁴
362 2912 394 2939 Is
410 2919 482 2938 csse
504 2910 637 2936 videtur
659 2907 822 2939 “joannes
844 2901 1002 2936 Baptista
1026 2898 1187 2927 Gaianus,
1211 2892 1478 2927 neapolitanus„
1502 2888 1556 2922 qui
1580 2891 1773 2921 supremum
1797 2881 1884 2909 diem

260 2961 341 2988 obiit
358 2961 420 2987 hoe
437 2960 507 2992 ipso
524 2964 621 2987 anno,
638 2956 668 2982 in
685 2953 837 2986 Collegio
854 2947 1048 2979 Bibonensi,
1063 2945 1106 2972 9:⁶²
1122 2942 1290 2970 Octobris.
1306 2940 1479 2967 Pomm-cus
1493 2936 1526 2963 in
1539 2934 1716 2966 Chronico,
1731 2936 1753 2959 t.
1766 2937 1814 2963 vl,
1829 2928 1884 2956 ubi

260 3009 330 3043 agit
349 3008 387 3035 de
404 3005 555 3038 Collegio
570 3004 728 3030 Bibonae.
747 3000 834 3026 Vide
851 2997 957 3024 etiam
972 2995 1109 3022 litteras
1130 2988 1302 3017 vincentii
1318 2987 1480 3017 Romena,
1496 2983 1598 3015 infra,
1619 2989 1650 3008 n.
1674 2976 1886 3011 DLx11‚eXhi-

264 3057 403 3084 bendaS.

315 3104 328 3123 5
367 3102 474 3136 Hujus
490 3107 552 3127 non
570 3096 720 3125 meminit
736 3094 914 3123 Polancus,
930 3098 970 3117 ne
986 3088 1119 3123 quidem
1140 3086 1216 3112 dum
1232 3085 1294 3110 has
1315 3082 1406 3116 ipsas
1422 3080 1558 3106 litteras
1574 3077 1605 3103 in
1627 3082 1723 3103 suum
1742 3069 1884 3100 Chroni-

266 3160 324 3178 σοι]
339 3150 548 3177 transcribit.
