2020 3342
901 264 982 301 AN.
1014 264 1103 301 1556
1717 263 1786 299 279

166 361 332 403 adesse
366 367 547 413 tempus
583 360 971 414 quadragesimae
1010 359 1224 401 videatur
1243 370 1251 399 :
1284 364 1327 398 et
1366 358 1499 398 multi
1537 364 1786 409 expectant

167 444 312 485 vsque
335 433 393 473 ad
413 432 578 473 horam
592 431 931 480 duodecimam;
952 437 1119 472 etcum
1134 430 1293 471 vident
1310 440 1402 470 non
1420 428 1521 469 dari
1537 428 1787 469 confitendi

166 504 335 555 locum,
360 502 616 544 discedunt.
641 503 850 544 Audiunt
871 502 1067 543 crimina
1085 502 1287 554 quinque
1303 499 1480 551 Patres,
1506 500 1565 540 ad
1582 500 1671 539 hoc
1691 511 1787 539 mu-

167 586 259 616 nus
279 575 395 616 satis
416 575 512 626 apti
533 580 577 614 et
597 573 772 625 idonei,
798 574 874 625 qui
896 574 942 613 in
963 574 1051 614 hac
1079 573 1192 613 vrbe
1223 583 1396 623 magno
1426 571 1473 611 in
1501 571 1678 611 honore
1708 571 1786 611 ha-

165 647 345 696 bentur,
371 652 413 686 et
434 651 533 686 tota
555 644 765 686 Societas
787 645 946 696 magni
968 645 1029 685 fit:
1056 644 1119 684 ita
1140 655 1246 684 cum
1266 643 1398 683 multi
1420 648 1684 693 aegrotant,
1717 653 1786 681 so-

167 718 224 758 lis
257 717 430 758 nostris
464 716 680 757 Patribus
710 716 872 757 volunt
898 727 1032 756 suam
1059 714 1394 755 conscientiam
1427 718 1587 753 notam
1613 712 1784 752 facere.

168 789 272 830 Hoc
293 788 505 829 videntes
527 794 570 828 et
591 787 902 838 intelligentes
925 787 1003 827 alii
1024 786 1401 835 concionatores,
1430 784 1612 836 publice
1634 790 1678 824 et
1698 784 1787 835 pri-

166 860 311 901 uatim
332 859 475 901 verba
496 858 738 909 facientes,
758 870 1052 910 summopere
1068 863 1279 898 nostram
1296 855 1578 898 Societatem
1592 855 1788 895 laudant

169 937 214 972 et
234 930 577 972 commendant.

244 1002 325 1053 Eo,
348 1002 425 1042 vbi
449 1001 587 1042 Pater
608 1001 824 1042 Ramirez
851 1001 1173 1051 concionatur,
1202 1005 1269 1040 tot
1296 999 1509 1040 homines
1537 997 1716 1038 nobiles
1739 1003 1786 1038 et

121 1089 123 1091 “
166 1080 452 1115 mercatores
473 1073 768 1124 conueniunt,
792 1079 855 1124 ut,
879 1072 1091 1125 quamuis
1112 1071 1334 1123 templum
1351 1070 1689 1122 amplissimum
1709 1068 1783 1119 sit,

165 1157 250 1186 nec
272 1146 494 1197 templum
519 1145 674 1196 plures
708 1144 846 1195 intus,
883 1155 970 1184 nec
991 1155 1074 1183 sua
1108 1143 1263 1194 platea
1296 1142 1453 1194 plures
1474 1140 1586 1181 foris
1617 1151 1786 1191 capere

166 1217 358 1269 possint;
381 1216 567 1257 auditur
601 1227 774 1267 magno
809 1215 1048 1255 hominum
1082 1214 1314 1254 desiderio
1347 1219 1390 1254 et
1421 1211 1697 1261 attentione3
1720 1211 1786 1251 ita

165 1287 244 1329 alii
265 1287 324 1328 ad
340 1287 486 1328 vitam
506 1287 553 1327 in
573 1286 736 1327 melius
759 1285 1121 1338 prouehendam,
1142 1285 1219 1325 alii
1239 1284 1300 1325 ad
1313 1289 1510 1337 peccata
1527 1281 1785 1323 deserenda

165 1358 466 1400 vehementer
486 1363 856 1409 commonentur3
876 1358 939 1398 ita
957 1357 1170 1397 omnibus
1191 1356 1358 1408 placet,
1378 1361 1426 1395 ut
1446 1366 1540 1395 vno
1558 1365 1638 1394 ore
1655 1364 1785 1405 prae-

165 1430 318 1471 dicent
339 1441 578 1480 nunquam
598 1429 738 1469 talem
767 1440 816 1468 se
851 1427 1023 1468 vidisse
1044 1439 1131 1468 nec
1166 1426 1352 1467 audisse
1387 1426 1784 1467 concionatorem.

164 1500 285 1552 Quid
305 1501 457 1552 plura?
478 1512 584 1540 cum
604 1499 806 1552 quodam
826 1499 900 1547 die
916 1504 1038 1539 esset
1054 1499 1101 1539 in
1118 1499 1273 1550 platea
1290 1497 1448 1550 templi
1470 1496 1663 1537 maximi
1680 1507 1786 1536 con-

164 1573 344 1613 cionem
365 1571 622 1621 habituruS,
646 1576 742 1611 tam
763 1581 934 1621 magna
964 1570 1203 1610 hominum
1232 1568 1479 1609 multitudo
1504 1568 1611 1608 illuc
1632 1567 1784 1617 irruit,

166 1649 214 1684 ut
234 1655 319 1683 nec
340 1642 428 1694 ipsi
448 1642 556 1683 illuc
577 1641 751 1693 petenti
773 1642 902 1682 locus
929 1641 975 1681 in
1010 1640 1283 1681 cathedram
1317 1638 1600 1680 ascendendi
1622 1650 1786 1680 conce-

166 1714 365 1762 deretur3
391 1713 501 1765 quid
522 1713 703 1763 mirum,
729 1724 835 1753 cum
857 1712 1066 1752 nonnulli
1086 1712 1201 1752 hora
1219 1717 1386 1763 quarta
1401 1716 1613 1762 surgant,
1632 1716 1683 1751 ut
1699 1710 1787 1750 sibi

168 1785 346 1837 possint
365 1785 519 1825 locum
540 1783 791 1835 occupare?

246 1855 436 1896 Praeter
457 1855 555 1896 dies
576 1854 834 1895 dominicos
858 1855 1163 1895 concionatur
1192 1854 1334 1894 etiam
1361 1853 1463 1893 aliis
1493 1851 1638 1902 festis,
1667 1863 1787 1904 quae

171 1939 262 1967 non
297 1927 354 1967 ab
375 1926 593 1967 uniuersa
629 1926 818 1966 ciuitate
853 1926 1083 1977 coluntur3
1121 1925 1181 1966 ad
1211 1936 1348 1977 quem
1382 1924 1663 1965 audiendum
1697 1935 1789 1963 non

169 1998 318 2039 minor
341 1997 522 2038 accedit
544 1997 782 2037 hominum
804 1997 954 2049 copia.

247 2069 296 2110 In
315 2074 476 2109 nostro
500 2069 672 2120 templo
708 2067 845 2119 <quod
876 2067 972 2108 fere
1003 2068 1095 2108 iam
1116 2067 1368 2119 perficitur)
1403 2066 1594 2119 exponit
1621 2066 1789 2107 doctri-

169 2152 277 2180 nam
294 2142 297 2144 ’
312 2140 617 2181 christianam
648 2138 791 2179 frater
826 2138 1051 2190 Magister
1091 2138 1278 2179 Xuarez
1319 2149 1490 2189 magno
1525 2137 1792 2178 auditorum

170 2212 416 2264 applausu.

248 2282 439 2322 Fratres
460 2288 558 2322 tum
578 2282 625 2322 in
645 2281 961 2322 custodiendis
982 2281 1172 2332 regulis,
1196 2287 1293 2321 tum
1315 2280 1361 2320 in
1388 2280 1639 2320 virtutibus
1671 2290 1791 2320 com-

176 2353 419 2404 parandis,
456 2353 720 2393 mirandum
754 2353 801 2392 in
836 2351 1023 2392 modum
1057 2351 1324 2404 proficiunt,
1363 2351 1629 2403 pariterque
1661 2350 1789 2391 scho-

176 2424 328 2464 lastici
348 2423 393 2464 in
414 2424 559 2464 literis
581 2423 895 2475 capessendis.

250 2495 388 2535 Pater
408 2494 587 2535 Doctor
608 2495 817 2535 Mironus
849 2494 858 2513 ¹
882 2500 1079 2534 conatur
1114 2500 1164 2534 ut
1184 2494 1264 2534 fiat
1296 2494 1461 2535 domus
1481 2492 1788 2546 probationis;

172 2566 248 2616 qui
270 2566 328 2606 ad
348 2565 436 2606 hoc
457 2565 715 2616 Collegium
736 2565 1092 2617 guuernandum
1120 2565 1290 2605 missus
1319 2571 1388 2605 est
1418 2578 1444 2605 a
1464 2565 1602 2605 Patre
1630 2570 1792 2604 nostro

171 2636 424 2677 Francisco
446 2637 473 2677 ²:
498 2638 629 2677 cuius
655 2636 668 2655 ⁵
691 2637 833 2677 nimia
855 2636 1094 2688 diligentia
1117 2643 1160 2677 et
1188 2637 1435 2687 praeclara
1462 2636 1556 2676 vita
1587 2641 1631 2676 et
1649 2635 1791 2676 admi-

171 2708 383 2748 miranda
404 2708 618 2748 doctrina
639 2708 960 2748 vehementius
995 2707 1126 2747 multi
1161 2707 1304 2747 cultui
1339 2707 1497 2747 diuino
1532 2706 1790 2757 indulgent:

171 2778 253 2819 fuit
274 2779 396 2819 enim
414 2780 553 2829 longo
574 2784 783 2829 tempore
805 2790 830 2817 a
852 2778 1033 2818 ciuibus
1056 2778 1193 2818 huius
1223 2778 1352 2818 vrbis
1380 2784 1669 2829 expectatus,
1701 2783 1744 2817 et
1765 2789 1791 2817 a

227 2987 237 3006 ¹
279 2986 314 3013 P.
330 2985 477 3019 Jacobus
491 2985 614 3013 Miron.

227 3033 241 3052 ²
278 3033 312 3060 P.
329 3032 515 3061 Francisco
527 3034 567 3060 de
577 3033 690 3067 Borja.

227 3081 242 3102 5
279 3080 415 3110 Scilicet
431 3081 544 3111 Patris
559 3080 678 3117 Miron,
694 3081 748 3117 qui
765 3081 844 3107 olim
857 3080 927 3117 Jam
946 3079 1127 3110 valentiae
1145 3086 1303 3110 versatus
1317 3085 1351 3108 et
1367 3084 1466 3109 notus
1481 3081 1604 3109 fuerat.
