2020 3342
826 283 909 322 AN.
947 283 1037 323 1556
1571 330 1580 336 ἦ
1672 278 1736 316 491

243 655 524 684 Praeccdcmium
539 654 677 689 Joannis
694 653 831 682 Antonii
847 653 1011 688 Viperani
1030 653 1224 681 litterarum
1237 651 1380 679 latinum
1396 649 1585 684 exemplum
1600 646 1627 675 ¹.

923 792 950 839 ,2

207 954 304 995 Pax
325 954 397 995 Xss

209 1026 310 1066 Hoc
332 1025 431 1075 fuit,
455 1024 554 1065 Rssie
570 1024 723 1074 Pater,
747 1024 880 1064 nobis
901 1024 1159 1064 iniunctum
1181 1021 1336 1062 oneris
1358 1033 1383 1060 a
1405 1018 1507 1060 R.d0
1539 1018 1588 1058 P.
1617 1016 1752 1068 Igna·

129 1097 208 1147 tio,
232 1097 336 1149 piae
358 1108 412 1137 ac
434 1096 612 1137 foelicis
634 1096 902 1146 memoriae,
927 1100 1064 1146 atque
1083 1094 1310 1134 hactenus
1331 1091 1578 1141 diligenter
1599 1088 1752 1129 obser-

130 1174 303 1218 uatum,
327 1173 374 1208 ut
396 1172 561 1219 quarto
583 1178 766 1218 quoque
788 1177 946 1206 mense
967 1165 1024 1206 de
1039 1165 1177 1205 huius
1198 1162 1393 1214 Collegii
1416 1161 1551 1201 rebus
1568 1159 1628 1200 ad
1648 1170 1754 1199 eum

131 1239 177 1279 in
197 1239 467 1279 uniuersum
488 1238 812 1278 scriberemus:
842 1236 888 1277 id
910 1236 1033 1288 quod
1061 1235 1194 1276 nobis
1222 1235 1268 1275 in
1294 1233 1666 1286 praesentiarum
1694 1229 1754 1270 ad

133 1317 193 1361 te,
222 1310 299 1361 qui
326 1309 424 1350 eius
450 1310 604 1349 locum
633 1315 784 1359 tenes,
816 1307 1118 1348 deferendum
1152 1318 1254 1346 esse
1284 1304 1563 1357 putauimus.
1594 1302 1756 1353 Itaque

131 1381 333 1421 scribam
353 1380 557 1420 breuiter
578 1379 633 1420 de
655 1379 826 1420 nostris
847 1379 998 1429 rebus,
1018 1385 1066 1419 ut
1084 1377 1318 1428 intelligas
1337 1387 1512 1426 omnes,
1536 1374 1638 1415 Deo
1658 1377 1753 1424 opt.

131 1452 300 1503 gratia,
322 1452 438 1491 bene
460 1451 631 1501 ualere,
656 1462 710 1490 ac
732 1461 959 1502 quemque
981 1461 1064 1489 suo
1083 1448 1231 1488 officio
1253 1447 1499 1498 diligenter
1518 1443 1753 1495 occupari.

133 1522 233 1574 Quo
254 1522 317 1572 fit,
341 1528 389 1562 ut
411 1523 527 1562 haec
550 1527 707 1562 nostra
729 1520 938 1562 Societas
967 1525 1105 1571 atque
1127 1519 1250 1559 uitae
1281 1516 1546 1558 coniunctio
1569 1525 1751 1556 conser-

134 1600 284 1644 uctur,
308 1599 353 1633 et
374 1593 420 1633 in
442 1598 680 1644 posterum
708 1591 934 1632 uberioris
962 1591 1140 1631 fructus
1172 1589 1296 1630 haud
1324 1588 1522 1629 obscura
1552 1585 1760 1627 suboria-

141 1672 215 1705 tur
236 1675 355 1716 spes.
381 1663 593 1715 Augetur
611 1663 731 1703 enim
753 1663 799 1703 in
821 1662 919 1703 dies
945 1673 1100 1702 rerum
1122 1661 1385 1701 diuinarum
1415 1658 1661 1710 cupiditas,
1690 1656 1762 1696 in-

136 1735 383 1787 grauesce't
411 1734 425 1753 ²
456 1735 679 1785 studium,
708 1741 756 1774 ut
785 1733 877 1774 iam
907 1734 1006 1774 eius
1035 1732 1434 1781 intercessionem,
1464 1741 1600 1782 quem
1628 1727 1762 1768 nobis

136 1806 303 1858 eripuit
326 1817 465 1856 mors,
489 1805 710 1857 prodesse
731 1811 856 1845 certe
877 1805 1127 1856 plurimum
1147 1809 1191 1843 et
1211 1803 1269 1843 ad
1287 1800 1612 1850 constantiam,
1637 1805 1681 1840 et
1703 1798 1762 1839 ad

138 1878 262 1918 uitae
292 1877 623 1928 integritatem,
657 1876 985 1927 intelligamus.
1025 1873 1157 1927 Quod
1193 1874 1252 1914 ad
1282 1873 1467 1925 publica
1497 1871 1677 1921 attinet,
1714 1869 1760 1911 id

140 1949 338 2000 primum
360 1959 581 1999 exequar,
605 1947 728 1999 quod
755 1947 828 1999 pie
851 1958 904 1987 ac
927 1946 1144 1997 religiose
1173 1946 1331 1986 uiuere
1361 1942 1652 1995 cupientibus
1674 1952 1762 1982 usu

142 2020 301 2060 uenire
322 2020 453 2060 solet:
486 2020 736 2060 multorum
764 2018 972 2068 iniurias,
1002 2029 1120 2069 quae
1148 2016 1411 2057 clanculum
1444 2021 1488 2055 et
1515 2019 1674 2065 aperte
1702 2013 1763 2053 ia-

139 2091 409 2141 ctabantur,·
425 2090 513 2130 hoc
533 2090 663 2130 breui
684 2096 891 2141 ternpore
919 2088 1208 2140 pertulimus;
1240 2087 1356 2127 haec
1379 2092 1535 2126 tamen
1556 2084 1765 2126 immissa

142 2162 233 2202 tela
268 2168 312 2202 et
350 2161 600 2202 maledicta
635 2160 1013 2212 contempsimus,
1051 2160 1302 2212 praecipue
1341 2168 1448 2198 cum
1487 2169 1513 2197 a
1553 2156 1766 2197 doctrina

143 2244 303 2274 eorum
325 2244 380 2273 ac
402 2233 525 2273 uitae
546 2232 767 2281 moribus,
792 2243 818 2271 a
840 2231 1007 2283 quibus
1026 2231 1102 2271 illa
1119 2235 1411 2279 emanarunt,
1436 2229 1575 2280 longe
1596 2227 1770 2268 dissen-

143 2304 249 2345 tiret
271 2304 435 2355 oratio,
460 2305 544 2344 etsi
566 2304 773 2355 plerique
794 2314 970 2352 eorum,
993 2302 1071 2354 qui
1092 2302 1212 2342 inter
1233 2301 1467 2353 sapientes
1484 2300 1619 2340 huius
1642 2298 1768 2339 urbis

145 2382 491 2426 enumerantur,
516 2376 561 2415 in
582 2374 828 2415 Societatis
850 2381 1038 2414 nostrae
1060 2372 1335 2422 doctrinam,
1359 2371 1609 2423 puritatem
1627 2370 1766 2419 uitae,

143 2447 330 2487 modum
364 2453 408 2486 et
443 2447 704 2487 institutum
737 2446 1055 2496 insurgerent;
1095 2443 1176 2484 sed
1204 2454 1298 2483 non
1322 2441 1769 2494 probatissimorum

146 2518 383 2558 hominum
405 2517 600 2558 consilia
621 2517 750 2557 Deus
772 2518 880 2565 (non
902 2516 1024 2556 enirn
1046 2526 1125 2555 ero
1146 2514 1236 2555 hac
1257 2514 1303 2554 in
1325 2526 1374 2554 re
1395 2513 1592 2564 longior,
1622 2523 1770 2564 neque

145 2589 328 2640 singula
350 2588 546 2629 dicendo
568 2588 837 2640 persequar)
859 2586 1034 2637 frangit
1051 2592 1094 2626 et
1111 2585 1309 2626 conterit
1328 2583 1342 2603 ³
1364 2584 1473 2625 dum
1494 2584 1605 2624 uult.
1626 2582 1770 2624 Cuius

146 2671 231 2711 ope
251 2660 407 2700 omnia
428 2659 562 2700 nobis
582 2670 675 2699 non
696 2658 833 2699 modo
856 2652 947 2698 non
970 2656 1255 2697 aduersariis
1278 2654 1669 2708 oppugnantibuS,
1690 2653 1770 2693 sed

145 2743 202 2771 ne
224 2731 593 2783 repugnantibus
614 2730 814 2782 quidem,
839 2740 1060 2781 prospere
1089 2740 1143 2768 ac
1175 2727 1399 2768 foeliciter
1421 2734 1637 2773 euenere;
1662 2736 1771 2765 nam

147 2813 371 2854 oppressa
399 2801 573 2842 ueritas
601 2801 657 2841 ab
685 2801 869 2841 illorum
896 2799 1111 2840 manibus
1139 2797 1376 2839 uindicata
1407 2803 1489 2838 est.
1521 2796 1605 2837 His
1633 2796 1771 2837 rebus

203 2963 212 2984 Ι
250 2962 514 2998 Autographum
528 2961 653 2997 duplici
669 2961 758 2995 folio,
775 2969 827 2988 nn.
842 2960 877 2988 35
891 2965 925 2989 et
939 2960 1115 2994 36.—Quae
1132 2960 1164 2987 in
1177 2960 1216 2987 iis
1232 2959 1358 2987 delevit
1372 2962 1430 2986 aut
1446 2958 1640 2986 immutavit
1655 2957 1773 2985 Polan·

150 3017 218 3044 cus,
234 3010 367 3038 italicis
381 3009 472 3046 typis
486 3009 717 3042 describimus;
731 3016 815 3043 quae
831 3015 946 3037 eorum
962 3009 1035 3036 loco
1051 3007 1238 3041 substituit,
1255 3006 1342 3036 infra
1357 3004 1567 3042 subjicimus.

204 3058 217 3078 Ξ
255 3060 298 3085 et.
314 3057 503 3085 PotAncus.

207 3104 221 3125 ⁵
249 3105 364 3141 facile
383 3104 512 3134 addidit
529 3104 712 3133 Polancus.
