2020 3342
236 253 306 291 234
743 255 970 293 LITTERAE
997 259 1355 299 QUADmMEsTREs

318 423 670 474 Sztperscm‘ptz'o
697 424 745 463 z'n
776 410 948 475 quarm
975 423 1176 474 pagina:
1207 398 1318 464 ΙΙΪΙΞ.
1350 423 1411 463 Al
1439 435 1549 476 muy
1580 424 1682 465 R.d0
1707 425 1859 466 Padre

238 500 426 533 nuestro
449 506 504 533 en
527 495 567 534 el
588 494 734 534 Senor
755 496 795 534 el
817 495 864 534 P.
889 493 1093 534 Maestro
1115 494 1172 534 D.
1196 494 1376 545 ignatio
1397 495 1453 535 de
1474 495 1667 547 Loyola,
1692 496 1858 549 Prepo-

239 564 326 604 sito
349 566 541 614 general
565 565 619 605 de
640 567 683 605 la
706 566 963 617 Compania
987 565 1041 605 de
1061 564 1219 617 jesus,
1244 577 1301 605 en
1321 564 1484 606 Roma.

316 635 425 675 Alia
457 647 618 676 malm:
651 636 764 676 1556.
800 636 1029 676 Cordoua.
1064 635 1442 687 Quadrimestres
1471 636 1527 676 de
1557 643 1771 688 postrero
1802 638 1858 678 de

237 705 385 746 Abril.

328 777 588 827 Vestigium
610 789 740 817 cerae
761 777 931 828 sigilli.

425 1203 708 1231 Praecedentium
724 1204 838 1232 Patris
856 1205 948 1234 Petri
963 1207 1003 1234 de
1021 1207 1179 1236 Acebedo
1195 1207 1389 1235 litterarum
1402 1205 1509 1233 latina
1524 1203 1636 1231 versio
1653 1203 1674 1231 ¹.

1005 1368 1101 1445 nis

326 1563 592 1603 Admodum
615 1563 715 1603 RQ
746 1564 791 1604 in
813 1563 998 1604 Christo
1021 1565 1171 1605 Pater.

326 1634 423 1674 Pax
445 1635 618 1675 Christi
639 1641 726 1675 ete.

317 1705 446 1755 Quae
469 1718 526 1745 ex
550 1706 759 1756 proxime
788 1713 987 1757 quatuor
1015 1707 1184 1757 elapsis
1207 1706 1443 1746 mensibus
1471 1710 1721 1745 occurrunt
1752 1703 1862 1744 scri-

238 1777 388 1816 benda
426 1777 540 1816 haec
576 1784 697 1817 sunt.
729 1777 811 1836 ⁸Ad
846 1777 1256 1817 §aeramentorum
1290 1776 1635 1829 perceptionem
1675 1781 1719 1815 et
1754 1775 1866 1814 inui-

238 1853 396 1887 tantur
431 1854 474 1887 ct
510 1848 703 1887 ueniunt
740 1849 869 1888 multi
910 1848 1082 1888 denuo:
1119 1848 1325 1888 ueterani
1360 1852 1688 1899 perseuerant,
1725 1845 1867 1897 fitque

237 1918 408 1958 Christi
430 1917 537 1970 Jesu
560 1919 847 1968 benignitate
877 1926 922 1958 ut
953 1919 1155 1959 fructum
1177 1919 1461 1959 uberrimum
1492 1918 1719 1969 percipiat
1749 1917 1864 1956 haec

237 1989 403 2028 ciuitas
424 1989 581 2028 labore
604 1996 646 2029 et
670 1989 897 2029 industria
929 1990 1264 2040 operariorum,
1298 2001 1413 2041 quos
1449 1990 1494 2028 in
1531 1989 1652 2028 hanc
1673 1988 1862 2027 uincam

237 2060 420 2099 mittere
442 2059 661 2110 dignatus
683 2066 751 2099 est
771 2060 1012 2109 Dominus,
1038 2072 1156 2111 quae
1177 2061 1370 2100 libenter
1392 2071 1474 2111 pro
1497 2070 1588 2099 uno
1611 2058 1796 2099 Christo
1819 2064 1865 2097 et

241 2131 459 2170 alacriter
501 2131 786 2181 impendunt.
830 2131 967 2171 Dcmi
987 2162 994 2179 ,
1043 2144 1160 2182 quae
1201 2132 1372 2179 solent,
1419 2130 1577 2170 sedulo
1616 2135 1860 2180 geruntur,

242 2201 426 2242 Christo
450 2202 642 2252 gratias,
668 2203 745 2253 qui
766 2202 890 2242 uires
911 2203 957 2242 in
978 2210 1173 2253 utroque
1196 2202 1380 2241 homine
1403 2201 1736 2241 subministrat.

318 2271 479 2312 Studia
501 2272 839 2312 incrementum
860 2274 905 2312 in
927 2273 1024 2312 dies
1043 2273 1292 2323 accipiunt3
1313 2271 1500 2311 confiuit
1518 2271 1640 2311 enim
1656 2270 1858 2322 undique

240 2343 502 2382 auditorum
529 2343 678 2392 turba,
718 2343 795 2394 qui
818 2355 923 2383 cum
959 2344 1132 2393 literas,
1170 2350 1266 2382 tum
1300 2342 1605 2382 christianam
1641 2341 1860 2392 pietatem

240 2413 464 2452 imbibunt
487 2414 768 2453 auidissime.
794 2413 924 2453 Multi
946 2414 1003 2454 ad
1025 2413 1069 2453 id
1097 2419 1264 2466 natura
1285 2413 1501 2452 videntur
1530 2411 1760 2459 instructi,
1783 2411 1860 2462 qui

240 2483 374 2522 facile
397 2484 453 2523 ad
477 2484 694 2523 uirtutem
717 2484 995 2524 alliciuntur:
1025 2491 1250 2532 caetel‘OS,
1289 2494 1483 2534 quorum
1516 2483 1651 2534 paulo
1674 2482 1859 2522 uidetur

240 2554 450 2604 asperius
467 2554 718 2605 ingenium,
740 2555 884 2594 mollit
903 2555 1075 2595 Christi
1097 2554 1206 2605 Jesu
1229 2554 1434 2593 charitas
1457 2564 1511 2592 ac
1532 2553 1659 2593 lenit:
1681 2553 1745 2592 ita
1762 2552 1885 2603 pari,

240 2635 405 2674 gressu
428 2625 473 2663 in
496 2624 656 2663 officiis
677 2625 861 2675 pietatis
883 2625 1096 2665 uidentur
1118 2624 1346 2664 incedere.
1367 2623 1499 2674 Quod
1518 2623 1653 2663 modo
1671 2622 1863 2674 apertis-

241 2695 354 2733 sime
377 2696 719 2745 cognoscimus,
745 2708 851 2735 natm
873 2696 978 2735 etin
997 2694 1286 2735 confessione
1306 2694 1479 2734 assidui
1497 2700 1617 2740 sunt,
1637 2699 1681 2733 et
1697 2694 1743 2733 in
1760 2693 1862 2732 aliis

243 2766 531 2815 spiritalibus
553 2767 786 2805 exercitiis
809 2778 899 2806 non
924 2767 1021 2806 sine
1048 2767 1201 2806 fructu
1231 2772 1492 2805 uei-santur.
1522 2764 1745 2804 Redditus
1773 2763 1862 2803 Do·

244 2836 370 2875 mino
389 2836 567 2876 fructus
590 2838 665 2887 qui
688 2838 957 2877 seminatur.
983 2837 1112 2876 Multi
1134 2837 1255 2876 enim
1277 2848 1325 2875 sc
1353 2836 1445 2875 iam
1468 2835 1679 2886 religioni
1709 2846 1865 2874 conse-

298 2970 307 2989 ¹
349 2972 594 3005 Autographae
612 2972 734 3005 duplici
753 2973 843 3005 folio,
861 2973 969 3006 primo
984 2980 1003 2998 n
1027 2972 1088 3005 1190,
1104 2973 1213 2999 altero
1229 2979 1294 2998 non
1309 2975 1496 2998 numerato.
1512 2970 1575 2997 Est
1596 2974 1629 2997 et
1643 2970 1734 2997 aliud
1756 2976 1866 2996 exem—

242 3020 318 3051 plar
333 3020 596 3053 amorraphum,
614 3020 700 3054 quod
717 3020 797 3047 nihil
815 3021 856 3046 ab
874 3020 924 3047 his
939 3020 1064 3053 differt,
1079 3020 1183 3047 etiam
1198 3019 1322 3053 duplici
1337 3019 1427 3051 folio,
1439 3019 1547 3052 primo
1559 3025 1590 3045 n.
1601 3018 1663 3052 491,
1680 3018 1789 3045 altero
1802 3024 1866 3045 non

244 3071 430 3092 numerato.
