2020 3342
299 234 368 272 130
808 237 1034 276 LITTERAE
1061 250 1418 282 QUADRmEsrREs

381 333 649 384 Aliquando
670 335 810 374 etiam
832 335 922 374 itur
945 335 989 374 in
1010 335 1238 384 triremeS‚
1263 342 1312 375 ut
1332 336 1501 387 ubique
1522 337 1702 387 possint
1732 338 1932 378 uerbum

303 403 391 443 Dei
413 404 718 445 disseminare
740 411 783 445 et
811 405 1173 445 christianorum
1200 406 1419 445 cordibus
1448 406 1657 457 infigere.
1699 407 1782 446 Vbi
1803 408 1935 447 eninr

305 487 440 515 amor
462 476 664 526 emergit
691 476 902 526 diuinus,
931 475 996 515 ibe·
1020 476 1305 515 desiderium
1334 477 1568 516 hnmanae
1596 477 1772 517 salutis
1791 478 1940 528 ferri*

308 550 595 597 nonpoz‘est,
616 548 698 586 sed
717 552 807 598 per
837 558 998 586 omues
1023 546 1339 596 diffunditur.
1373 547 1547 587 Omitto
1578 548 1815 599 plurimos,
1846 549 1929 600 qui

301 617 446 656 uerbo
469 616 663 657 Domini
684 618 893 667 inescati,
917 619 980 658 ita
1004 624 1273 658 constanter
1294 617 1485 658 hamum
1506 624 1711 668 tenuere,
1744 625 1793 658 ut
1821 631 1924 659 suo—

302 697 406 726 rum
428 689 658 728 scelerum
681 689 871 737 conscii,
906 689 965 728 ad
991 688 1155 728 Patres
1183 694 1369 728 nostros
1398 689 1698 739 accesserint,
1729 701 1931 741 quorum·

306 758 496 808 auxilio,
526 759 681 799 diuina
704 765 971 810 praestante
992 759 1160 810 gratia,
1186 759 1243 798 ab
1264 759 1511 809 impudicis
1530 760 1814 811 perditisque
1829 772 1926 800 mo-

298 821 427 868 ribus
451 830 660 879 abducti,
685 830 773 869 iter
795 830 956 869 salutis
977 830 1193 880 ingressi,
1216 829 1390 879 sedulo,
1414 830 1619 869 maxima
1641 841 1746 870 cum
1772 843 1932 882 perse--

303 900 517 939 uerantia
540 907 901 951 prosequuntur.
926 899 1018 940 Sex
1038 901 1112 940 uel
1133 906 1310 951 septem
1336 900 1527 940 iuuenes
1553 907 1659 940 sunt
1687 901 1837 941 bonae
1862 901 1934 941 inm

299 970 432 1019 dolis,
462 971 537 1021 qui
563 971 655 1010 iam
680 971 896 1010 diuturno
927 977 1065 1021 atque
1092 970 1418 1010 ardentissimo
1447 978 1665 1011 tenentur
1694 971 1926 1012 desiderio

308 1041 569 1080 deucuendi
591 1053 639 1080 se
661 1041 762 1081 Deo
784 1041 828 1081 in
850 1041 937 1081 hac
959 1048 1120 1081 nostra
1141 1040 1389 1091 Societate,
1414 1041 1579 1092 quibus
1595 1042 1746 1082 aditus
1763 1042 1821 1081 ad
1838 1054 1929 1082 nos.

299 1111 364 1151 ita
385 1111 537 1151 facilis
564 1124 656 1151 non
678 1112 942 1163 praebetur,
965 1118 1013 1151 ut
1034 1112 1199 1151 melius
1219 1123 1380 1151 eorum
1398 1118 1622 1163 appareat
1639 1113 1928 1153 constantia„

296 1181 430 1222 Vnus
451 1182 589 1222 modo
614 1183 901 1232 admittetur,
927 1183 1005 1234 qui
1032 1193 1145 1233 prae
1169 1182 1368 1222 caeteris
1389 1182 1617 1222 desiderio
1637 1183 1790 1233 ardet3
1820 1184 1922 1223 reli-

297 1253 398 1303 quis
420 1264 532 1292 uero
557 1253 863 1304 protrahetur
885 1259 1066 1304 tempus
1087 1264 1232 1304 usque
1261 1252 1317 1292 ad
1345 1253 1522 1303 pascha
1546 1252 1933 1294 Resurrectionis

294 1323 500 1363 Domini.
524 1324 721 1363 Interim
743 1330 807 1373 tu,
831 1323 932 1363 Rde
960 1323 1113 1373 Pater,
1136 1322 1288 1362 Deum
1309 1335 1391 1363 ora
1419 1321 1430 1340 ¹
1459 1324 1694 1363 constanti
1723 1324 1922 1376 fortique

294 1394 448 1433 animo
472 1394 578 1444 sint,
606 1401 655 1434 ut
683 1394 740 1433 ad
763 1400 807 1433 te
829 1394 1060 1445 possimus
1083 1393 1309 1445 quasdam
1330 1394 1462 1444 quasi
1483 1394 1711 1445 primitias
1738 1396 1924 1447 collegii

292 1467 440 1505 nostri
461 1465 658 1504 mittere.

371 1535 615 1586 Cogitanti
638 1536 754 1575 mihi
777 1547 978 1587 quonam
1000 1542 1136 1586 pacto
1153 1536 1327 1586 possim
1345 1547 1567 1586 amorem,
1585 1547 1675 1587 quo
1692 1549 1778 1577 nos
1795 1538 1928 1578 ciues

295 1606 343 1646 hi
363 1613 731 1657 prosequuntur,
759 1607 1018 1655 ostendere,
1042 1606 1157 1645 nihil
1186 1606 1475 1646 commodius
1503 1607 1655 1647 uisum
1684 1613 1754 1647 est
1781 1620 1927 1660 quam

293 1677 332 1717 si
353 1677 623 1728 diligentiae
651 1677 1071 1727 sollicitudinisque
1093 1676 1227 1716 fieres
1254 1677 1441 1723 certior,
1471 1688 1610 1728 quam
1635 1689 1742 1718 cum
1771 1679 1818 1719 in
1842 1691 1919 1719 no—

287 1749 397 1788 stris
419 1749 574 1798 rebus,
598 1754 701 1788 tum
723 1760 835 1787 uero
857 1748 1059 1787 maxime
1082 1748 1335 1787 adhibuere
1356 1748 1402 1787 in
1419 1748 1685 1799 quaerenda
1703 1750 1852 1799 domo,
1872 1751 1923 1790 in,

287 1830 432 1869 quam
451 1819 615 1858 Patres
637 1818 651 1837 ‘²
668 1819 843 1868 nostri,
869 1819 945 1869 qui
967 1818 1243 1870 Hispaniam
1263 1830 1428 1858 uersus
1449 1820 1751 1870 nauigauere,
1771 1820 1916 1861 diuer-

284 1897 385 1929 tere
407 1896 602 1940 possent
628 1889 910 1940 (Collegium
932 1889 1158 1940 siquidem
1179 1895 1390 1928 nostrum
1412 1901 1491 1929 eos
1511 1889 1637 1930 haud
1653 1902 1820 1942 capere
1840 1904 1917 1942 po—

284 1960 446 2009 terat):
471 1960 665 1999 videres
687 1971 906 2011 namque,
930 1960 991 1999 mi
1013 1958 1166 2009 Pater,
1190 1970 1270 1998 eos
1291 1959 1353 1998 ita
1374 1965 1641 2000 nostrarum
1661 1972 1815 2001 rerum
1833 1963 1925 2002 sol-⁷

284 2030 453 2080 licitos,
478 2037 527 2070 ut
550 2031 645 2069 suis
671 2031 811 2069 rebus
852 2029 1094 2080 implicari
1125 2041 1218 2068 mm
1247 2033 1471 2080 possent,
1501 2042 1557 2069 ne
1588 2031 1770 2071 nostris
1793 2032 1901 2071 dees

287 2113 338 2140 se
367 2100 381 2119 ⁵
402 2101 705 2141 uiderentur:
729 2113 814 2140 nec
844 2101 1061 2140 destitere
1093 2100 1242 2139 donec
1268 2100 1529 2140 inuenirent
1557 2102 1916 2152 pulcherrimam

288 2171 540 2222 quamdam
563 2172 774 2219 domum,
799 2172 844 2211 in
868 2183 1006 2222 quam
1036 2171 1231 2209 attulere
1262 2171 1402 2210 etiam
1426 2172 1573 2211 lectos
1601 2173 1926 2225 reliquamque-

287 2243 638 2293 supellectilem,
664 2253 758 2293 qua
784 2242 948 2281 Patres
970 2241 1178 2291 indigere
1200 2247 1430 2291 poterant.
1454 2241 1523 2281 Ita
1544 2243 1740 2294 denique
1761 2245 1916 2285 omnia

285 2314 585 2362 constituere,
623 2319 673 2352 ut
719 2313 883 2352 domus
917 2311 1096 2360 Patres,
1133 2323 1225 2350 non
1254 2311 1342 2362 ipsi
1378 2311 1564 2351 domum
1597 2320 1914 2364 expectarent:

285 2384 562 2423 commorati
597 2390 709 2423 sunt
749 2383 825 2423 hic
860 2395 943 2434 per
978 2383 1092 2421 duos
1126 2381 1221 2421 fere
1255 2393 1460 2421 menses:
1503 2383 1668 2423 deinde
1704 2385 1913 2435 profecti,

284 2453 427 2493 flante
449 2454 657 2493 secundo
680 2461 824 2493 uento
847 2454 911 2503 (ut
934 2453 1231 2503 accepimus),
1257 2460 1457 2503 quatuor
1485 2454 1664 2494 dierum
1692 2455 1843 2506 spatio
1868 2457 1920 2496 inv

287 2524 562 2575 Hispaniam
584 2536 860 2575 peruenere,
886 2531 1023 2575 atque
1045 2524 1107 2563 ita
1126 2522 1252 2562 Deus
1270 2523 1471 2573 optimus
1487 2525 1719 2565 maximus
1736 2538 1920 2568 moram

285 2594 632 2635 conscendendi
664 2594 821 2633 nauim
840 2594 978 2634 celeri
994 2593 1298 2644 nauigatione
1316 2595 1656 2644 compensauit:
1675 2596 1757 2636 sed
1773 2596 1829 2636 de
1844 2598 1925 2637 his.

282 2665 526 2705 hactenus.
551 2664 701 2713 Nunc,
730 2664 785 2704 R.
810 2663 961 2714 Pater,
986 2664 1160 2715 accipe,
1192 2674 1309 2714 quae
1337 2663 1396 2703 ad
1432 2664 1671 2705 literarum
1697 2667 1923 2719 studium,⁴

281 2735 566 2786 scholasque
586 2741 692 2774 nost
703 2746 782 2774 ras
804 2735 1013 2774 attinent.

367 2805 563 2845 Duabus
584 2805 681 2856 poti
699 2805 891 2844 ssimum
911 2805 1050 2844 rebus
1077 2804 1139 2853 (ut
1168 2803 1346 2856 opinor)
1376 2806 1497 2845 soles
1523 2805 1758 2858 delectari,
1787 2808 1924 2860 spiri—

333 2939 343 2958 ¹
383 2946 443 2966 ora
458 2941 504 2966 vt.
518 2938 712 2966 POLANcus.

332 2987 346 3005 ’ἒ
384 2986 506 3013 Patres
535 2993 576 3013 ac
586 2985 740 3021 fratres
757 2986 805 3013 ID.

334 3032 348 3051 ³
386 3033 520 3062 deesse.
535 3040 577 3059 ne
596 3033 721 3060 nostris
739 3034 912 3060 deessent.
927 3032 975 3060 ID.
