2020 3342
236 204 309 241 598
504 252 507 254 Ι
784 205 1009 241 L1TTERAE
1037 216 1396 248 QUADRIMESTRES

239 302 385 343 frater
407 314 433 342 a
455 302 502 342 P.
537 301 734 341 Rectore
766 301 773 319 ¹
807 301 1064 341 aduocatus
1092 303 1202 342 naui
1235 302 1415 342 Mutina
1445 302 1712 342 Ferrariam
1741 303 1867 342 ueni-

241 380 332 424 ret,
370 374 416 413 in
442 373 675 413 hominem
706 372 968 423 quemdam,
1006 384 1153 412 annos
1189 385 1303 424 pene
1340 373 1652 424 quadraginta
1681 379 1861 420 natum,

240 444 426 484 nomine
447 450 578 483 tenus
611 444 930 493 christianum,
968 444 1142 493 incidit,
1181 444 1257 495 qui
1292 444 1405 483 nihil
1439 455 1630 495 prorsus
1661 443 1717 483 de
1739 443 1855 483 chri-

238 516 391 554 stiana
412 515 498 555 fide
521 526 575 554 ac
597 515 821 565 religione
843 521 1052 564 nouerat,
1076 527 1161 554 nec
1183 516 1443 554 orationem
1465 515 1650 566 quidem
1668 515 1860 554 domini-

236 597 340 625 cam
361 586 562 635 tenebat,
587 597 672 625 nec
695 597 742 625 se
764 587 898 636 signo
916 592 1106 625 sanctae
1123 587 1276 626 crucis
1294 586 1473 626 munire
1485 586 1678 635 sciebat,
1703 584 1862 625 sacro-

239 663 401 696 sancta
428 656 666 696 Ecclesiae
693 657 902 696 instituta
933 662 1249 705 sacramenta,
1280 657 1410 705 ritus,
1442 658 1592 707 leges,
1627 667 1863 696 caeremo-

239 727 433 777 niasque
454 727 717 777 spernebat;
742 726 1025 777 firmiterque
1055 727 1357 766 asseuerabat
1388 739 1437 766 se
1466 738 1704 777 nunquam
1726 726 1864 766 mori-

238 804 409 847 turum,
429 809 455 837 a
473 798 614 837 caede
632 798 882 837 multorum
897 809 988 836 non
1005 798 1198 847 alienus,
1216 798 1428 837 omnibus
1444 798 1570 837 uitiis
1583 797 1864 848 flagitiisque

237 875 489 919 coopertus
510 875 624 918 erat;
648 880 783 918 quem
807 880 911 908 cum
935 868 1078 907 frater
1097 868 1199 908 fidei
1223 868 1445 908 articulos
1463 868 1740 918 edocuisset,
1760 879 1865 907 eum

240 941 405 979 timore
426 951 681 991 poenarum
712 951 765 978 ac
794 939 966 979 Christi
995 951 1153 995 amore
1175 939 1238 979 ad
1266 939 1437 978 bonam
1464 939 1649 990 frugem
1671 951 1697 978 a
1718 950 1865 989 praua

237 1011 334 1050 uita
355 1011 608 1060 reuocauit,
634 1011 904 1061 sceleraque
926 1016 939 1035 ‘2
960 1010 1248 1061 deploranda
1272 1010 1480 1060 adduxit,
1506 1011 1583 1061 qui
1604 1022 1653 1050 se
1688 1009 1864 1050 confes·

237 1092 399 1121 surum
420 1081 645 1132 promisit.
680 1081 752 1121 Ex
773 1081 860 1120 hoc
894 1081 1116 1131 gaudium
1152 1082 1316 1131 ingens
1346 1081 1570 1132 percepit,
1607 1081 1732 1131 quod
1760 1092 1866 1120 cum

238 1153 392 1193 celare
412 1164 505 1192 non
525 1159 696 1203 posset,
721 1152 868 1202 signis
891 1152 1166 1203 quibusdam
1189 1152 1474 1201 declarabat,
1509 1152 1647 1191 aedes
1675 1158 1865 1192 nostras

240 1225 445 1263 maxima
476 1224 715 1274 diligentia
751 1224 1016 1274 quaerebat,
1055 1223 1247 1263 fratrem
1283 1223 1411 1262 miris
1443 1223 1591 1263 modis
1613 1225 1860 1274 extollens,

239 1306 378 1346 saepe
400 1295 477 1334 illa
505 1294 716 1334 iterabat.
758 1293 820 1334 “O
857 1294 1133 1345 Apostolum
1169 1294 1271 1343 Dei,
1297 1306 1322 1333 o
1344 1294 1577 1333 hominem
1612 1294 1866 1344 benignum

238 1372 379 1417 atque
402 1366 696 1415 humanum„⁷

320 1436 405 1476 His
426 1436 587 1476 diebus
608 1437 697 1476 duo
719 1436 909 1476 hebraei
932 1436 1153 1487 baptizati
1176 1442 1280 1475 sunt
1308 1447 1450 1487 opera
1468 1436 1665 1475 fratrum
1687 1442 1865 1476 nostro-

244 1520 361 1557 rum,
392 1508 671 1559 plurimique
702 1507 761 1547 ad
787 1507 909 1547 idem
939 1519 1105 1546 munus
1135 1507 1480 1558 suscipiendum
1508 1514 1864 1558 praeparantur,

242 1580 387 1636 uariis
408 1579 456 1618 in
486 1579 601 1618 locis
624 1578 811 1619 detenti:
838 1579 884 1618 in
915 1578 985 1618 his
1018 1579 1249 1629 quaedam
1280 1578 1456 1618 familia
1477 1579 1659 1629 integra
1683 1574 1883 1628 <mirum'

237 1650 395 1701 dictu),
426 1658 572 1701 pater,
611 1658 774 1700 mater,
804 1661 895 1689 una
925 1662 1029 1690 cum
1061 1650 1261 1701 quinque
1290 1650 1462 1695 liberis,
1494 1651 1688 1689 multum
1711 1655 1817 1689 sunt
1839 1662 1865 1688 a

239 1720 293 1761 R.-
317 1721 365 1761 P.
390 1720 589 1761 Rectore
620 1722 678 1760 ad
706 1721 1011 1760 christianam
1041 1721 1315 1771 religionem
1342 1719 1650 1771 profitendam
1670 1720 1864 1769 incensi,

239 1792 318 1843 qui
339 1792 500 1842 paucis
523 1798 626 1843 post
648 1792 808 1831 diebus
831 1791 894 1840 (ut
918 1791 1216 1839 arbitramur)
1248 1802 1435 1830 sacrum
1463 1791 1694 1842 baptisma
1723 1791 1865 1830 susci—

241 1863 384 1913 pient.
407 1863 526 1902 Nam
547 1863 696 1902 maior
719 1862 812 1901 fere
836 1863 969 1901 huius
992 1862 1196 1901 ciuitatis
1214 1874 1322 1913 pars
1340 1862 1523 1902 iudaica
1542 1869 1624 1910 est,
1646 1862 1733 1901 uiri
1751 1873 1864 1901 sane

240 1934 453 1984 corporis
474 1940 653 1973 statura
675 1933 1008 1985 praegrandes,
1034 1934 1290 1984 praeclaris
1315 1934 1489 1983 ingenii
1517 1933 1700 1973 dotibus
1727 1944 1862 1972 exor-

240 2005 351 2045 nati.
374 2005 495 2044 Hinc
516 2004 711 2044 fratrum
729 2004 861 2043 dolor
878 2016 933 2043 ac
951 2004 1107 2043 feruor
1125 2005 1171 2044 in
1188 2004 1286 2044 dies
1305 2012 1518 2054 augetur,
1538 2015 1643 2043 cum
1660 2010 1726 2043 tot
1748 2015 1862 2043 oues

240 2088 294 2115 ac
312 2077 429 2115 tales
451 2087 477 2114 a
500 2076 671 2116 Christi
693 2086 838 2125 grege
861 2076 1148 2123 aberrantes,
1178 2081 1221 2114 et
1249 2075 1304 2114 de
1332 2082 1460 2114 recta
1491 2075 1564 2114 uia
1596 2074 1858 2114 exorbitan-

241 2152 310 2186 tes
332 2147 535 2196 uideant‚
559 2154 607 2186 ut
630 2147 709 2186 uix
732 2158 836 2186 cum
857 2147 982 2185 foras
1013 2146 1141 2185 exire
1172 2146 1293 2195 licet,
1328 2146 1596 2196 lachrymas
1625 2145 1862 2185 continere

241 2218 438 2269 possint.

320 2288 478 2329 Solent
500 2289 578 2340 qui
599 2296 807 2328 nostrum
827 2289 1125 2340 frequentant
1161 2289 1384 2339 templum
1413 2299 1748 2338 saepenumero
1771 2298 1866 2327 mu-

242 2360 376 2400 lieres
398 2359 655 2411 impudicas
677 2366 721 2399 et
742 2360 866 2398 omni
888 2359 1172 2409 flagitiorum
1200 2370 1372 2410 genere
1401 2358 1650 2398 obstrictas
1680 2358 1863 2409 (quibus

242 2429 462 2470 Ferraria
498 2430 718 2480 abundat)
755 2431 813 2469 ad
850 2430 1159 2470 confessionis
1196 2429 1487 2469 salutiferum
1521 2434 1867 2468 sacramentum

242 2501 500 2551 adhortari3
524 2508 713 2552 propter
746 2501 870 2552 quod
902 2512 995 2540 non
1029 2501 1145 2540 satis
1166 2501 1281 2540 bene
1303 2512 1329 2539 a
1352 2500 1530 2539 ciuibus
1553 2500 1860 2550 accipiuntur,

239 2573 323 2612 sed
357 2573 616 2612 maledictis
651 2572 959 2623 conuitiisque
994 2572 1302 2621 incessuntur,
1341 2571 1418 2621 qui
1449 2577 1628 2610 tantum
1663 2571 1794 2609 abest
1816 2576 1867 2609 ut

244 2644 546 2689 ulciscantur,
571 2650 619 2682 ut
641 2643 783 2683 etiam
800 2643 982 2693 gratias
1004 2649 1163 2692 agant.

323 2713 563 2764 Quaedam
589 2714 804 2753 mulieres
832 2712 1213 2764 desperabundae
1235 2724 1284 2751 se
1313 2713 1358 2751 in
1388 2711 1563 2752 Padum
1594 2712 1866 2760 demergere

301 2968 310 2986 ¹
350 2968 384 2993 P.
401 2968 527 3000 Joanne
545 2969 573 2993 le
593 2966 751 2993 Pelletier
765 2966 1006 3000 (Pelletarius).

297 3017 311 3033 ·-'
351 3017 427 3041 Alia
445 3022 581 3040 manus:
599 3015 631 3040 et
648 3013 692 3039 ad
708 3013 842 3040 scelera
858 3013 1069 3046 deploranda
1086 3013 1238 3039 adduxit.
