<?xml version="1.0" encoding="UTF-8"?>
<!DOCTYPE html PUBLIC "-//W3C//DTD XHTML 1.0 Transitional//EN"
    "http://www.w3.org/TR/xhtml1/DTD/xhtml1-transitional.dtd">
<html xmlns="http://www.w3.org/1999/xhtml" xml:lang="en" lang="en">
 <head>
  <title>
</title>
<meta http-equiv="Content-Type" content="text/html;charset=utf-8" />
  <meta name='ocr-system' content='tesseract 3.04.00' />
  <meta name='ocr-capabilities' content='ocr_page ocr_carea ocr_par ocr_line ocrx_word'/>
</head>
<body>
  <div class='ocr_page' id='page_1' title='image "./litteraequadrime16lain/litteraequadrime16lain_0546.png"; bbox 0 0 2020 3342; ppageno 0'>
   <div class='ocr_carea' id='block_1_1' title="bbox 274 191 1400 236">
    <p class='ocr_par' dir='ltr' id='par_1_1' title="bbox 274 191 1400 236">
     <span class='ocr_line' id='line_1_1' title="bbox 274 191 1400 236; baseline 0.001 -7"><span class='ocrx_word' id='word_1_1' title='bbox 274 191 344 229; x_wconf 70' lang='lat'>540</span> <span class='ocrx_word' id='word_1_2' title='bbox 790 191 1014 229; x_wconf 78' lang='lat' dir='ltr'>LITTERAE</span> <span class='ocrx_word' id='word_1_3' title='bbox 1042 202 1400 236; x_wconf 81' lang='lat' dir='ltr'>QUADRIMESTRES</span> 
     </span>
    </p>
   </div>
   <div class='ocr_carea' id='block_1_2' title="bbox 258 287 1902 2681">
    <p class='ocr_par' dir='ltr' id='par_1_2' title="bbox 273 287 1900 410">
     <span class='ocr_line' id='line_1_2' title="bbox 275 287 1900 345; baseline 0.001 -17"><span class='ocrx_word' id='word_1_4' title='bbox 275 287 399 328; x_wconf 90' lang='lat' dir='ltr'>dium</span> <span class='ocrx_word' id='word_1_5' title='bbox 439 287 445 306; x_wconf 88' lang='lat'>¹</span> <span class='ocrx_word' id='word_1_6' title='bbox 483 295 710 339; x_wconf 88' lang='lat' dir='ltr'>penetrat,</span> <span class='ocrx_word' id='word_1_7' title='bbox 750 289 1021 345; x_wconf 89' lang='lat' dir='ltr'>pertingens</span> <span class='ocrx_word' id='word_1_8' title='bbox 1053 299 1200 339; x_wconf 86' lang='lat' dir='ltr'>vsque</span> <span class='ocrx_word' id='word_1_9' title='bbox 1233 288 1292 328; x_wconf 89' lang='lat' dir='ltr'>ad</span> <span class='ocrx_word' id='word_1_10' title='bbox 1327 288 1602 328; x_wconf 89' lang='lat' dir='ltr'>diuisionem</span> <span class='ocrx_word' id='word_1_11' title='bbox 1639 289 1821 329; x_wconf 88' lang='lat' dir='ltr'>animae</span> <span class='ocrx_word' id='word_1_12' title='bbox 1855 296 1900 330; x_wconf 92' lang='lat' dir='ltr'>et</span> 
     </span>
     <span class='ocr_line' id='line_1_3' title="bbox 273 358 481 410; baseline -0.005 -12"><span class='ocrx_word' id='word_1_13' title='bbox 273 358 481 410; x_wconf 88' lang='lat' dir='ltr'>spiritus.</span> 
     </span>
    </p>

    <p class='ocr_par' dir='ltr' id='par_1_3' title="bbox 258 430 1902 2681">
     <span class='ocr_line' id='line_1_4' title="bbox 355 430 1900 481; baseline 0.001 -12"><span class='ocrx_word' id='word_1_14' title='bbox 355 430 482 480; x_wconf 83' lang='lat' dir='ltr'>Quae</span> <span class='ocrx_word' id='word_1_15' title='bbox 506 430 788 469; x_wconf 72' lang='lat' dir='ltr'>Academiae</span> <span class='ocrx_word' id='word_1_16' title='bbox 810 437 998 470; x_wconf 88' lang='lat' dir='ltr'>nostrae</span> <span class='ocrx_word' id='word_1_17' title='bbox 1020 430 1339 470; x_wconf 77' lang='lat' dir='ltr'>oeconomiam</span> <span class='ocrx_word' id='word_1_18' title='bbox 1366 436 1592 481; x_wconf 87' lang='lat' dir='ltr'>spectant,</span> <span class='ocrx_word' id='word_1_19' title='bbox 1629 442 1683 470; x_wconf 90' lang='lat' dir='ltr'>ea</span> <span class='ocrx_word' id='word_1_20' title='bbox 1715 430 1900 481; x_wconf 83' lang='lat' dir='ltr'>quidem</span> 
     </span>
     <span class='ocr_line' id='line_1_5' title="bbox 273 499 1901 551; baseline 0.001 -11"><span class='ocrx_word' id='word_1_21' title='bbox 273 500 456 540; x_wconf 88' lang='lat' dir='ltr'>diuinae</span> <span class='ocrx_word' id='word_1_22' title='bbox 479 500 805 540; x_wconf 82' lang='lat' dir='ltr'>Prouidentiae</span> <span class='ocrx_word' id='word_1_23' title='bbox 827 501 1158 551; x_wconf 77' lang='lat' dir='ltr'>benignitatem</span> <span class='ocrx_word' id='word_1_24' title='bbox 1190 512 1312 540; x_wconf 89' lang='lat' dir='ltr'>noua</span> <span class='ocrx_word' id='word_1_25' title='bbox 1343 501 1444 540; x_wconf 85' lang='lat' dir='ltr'>luce</span> <span class='ocrx_word' id='word_1_26' title='bbox 1475 499 1727 540; x_wconf 73' lang='lat' dir='ltr'>illustrant</span> <span class='ocrx_word' id='word_1_27' title='bbox 1757 501 1901 541; x_wconf 78' lang='lat' dir='ltr'>omni-</span> 
     </span>
     <span class='ocr_line' id='line_1_6' title="bbox 272 571 1902 624; baseline 0.002 -15"><span class='ocrx_word' id='word_1_28' title='bbox 272 572 444 621; x_wconf 73' lang='lat' dir='ltr'>busque</span> <span class='ocrx_word' id='word_1_29' title='bbox 462 571 474 588; x_wconf 71' lang='lat'>²*</span> <span class='ocrx_word' id='word_1_30' title='bbox 491 571 687 611; x_wconf 89' lang='lat' dir='ltr'>reddunt</span> <span class='ocrx_word' id='word_1_31' title='bbox 705 572 1020 622; x_wconf 79' lang='lat' dir='ltr'>conspicuam.</span> <span class='ocrx_word' id='word_1_32' title='bbox 1041 571 1133 612; x_wconf 84' lang='lat' dir='ltr'>Sub</span> <span class='ocrx_word' id='word_1_33' title='bbox 1151 571 1290 611; x_wconf 91' lang='lat' dir='ltr'>ferias</span> <span class='ocrx_word' id='word_1_34' title='bbox 1307 571 1579 611; x_wconf 82' lang='lat' dir='ltr'>Natiuitatis</span> <span class='ocrx_word' id='word_1_35' title='bbox 1599 571 1794 624; x_wconf 87' lang='lat' dir='ltr'>Joannis</span> <span class='ocrx_word' id='word_1_36' title='bbox 1814 572 1902 613; x_wconf 87' lang='lat' dir='ltr'>Ba-</span> 
     </span>
     <span class='ocr_line' id='line_1_7' title="bbox 273 640 1902 693; baseline 0.002 -13"><span class='ocrx_word' id='word_1_37' title='bbox 273 641 452 692; x_wconf 89' lang='lat' dir='ltr'>ptistae,</span> <span class='ocrx_word' id='word_1_38' title='bbox 477 640 615 681; x_wconf 87' lang='lat' dir='ltr'>Pater</span> <span class='ocrx_word' id='word_1_39' title='bbox 637 649 812 691; x_wconf 89' lang='lat' dir='ltr'>noster,</span> <span class='ocrx_word' id='word_1_40' title='bbox 838 642 1047 693; x_wconf 82' lang='lat' dir='ltr'>Baptista</span> <span class='ocrx_word' id='word_1_41' title='bbox 1070 642 1307 692; x_wconf 89' lang='lat' dir='ltr'>Violaeus,</span> <span class='ocrx_word' id='word_1_42' title='bbox 1327 653 1434 682; x_wconf 93' lang='lat' dir='ltr'>cum</span> <span class='ocrx_word' id='word_1_43' title='bbox 1458 641 1658 683; x_wconf 81' lang='lat' dir='ltr'>fratrum</span> <span class='ocrx_word' id='word_1_44' title='bbox 1680 643 1902 683; x_wconf 91' lang='lat' dir='ltr'>comitatu</span> 
     </span>
     <span class='ocr_line' id='line_1_8' title="bbox 272 711 1899 764; baseline 0.001 -13"><span class='ocrx_word' id='word_1_45' title='bbox 272 711 516 751; x_wconf 85' lang='lat' dir='ltr'>Biliomum</span> <span class='ocrx_word' id='word_1_46' title='bbox 538 713 762 763; x_wconf 89' lang='lat' dir='ltr'>peruenit.</span> <span class='ocrx_word' id='word_1_47' title='bbox 789 713 926 753; x_wconf 89' lang='lat' dir='ltr'>Ciues</span> <span class='ocrx_word' id='word_1_48' title='bbox 943 713 1001 753; x_wconf 88' lang='lat' dir='ltr'>ad</span> <span class='ocrx_word' id='word_1_49' title='bbox 1018 713 1256 764; x_wconf 79' lang='lat' dir='ltr'>gymnasii</span> <span class='ocrx_word' id='word_1_50' title='bbox 1274 713 1320 753; x_wconf 90' lang='lat' dir='ltr'>in</span> <span class='ocrx_word' id='word_1_51' title='bbox 1338 713 1579 764; x_wconf 83' lang='lat' dir='ltr'>proximas</span> <span class='ocrx_word' id='word_1_52' title='bbox 1596 713 1899 763; x_wconf 90' lang='lat' dir='ltr'>Magdalenes</span> 
     </span>
     <span class='ocr_line' id='line_1_9' title="bbox 271 782 1901 836; baseline 0.001 -14"><span class='ocrx_word' id='word_1_53' title='bbox 271 782 409 822; x_wconf 89' lang='lat' dir='ltr'>ferias</span> <span class='ocrx_word' id='word_1_54' title='bbox 432 784 840 834; x_wconf 87' lang='lat' dir='ltr'>praeparationem</span> <span class='ocrx_word' id='word_1_55' title='bbox 861 796 910 824; x_wconf 93' lang='lat' dir='ltr'>se</span> <span class='ocrx_word' id='word_1_56' title='bbox 931 784 1183 834; x_wconf 88' lang='lat' dir='ltr'>accingunt</span> <span class='ocrx_word' id='word_1_57' title='bbox 1211 784 1306 824; x_wconf 91' lang='lat' dir='ltr'>suis</span> <span class='ocrx_word' id='word_1_58' title='bbox 1327 784 1595 835; x_wconf 88' lang='lat' dir='ltr'>impendiis,</span> <span class='ocrx_word' id='word_1_59' title='bbox 1619 796 1901 836; x_wconf 88' lang='lat' dir='ltr'>quamquam</span> 
     </span>
     <span class='ocr_line' id='line_1_10' title="bbox 271 853 1902 906; baseline 0.002 -14"><span class='ocrx_word' id='word_1_60' title='bbox 271 854 412 901; x_wconf 88' lang='lat' dir='ltr'>locus,</span> <span class='ocrx_word' id='word_1_61' title='bbox 437 853 625 894; x_wconf 91' lang='lat' dir='ltr'>scholae</span> <span class='ocrx_word' id='word_1_62' title='bbox 646 854 882 894; x_wconf 78' lang='lat' dir='ltr'>exercitiis</span> <span class='ocrx_word' id='word_1_63' title='bbox 904 854 1042 895; x_wconf 92' lang='lat' dir='ltr'>modo</span> <span class='ocrx_word' id='word_1_64' title='bbox 1067 855 1344 904; x_wconf 88' lang='lat' dir='ltr'>destinatus,</span> <span class='ocrx_word' id='word_1_65' title='bbox 1370 854 1428 894; x_wconf 90' lang='lat' dir='ltr'>ad</span> <span class='ocrx_word' id='word_1_66' title='bbox 1451 861 1632 906; x_wconf 92' lang='lat' dir='ltr'>tempus</span> <span class='ocrx_word' id='word_1_67' title='bbox 1660 855 1902 896; x_wconf 87' lang='lat' dir='ltr'>dumtaxat</span> 
     </span>
     <span class='ocr_line' id='line_1_11' title="bbox 271 924 1901 977; baseline 0.001 -13"><span class='ocrx_word' id='word_1_68' title='bbox 271 924 375 964; x_wconf 90' lang='lat' dir='ltr'>huic</span> <span class='ocrx_word' id='word_1_69' title='bbox 397 925 500 964; x_wconf 87' lang='lat' dir='ltr'>vsui</span> <span class='ocrx_word' id='word_1_70' title='bbox 521 925 710 965; x_wconf 90' lang='lat' dir='ltr'>seruiat.</span> <span class='ocrx_word' id='word_1_71' title='bbox 734 925 799 965; x_wconf 89' lang='lat' dir='ltr'>Re</span> <span class='ocrx_word' id='word_1_72' title='bbox 821 926 944 965; x_wconf 91' lang='lat' dir='ltr'>omni</span> <span class='ocrx_word' id='word_1_73' title='bbox 962 926 1103 977; x_wconf 91' lang='lat' dir='ltr'>probe</span> <span class='ocrx_word' id='word_1_74' title='bbox 1126 925 1352 976; x_wconf 85' lang='lat' dir='ltr'>confecta,</span> <span class='ocrx_word' id='word_1_75' title='bbox 1388 925 1577 966; x_wconf 89' lang='lat' dir='ltr'>confluit</span> <span class='ocrx_word' id='word_1_76' title='bbox 1607 931 1734 966; x_wconf 90' lang='lat' dir='ltr'>tanta</span> <span class='ocrx_word' id='word_1_77' title='bbox 1769 926 1901 966; x_wconf 91' lang='lat' dir='ltr'>disci-</span> 
     </span>
     <span class='ocr_line' id='line_1_12' title="bbox 270 995 1901 1049; baseline 0.001 -14"><span class='ocrx_word' id='word_1_78' title='bbox 270 996 483 1046; x_wconf 88' lang='lat' dir='ltr'>pulorum</span> <span class='ocrx_word' id='word_1_79' title='bbox 506 997 656 1046; x_wconf 91' lang='lat' dir='ltr'>turba,</span> <span class='ocrx_word' id='word_1_80' title='bbox 681 1003 729 1036; x_wconf 88' lang='lat' dir='ltr'>vt</span> <span class='ocrx_word' id='word_1_81' title='bbox 750 997 1050 1048; x_wconf 89' lang='lat' dir='ltr'>gymnasium</span> <span class='ocrx_word' id='word_1_82' title='bbox 1073 1007 1213 1047; x_wconf 83' lang='lat' dir='ltr'>aegre</span> <span class='ocrx_word' id='word_1_83' title='bbox 1236 1008 1387 1048; x_wconf 83' lang='lat' dir='ltr'>capax</span> <span class='ocrx_word' id='word_1_84' title='bbox 1411 996 1484 1036; x_wconf 90' lang='lat' dir='ltr'>sit.</span> <span class='ocrx_word' id='word_1_85' title='bbox 1509 995 1627 1036; x_wconf 87' lang='lat' dir='ltr'>Nam</span> <span class='ocrx_word' id='word_1_86' title='bbox 1650 996 1746 1037; x_wconf 90' lang='lat' dir='ltr'>fere</span> <span class='ocrx_word' id='word_1_87' title='bbox 1774 997 1901 1049; x_wconf 89' lang='lat' dir='ltr'>quin-</span> 
     </span>
     <span class='ocr_line' id='line_1_13' title="bbox 269 1066 1900 1119; baseline 0.001 -13"><span class='ocrx_word' id='word_1_88' title='bbox 269 1066 396 1116; x_wconf 83' lang='lat' dir='ltr'>genti</span> <span class='ocrx_word' id='word_1_89' title='bbox 419 1067 641 1106; x_wconf 75' lang='lat' dir='ltr'>classicos</span> <span class='ocrx_word' id='word_1_90' title='bbox 671 1075 999 1118; x_wconf 82' lang='lat' dir='ltr'>praeceptores</span> <span class='ocrx_word' id='word_1_91' title='bbox 1027 1066 1041 1085; x_wconf 81' lang='lat'>³</span> <span class='ocrx_word' id='word_1_92' title='bbox 1071 1067 1171 1119; x_wconf 87' lang='lat' dir='ltr'>(qui</span> <span class='ocrx_word' id='word_1_93' title='bbox 1206 1067 1406 1119; x_wconf 90' lang='lat' dir='ltr'>quinque</span> <span class='ocrx_word' id='word_1_94' title='bbox 1436 1074 1541 1107; x_wconf 89' lang='lat' dir='ltr'>sunt</span> <span class='ocrx_word' id='word_1_95' title='bbox 1572 1069 1787 1109; x_wconf 76' lang='lat' dir='ltr'>numero)</span> <span class='ocrx_word' id='word_1_96' title='bbox 1816 1067 1900 1108; x_wconf 87' lang='lat' dir='ltr'>fre·</span> 
     </span>
     <span class='ocr_line' id='line_1_14' title="bbox 271 1138 1900 1189; baseline 0.002 -13"><span class='ocrx_word' id='word_1_97' title='bbox 271 1143 507 1188; x_wconf 85' lang='lat' dir='ltr'>quentant‚</span> <span class='ocrx_word' id='word_1_98' title='bbox 533 1138 740 1189; x_wconf 77' lang='lat' dir='ltr'>exceptis</span> <span class='ocrx_word' id='word_1_99' title='bbox 762 1139 847 1188; x_wconf 83' lang='lat' dir='ltr'>his,</span> <span class='ocrx_word' id='word_1_100' title='bbox 872 1139 948 1189; x_wconf 88' lang='lat' dir='ltr'>qui</span> <span class='ocrx_word' id='word_1_101' title='bbox 972 1138 1290 1188; x_wconf 85' lang='lat' dir='ltr'>theologicam</span> <span class='ocrx_word' id='word_1_102' title='bbox 1313 1138 1561 1179; x_wconf 91' lang='lat' dir='ltr'>lectionem</span> <span class='ocrx_word' id='word_1_103' title='bbox 1584 1139 1830 1189; x_wconf 89' lang='lat' dir='ltr'>accedunt,</span> <span class='ocrx_word' id='word_1_104' title='bbox 1856 1145 1900 1180; x_wconf 92' lang='lat' dir='ltr'>et</span> 
     </span>
     <span class='ocr_line' id='line_1_15' title="bbox 271 1207 1900 1262; baseline 0.001 -14"><span class='ocrx_word' id='word_1_105' title='bbox 271 1207 632 1260; x_wconf 83' lang='lat' dir='ltr'>Alphabetariis,</span> <span class='ocrx_word' id='word_1_106' title='bbox 657 1210 734 1260; x_wconf 91' lang='lat' dir='ltr'>qui</span> <span class='ocrx_word' id='word_1_107' title='bbox 757 1207 877 1249; x_wconf 71' lang='lat' dir='ltr'>intra</span> <span class='ocrx_word' id='word_1_108' title='bbox 901 1209 1109 1260; x_wconf 86' lang='lat' dir='ltr'>priuatos</span> <span class='ocrx_word' id='word_1_109' title='bbox 1131 1209 1355 1260; x_wconf 88' lang='lat' dir='ltr'>parietes,</span> <span class='ocrx_word' id='word_1_110' title='bbox 1378 1209 1642 1260; x_wconf 86' lang='lat' dir='ltr'>paedagogi</span> <span class='ocrx_word' id='word_1_111' title='bbox 1664 1210 1735 1250; x_wconf 92' lang='lat' dir='ltr'>sui</span> <span class='ocrx_word' id='word_1_112' title='bbox 1758 1221 1900 1262; x_wconf 88' lang='lat' dir='ltr'>opera</span> 
     </span>
     <span class='ocr_line' id='line_1_16' title="bbox 270 1279 1894 1331; baseline 0.001 -12"><span class='ocrx_word' id='word_1_113' title='bbox 270 1285 475 1319; x_wconf 80' lang='lat' dir='ltr'>Vtuntur.</span> <span class='ocrx_word' id='word_1_114' title='bbox 499 1279 729 1320; x_wconf 88' lang='lat' dir='ltr'>Numerus</span> <span class='ocrx_word' id='word_1_115' title='bbox 750 1280 975 1320; x_wconf 89' lang='lat' dir='ltr'>accrescit</span> <span class='ocrx_word' id='word_1_116' title='bbox 996 1280 1042 1320; x_wconf 87' lang='lat' dir='ltr'>in</span> <span class='ocrx_word' id='word_1_117' title='bbox 1065 1280 1163 1321; x_wconf 91' lang='lat' dir='ltr'>dies</span> <span class='ocrx_word' id='word_1_118' title='bbox 1184 1280 1336 1329; x_wconf 87' lang='lat' dir='ltr'>magis</span> <span class='ocrx_word' id='word_1_119' title='bbox 1357 1291 1412 1320; x_wconf 87' lang='lat' dir='ltr'>ac</span> <span class='ocrx_word' id='word_1_120' title='bbox 1435 1280 1599 1331; x_wconf 89' lang='lat' dir='ltr'>magis,</span> <span class='ocrx_word' id='word_1_121' title='bbox 1634 1291 1894 1331; x_wconf 84' lang='lat' dir='ltr'>speramus-</span> 
     </span>
     <span class='ocr_line' id='line_1_17' title="bbox 270 1350 1898 1402; baseline 0.001 -12"><span class='ocrx_word' id='word_1_122' title='bbox 270 1361 357 1401; x_wconf 91' lang='lat' dir='ltr'>que</span> <span class='ocrx_word' id='word_1_123' title='bbox 374 1356 480 1391; x_wconf 88' lang='lat' dir='ltr'>ante</span> <span class='ocrx_word' id='word_1_124' title='bbox 498 1350 615 1391; x_wconf 89' lang='lat' dir='ltr'>festa</span> <span class='ocrx_word' id='word_1_125' title='bbox 634 1350 855 1391; x_wconf 87' lang='lat' dir='ltr'>Natalitia</span> <span class='ocrx_word' id='word_1_126' title='bbox 873 1351 1234 1402; x_wconf 86' lang='lat' dir='ltr'>frequentiorem</span> <span class='ocrx_word' id='word_1_127' title='bbox 1252 1357 1507 1391; x_wconf 88' lang='lat' dir='ltr'>cateruam.</span> <span class='ocrx_word' id='word_1_128' title='bbox 1526 1350 1740 1391; x_wconf 89' lang='lat' dir='ltr'>Delectat</span> <span class='ocrx_word' id='word_1_129' title='bbox 1758 1351 1898 1401; x_wconf 88' lang='lat' dir='ltr'>ciues,</span> 
     </span>
     <span class='ocr_line' id='line_1_18' title="bbox 271 1421 1900 1473; baseline 0.001 -12"><span class='ocrx_word' id='word_1_130' title='bbox 271 1427 407 1472; x_wconf 90' lang='lat' dir='ltr'>atque</span> <span class='ocrx_word' id='word_1_131' title='bbox 435 1421 551 1461; x_wconf 89' lang='lat' dir='ltr'>adeo</span> <span class='ocrx_word' id='word_1_132' title='bbox 579 1422 913 1461; x_wconf 85' lang='lat' dir='ltr'>canonicorum</span> <span class='ocrx_word' id='word_1_133' title='bbox 939 1421 1214 1472; x_wconf 85' lang='lat' dir='ltr'>Collegium,</span> <span class='ocrx_word' id='word_1_134' title='bbox 1245 1421 1578 1473; x_wconf 89' lang='lat' dir='ltr'>discipulorum</span> <span class='ocrx_word' id='word_1_135' title='bbox 1606 1428 1736 1462; x_wconf 89' lang='lat' dir='ltr'>tanta</span> <span class='ocrx_word' id='word_1_136' title='bbox 1764 1422 1900 1462; x_wconf 88' lang='lat' dir='ltr'>turba</span> 
     </span>
     <span class='ocr_line' id='line_1_19' title="bbox 270 1492 1900 1544; baseline 0.001 -12"><span class='ocrx_word' id='word_1_137' title='bbox 270 1492 430 1533; x_wconf 91' lang='lat' dir='ltr'>diebus</span> <span class='ocrx_word' id='word_1_138' title='bbox 452 1492 648 1543; x_wconf 89' lang='lat' dir='ltr'>singulis</span> <span class='ocrx_word' id='word_1_139' title='bbox 676 1498 1030 1532; x_wconf 88' lang='lat' dir='ltr'>sacrosanctum</span> <span class='ocrx_word' id='word_1_140' title='bbox 1059 1492 1231 1532; x_wconf 90' lang='lat' dir='ltr'>Missae</span> <span class='ocrx_word' id='word_1_141' title='bbox 1260 1492 1543 1533; x_wconf 89' lang='lat' dir='ltr'>sacrificium</span> <span class='ocrx_word' id='word_1_142' title='bbox 1574 1492 1760 1533; x_wconf 89' lang='lat' dir='ltr'>insolita</span> <span class='ocrx_word' id='word_1_143' title='bbox 1791 1504 1900 1544; x_wconf 88' lang='lat' dir='ltr'>qua·</span> 
     </span>
     <span class='ocr_line' id='line_1_20' title="bbox 269 1563 1894 1615; baseline 0.001 -12"><span class='ocrx_word' id='word_1_144' title='bbox 269 1563 375 1603; x_wconf 89' lang='lat' dir='ltr'>dam</span> <span class='ocrx_word' id='word_1_145' title='bbox 397 1563 625 1603; x_wconf 87' lang='lat' dir='ltr'>modestia</span> <span class='ocrx_word' id='word_1_146' title='bbox 646 1563 961 1615; x_wconf 86' lang='lat' dir='ltr'>frequentans,</span> <span class='ocrx_word' id='word_1_147' title='bbox 984 1563 1058 1603; x_wconf 82' lang='lat' dir='ltr'>eui</span> <span class='ocrx_word' id='word_1_148' title='bbox 1079 1563 1296 1615; x_wconf 86' lang='lat' dir='ltr'>frequens</span> <span class='ocrx_word' id='word_1_149' title='bbox 1323 1563 1561 1604; x_wconf 91' lang='lat' dir='ltr'>hominum</span> <span class='ocrx_word' id='word_1_150' title='bbox 1591 1570 1754 1604; x_wconf 90' lang='lat' dir='ltr'>coetus</span> <span class='ocrx_word' id='word_1_151' title='bbox 1785 1563 1894 1604; x_wconf 90' lang='lat' dir='ltr'>assi-</span> 
     </span>
     <span class='ocr_line' id='line_1_21' title="bbox 269 1633 1896 1686; baseline 0 -12"><span class='ocrx_word' id='word_1_152' title='bbox 269 1635 347 1675; x_wconf 86' lang='lat' dir='ltr'>stit</span> <span class='ocrx_word' id='word_1_153' title='bbox 368 1634 482 1674; x_wconf 90' lang='lat' dir='ltr'>hora</span> <span class='ocrx_word' id='word_1_154' title='bbox 510 1634 705 1686; x_wconf 91' lang='lat' dir='ltr'>septima</span> <span class='ocrx_word' id='word_1_155' title='bbox 735 1634 978 1675; x_wconf 89' lang='lat' dir='ltr'>matutina.</span> <span class='ocrx_word' id='word_1_156' title='bbox 1008 1633 1187 1685; x_wconf 84' lang='lat' dir='ltr'>Singuli</span> <span class='ocrx_word' id='word_1_157' title='bbox 1218 1634 1506 1686; x_wconf 90' lang='lat' dir='ltr'>professores</span> <span class='ocrx_word' id='word_1_158' title='bbox 1534 1634 1720 1675; x_wconf 89' lang='lat' dir='ltr'>classici</span> <span class='ocrx_word' id='word_1_159' title='bbox 1753 1634 1896 1675; x_wconf 89' lang='lat' dir='ltr'>horas</span> 
     </span>
     <span class='ocr_line' id='line_1_22' title="bbox 271 1705 1896 1757; baseline 0 -12"><span class='ocrx_word' id='word_1_160' title='bbox 271 1711 380 1755; x_wconf 88' lang='lat' dir='ltr'>tres,</span> <span class='ocrx_word' id='word_1_161' title='bbox 404 1705 573 1757; x_wconf 90' lang='lat' dir='ltr'>partim</span> <span class='ocrx_word' id='word_1_162' title='bbox 596 1712 838 1745; x_wconf 84' lang='lat' dir='ltr'>auctorum</span> <span class='ocrx_word' id='word_1_163' title='bbox 860 1705 1161 1755; x_wconf 89' lang='lat' dir='ltr'>enarrationi,</span> <span class='ocrx_word' id='word_1_164' title='bbox 1186 1705 1356 1756; x_wconf 88' lang='lat' dir='ltr'>partim</span> <span class='ocrx_word' id='word_1_165' title='bbox 1378 1705 1712 1757; x_wconf 89' lang='lat' dir='ltr'>discipulorum</span> <span class='ocrx_word' id='word_1_166' title='bbox 1734 1705 1780 1745; x_wconf 91' lang='lat' dir='ltr'>in</span> <span class='ocrx_word' id='word_1_167' title='bbox 1801 1716 1896 1746; x_wconf 86' lang='lat' dir='ltr'>mu-</span> 
     </span>
     <span class='ocr_line' id='line_1_23' title="bbox 270 1775 1898 1826; baseline 0 -10"><span class='ocrx_word' id='word_1_168' title='bbox 270 1777 360 1816; x_wconf 92' lang='lat' dir='ltr'>tuis</span> <span class='ocrx_word' id='word_1_169' title='bbox 381 1777 809 1817; x_wconf 85' lang='lat' dir='ltr'>concertationibus</span> <span class='ocrx_word' id='word_1_170' title='bbox 831 1776 1171 1824; x_wconf 81' lang='lat' dir='ltr'>exercitationi,</span> <span class='ocrx_word' id='word_1_171' title='bbox 1202 1782 1308 1816; x_wconf 90' lang='lat' dir='ltr'>ante</span> <span class='ocrx_word' id='word_1_172' title='bbox 1336 1775 1592 1826; x_wconf 86' lang='lat' dir='ltr'>meridiem,</span> <span class='ocrx_word' id='word_1_173' title='bbox 1623 1787 1678 1817; x_wconf 90' lang='lat' dir='ltr'>ac</span> <span class='ocrx_word' id='word_1_174' title='bbox 1707 1776 1898 1817; x_wconf 88' lang='lat' dir='ltr'>totidem</span> 
     </span>
     <span class='ocr_line' id='line_1_24' title="bbox 270 1846 1897 1900; baseline -0.001 -12"><span class='ocrx_word' id='word_1_175' title='bbox 270 1855 372 1899; x_wconf 88' lang='lat' dir='ltr'>post</span> <span class='ocrx_word' id='word_1_176' title='bbox 411 1848 658 1899; x_wconf 90' lang='lat' dir='ltr'>prandium</span> <span class='ocrx_word' id='word_1_177' title='bbox 692 1847 976 1899; x_wconf 87' lang='lat' dir='ltr'>impendunt.</span> <span class='ocrx_word' id='word_1_178' title='bbox 1028 1847 1284 1900; x_wconf 83' lang='lat' dir='ltr'>Primariae</span> <span class='ocrx_word' id='word_1_179' title='bbox 1331 1847 1471 1887; x_wconf 90' lang='lat' dir='ltr'>classi</span> <span class='ocrx_word' id='word_1_180' title='bbox 1517 1846 1781 1898; x_wconf 90' lang='lat' dir='ltr'>praefectus</span> <span class='ocrx_word' id='word_1_181' title='bbox 1829 1854 1897 1888; x_wconf 90' lang='lat' dir='ltr'>est</span> 
     </span>
     <span class='ocr_line' id='line_1_25' title="bbox 269 1917 1895 1969; baseline -0.001 -10"><span class='ocrx_word' id='word_1_182' title='bbox 269 1918 574 1959; x_wconf 88' lang='lat' dir='ltr'>Leonhardus</span> <span class='ocrx_word' id='word_1_183' title='bbox 595 1918 864 1968; x_wconf 86' lang='lat' dir='ltr'>Masserius,</span> <span class='ocrx_word' id='word_1_184' title='bbox 885 1918 976 1969; x_wconf 91' lang='lat' dir='ltr'>qui,</span> <span class='ocrx_word' id='word_1_185' title='bbox 997 1918 1145 1969; x_wconf 87' lang='lat' dir='ltr'>pridie</span> <span class='ocrx_word' id='word_1_186' title='bbox 1166 1917 1476 1958; x_wconf 86' lang='lat' dir='ltr'>inchoationis</span> <span class='ocrx_word' id='word_1_187' title='bbox 1498 1918 1772 1968; x_wconf 91' lang='lat' dir='ltr'>studiorum,</span> <span class='ocrx_word' id='word_1_188' title='bbox 1796 1928 1895 1958; x_wconf 84' lang='lat' dir='ltr'>ora-</span> 
     </span>
     <span class='ocr_line' id='line_1_26' title="bbox 270 1989 1898 2038; baseline -0.001 -8"><span class='ocrx_word' id='word_1_189' title='bbox 270 1991 441 2030; x_wconf 89' lang='lat' dir='ltr'>tionem</span> <span class='ocrx_word' id='word_1_190' title='bbox 463 1990 508 2029; x_wconf 90' lang='lat' dir='ltr'>in</span> <span class='ocrx_word' id='word_1_191' title='bbox 530 1990 758 2030; x_wconf 88' lang='lat' dir='ltr'>bonarum</span> <span class='ocrx_word' id='word_1_192' title='bbox 780 1990 950 2029; x_wconf 88' lang='lat' dir='ltr'>artium</span> <span class='ocrx_word' id='word_1_193' title='bbox 972 1989 1253 2038; x_wconf 89' lang='lat' dir='ltr'>encomium,</span> <span class='ocrx_word' id='word_1_194' title='bbox 1275 2000 1381 2029; x_wconf 90' lang='lat' dir='ltr'>cum</span> <span class='ocrx_word' id='word_1_195' title='bbox 1398 2000 1578 2029; x_wconf 90' lang='lat' dir='ltr'>summa</span> <span class='ocrx_word' id='word_1_196' title='bbox 1596 1989 1898 2029; x_wconf 77' lang='lat' dir='ltr'>circumstan-</span> 
     </span>
     <span class='ocr_line' id='line_1_27' title="bbox 272 2059 1898 2112; baseline -0.001 -11"><span class='ocrx_word' id='word_1_197' title='bbox 272 2061 329 2101; x_wconf 92' lang='lat' dir='ltr'>tis</span> <span class='ocrx_word' id='word_1_198' title='bbox 347 2073 548 2101; x_wconf 88' lang='lat' dir='ltr'>coronae</span> <span class='ocrx_word' id='word_1_199' title='bbox 569 2061 738 2112; x_wconf 87' lang='lat' dir='ltr'>gratia,</span> <span class='ocrx_word' id='word_1_200' title='bbox 763 2061 807 2100; x_wconf 91' lang='lat' dir='ltr'>in</span> <span class='ocrx_word' id='word_1_201' title='bbox 830 2072 1010 2101; x_wconf 89' lang='lat' dir='ltr'>summo</span> <span class='ocrx_word' id='word_1_202' title='bbox 1034 2062 1206 2112; x_wconf 90' lang='lat' dir='ltr'>templo</span> <span class='ocrx_word' id='word_1_203' title='bbox 1227 2060 1403 2100; x_wconf 88' lang='lat' dir='ltr'>habuit.</span> <span class='ocrx_word' id='word_1_204' title='bbox 1430 2059 1579 2100; x_wconf 84' lang='lat' dir='ltr'>Alteri</span> <span class='ocrx_word' id='word_1_205' title='bbox 1600 2066 1785 2111; x_wconf 88' lang='lat' dir='ltr'>praeest</span> <span class='ocrx_word' id='word_1_206' title='bbox 1808 2059 1898 2099; x_wconf 89' lang='lat' dir='ltr'>Do·</span> 
     </span>
     <span class='ocr_line' id='line_1_28' title="bbox 274 2130 1898 2182; baseline -0.001 -10"><span class='ocrx_word' id='word_1_207' title='bbox 274 2133 423 2172; x_wconf 89' lang='lat' dir='ltr'>minus</span> <span class='ocrx_word' id='word_1_208' title='bbox 444 2132 664 2172; x_wconf 88' lang='lat' dir='ltr'>Nicolaus</span> <span class='ocrx_word' id='word_1_209' title='bbox 693 2132 1042 2182; x_wconf 89' lang='lat' dir='ltr'>Lotharingius.</span> <span class='ocrx_word' id='word_1_210' title='bbox 1073 2132 1279 2172; x_wconf 88' lang='lat' dir='ltr'>Tertiam</span> <span class='ocrx_word' id='word_1_211' title='bbox 1309 2131 1604 2171; x_wconf 86' lang='lat' dir='ltr'>administrat</span> <span class='ocrx_word' id='word_1_212' title='bbox 1634 2130 1898 2170; x_wconf 90' lang='lat' dir='ltr'>Lodouicus</span> 
     </span>
     <span class='ocr_line' id='line_1_29' title="bbox 274 2201 1895 2254; baseline -0.001 -11"><span class='ocrx_word' id='word_1_213' title='bbox 274 2204 576 2244; x_wconf 86' lang='lat' dir='ltr'>Gerardinus.</span> <span class='ocrx_word' id='word_1_214' title='bbox 607 2203 782 2253; x_wconf 86' lang='lat' dir='ltr'>Quarto</span> <span class='ocrx_word' id='word_1_215' title='bbox 810 2203 960 2243; x_wconf 89' lang='lat' dir='ltr'>ordini</span> <span class='ocrx_word' id='word_1_216' title='bbox 983 2202 1217 2254; x_wconf 87' lang='lat' dir='ltr'>praesidet</span> <span class='ocrx_word' id='word_1_217' title='bbox 1236 2202 1439 2254; x_wconf 87' lang='lat' dir='ltr'>Jacobus</span> <span class='ocrx_word' id='word_1_218' title='bbox 1459 2201 1695 2242; x_wconf 88' lang='lat' dir='ltr'>Morellius</span> <span class='ocrx_word' id='word_1_219' title='bbox 1735 2202 1895 2242; x_wconf 84' lang='lat' dir='ltr'>Extre-</span> 
     </span>
     <span class='ocr_line' id='line_1_30' title="bbox 270 2272 1894 2325; baseline -0.002 -10"><span class='ocrx_word' id='word_1_220' title='bbox 270 2287 395 2315; x_wconf 90' lang='lat' dir='ltr'>mum</span> <span class='ocrx_word' id='word_1_221' title='bbox 417 2276 568 2314; x_wconf 92' lang='lat' dir='ltr'>locum</span> <span class='ocrx_word' id='word_1_222' title='bbox 591 2281 788 2325; x_wconf 83' lang='lat' dir='ltr'>occupat</span> <span class='ocrx_word' id='word_1_223' title='bbox 811 2273 1043 2314; x_wconf 85' lang='lat' dir='ltr'>Oliuerius</span> <span class='ocrx_word' id='word_1_224' title='bbox 1065 2273 1092 2323; x_wconf 64' lang='lat'>⁴,</span> <span class='ocrx_word' id='word_1_225' title='bbox 1122 2273 1308 2313; x_wconf 88' lang='lat' dir='ltr'>natione</span> <span class='ocrx_word' id='word_1_226' title='bbox 1330 2272 1570 2321; x_wconf 85' lang='lat' dir='ltr'>Picardus,</span> <span class='ocrx_word' id='word_1_227' title='bbox 1603 2272 1679 2324; x_wconf 90' lang='lat' dir='ltr'>qui</span> <span class='ocrx_word' id='word_1_228' title='bbox 1711 2284 1734 2312; x_wconf 93' lang='lat' dir='ltr'>e</span> <span class='ocrx_word' id='word_1_229' title='bbox 1762 2273 1894 2312; x_wconf 90' lang='lat' dir='ltr'>colle-</span> 
     </span>
     <span class='ocr_line' id='line_1_31' title="bbox 258 2338 1895 2397; baseline -0.001 -12"><span class='ocrx_word' id='word_1_230' title='bbox 258 2338 347 2397; x_wconf 89' lang='lat' dir='ltr'>gio</span> <span class='ocrx_word' id='word_1_231' title='bbox 370 2346 382 2364; x_wconf 78' lang='lat'>⁵</span> <span class='ocrx_word' id='word_1_232' title='bbox 404 2345 659 2385; x_wconf 86' lang='lat' dir='ltr'>Parisiensi</span> <span class='ocrx_word' id='word_1_233' title='bbox 681 2346 724 2385; x_wconf 90' lang='lat' dir='ltr'>in</span> <span class='ocrx_word' id='word_1_234' title='bbox 748 2345 1029 2385; x_wconf 81' lang='lat' dir='ltr'>Aruerniam</span> <span class='ocrx_word' id='word_1_235' title='bbox 1052 2344 1396 2395; x_wconf 87' lang='lat' dir='ltr'>commigrauit.</span> <span class='ocrx_word' id='word_1_236' title='bbox 1419 2343 1479 2383; x_wconf 90' lang='lat' dir='ltr'>Hi</span> <span class='ocrx_word' id='word_1_237' title='bbox 1510 2344 1653 2395; x_wconf 89' lang='lat' dir='ltr'>probe</span> <span class='ocrx_word' id='word_1_238' title='bbox 1683 2355 1766 2383; x_wconf 92' lang='lat' dir='ltr'>suo</span> <span class='ocrx_word' id='word_1_239' title='bbox 1797 2343 1895 2383; x_wconf 90' lang='lat' dir='ltr'>fun-</span> 
     </span>
     <span class='ocr_line' id='line_1_32' title="bbox 270 2410 1894 2468; baseline -0.002 -11"><span class='ocrx_word' id='word_1_240' title='bbox 270 2423 442 2467; x_wconf 86' lang='lat' dir='ltr'>guntur</span> <span class='ocrx_word' id='word_1_241' title='bbox 464 2429 668 2466; x_wconf 86' lang='lat' dir='ltr'>munere,</span> <span class='ocrx_word' id='word_1_242' title='bbox 693 2427 783 2468; x_wconf 91' lang='lat' dir='ltr'>quo</span> <span class='ocrx_word' id='word_1_243' title='bbox 806 2415 868 2463; x_wconf 87' lang='lat' dir='ltr'>fit,</span> <span class='ocrx_word' id='word_1_244' title='bbox 896 2423 944 2455; x_wconf 80' lang='lat' dir='ltr'>vt</span> <span class='ocrx_word' id='word_1_245' title='bbox 967 2417 1103 2466; x_wconf 91' lang='lat' dir='ltr'>longe</span> <span class='ocrx_word' id='word_1_246' title='bbox 1126 2410 1309 2466; x_wconf 86' lang='lat' dir='ltr'>lateque</span> <span class='ocrx_word' id='word_1_247' title='bbox 1331 2414 1577 2455; x_wconf 84' lang='lat' dir='ltr'>Societatis</span> <span class='ocrx_word' id='word_1_248' title='bbox 1603 2425 1761 2454; x_wconf 88' lang='lat' dir='ltr'>rumor</span> <span class='ocrx_word' id='word_1_249' title='bbox 1789 2425 1894 2454; x_wconf 91' lang='lat' dir='ltr'>cum</span> 
     </span>
     <span class='ocr_line' id='line_1_33' title="bbox 271 2484 1895 2538; baseline -0.002 -11"><span class='ocrx_word' id='word_1_250' title='bbox 271 2489 435 2527; x_wconf 85' lang='lat' dir='ltr'>illustri</span> <span class='ocrx_word' id='word_1_251' title='bbox 459 2488 630 2528; x_wconf 84' lang='lat' dir='ltr'>Christi</span> <span class='ocrx_word' id='word_1_252' title='bbox 653 2488 801 2538; x_wconf 86' lang='lat' dir='ltr'>gloria</span> <span class='ocrx_word' id='word_1_253' title='bbox 820 2490 1123 2538; x_wconf 67' lang='lat' dir='ltr'>propagetur</span> <span class='ocrx_word' id='word_1_254' title='bbox 1144 2485 1172 2526; x_wconf 68' lang='lat'>⁶.</span> <span class='ocrx_word' id='word_1_255' title='bbox 1197 2487 1297 2536; x_wconf 84' lang='lat' dir='ltr'>Ego</span> <span class='ocrx_word' id='word_1_256' title='bbox 1319 2486 1503 2537; x_wconf 92' lang='lat' dir='ltr'>quidem</span> <span class='ocrx_word' id='word_1_257' title='bbox 1521 2484 1566 2525; x_wconf 83' lang='lat' dir='ltr'>S.</span> <span class='ocrx_word' id='word_1_258' title='bbox 1587 2486 1740 2525; x_wconf 88' lang='lat' dir='ltr'>Lucae</span> <span class='ocrx_word' id='word_1_259' title='bbox 1759 2496 1895 2524; x_wconf 86' lang='lat' dir='ltr'>euan-</span> 
     </span>
     <span class='ocr_line' id='line_1_34' title="bbox 270 2555 1894 2609; baseline -0.002 -11"><span class='ocrx_word' id='word_1_260' title='bbox 270 2559 440 2608; x_wconf 83' lang='lat' dir='ltr'>gelium</span> <span class='ocrx_word' id='word_1_261' title='bbox 476 2571 533 2598; x_wconf 79' lang='lat' dir='ltr'>ex</span> <span class='ocrx_word' id='word_1_262' title='bbox 568 2558 778 2609; x_wconf 87' lang='lat' dir='ltr'>professo</span> <span class='ocrx_word' id='word_1_263' title='bbox 815 2569 1036 2597; x_wconf 86' lang='lat' dir='ltr'>enarrare</span> <span class='ocrx_word' id='word_1_264' title='bbox 1072 2568 1216 2608; x_wconf 91' lang='lat' dir='ltr'>pergo</span> <span class='ocrx_word' id='word_1_265' title='bbox 1251 2568 1357 2596; x_wconf 90' lang='lat' dir='ltr'>cum</span> <span class='ocrx_word' id='word_1_266' title='bbox 1397 2555 1661 2596; x_wconf 86' lang='lat' dir='ltr'>auditorum</span> <span class='ocrx_word' id='word_1_267' title='bbox 1694 2555 1894 2606; x_wconf 91' lang='lat' dir='ltr'>benigno</span> 
     </span>
     <span class='ocr_line' id='line_1_35' title="bbox 272 2626 1894 2681; baseline -0.002 -12"><span class='ocrx_word' id='word_1_268' title='bbox 272 2631 513 2681; x_wconf 87' lang='lat' dir='ltr'>applausu.</span> <span class='ocrx_word' id='word_1_269' title='bbox 540 2629 674 2670; x_wconf 90' lang='lat' dir='ltr'>Certe</span> <span class='ocrx_word' id='word_1_270' title='bbox 697 2629 1092 2669; x_wconf 85' lang='lat' dir='ltr'>cumulatissimus</span> <span class='ocrx_word' id='word_1_271' title='bbox 1115 2628 1159 2667; x_wconf 90' lang='lat' dir='ltr'>in</span> <span class='ocrx_word' id='word_1_272' title='bbox 1182 2627 1354 2668; x_wconf 90' lang='lat' dir='ltr'>Christi</span> <span class='ocrx_word' id='word_1_273' title='bbox 1376 2627 1594 2667; x_wconf 90' lang='lat' dir='ltr'>horreum</span> <span class='ocrx_word' id='word_1_274' title='bbox 1623 2626 1795 2666; x_wconf 83' lang='lat' dir='ltr'>nostris</span> <span class='ocrx_word' id='word_1_275' title='bbox 1824 2636 1894 2665; x_wconf 89' lang='lat' dir='ltr'>su-</span> 
     </span>
    </p>
   </div>
   <div class='ocr_carea' id='block_1_3' title="bbox 288 2718 547 2723">
    <p class='ocr_par' dir='ltr' id='par_1_4' title="bbox 288 2718 547 2723">
     <span class='ocr_line' id='line_1_36' title="bbox 288 2718 547 2723; baseline 0 0"><span class='ocrx_word' id='word_1_276' title='bbox 288 2718 547 2723; x_wconf 95' lang='lat' dir='ltr'> </span> 
     </span>
    </p>
   </div>
   <div class='ocr_carea' id='block_1_4' title="bbox 322 2764 1765 3041">
    <p class='ocr_par' dir='ltr' id='par_1_5' title="bbox 325 2764 1090 2801">
     <span class='ocr_line' id='line_1_37' title="bbox 325 2764 1090 2801; baseline -0.004 -8"><span class='ocrx_word' id='word_1_277' title='bbox 325 2767 333 2785; x_wconf 80' lang='lat'><strong>¹</strong></span> <span class='ocrx_word' id='word_1_278' title='bbox 374 2771 439 2801; x_wconf 78' lang='lat' dir='ltr'>per</span> <span class='ocrx_word' id='word_1_279' title='bbox 454 2767 570 2801; x_wconf 80' lang='lat' dir='ltr'>ipsius</span> <span class='ocrx_word' id='word_1_280' title='bbox 585 2766 740 2799; x_wconf 78' lang='lat' dir='ltr'>gratiam</span> <span class='ocrx_word' id='word_1_281' title='bbox 758 2765 889 2793; x_wconf 88' lang='lat' dir='ltr'>addidit</span> <span class='ocrx_word' id='word_1_282' title='bbox 914 2764 1090 2792; x_wconf 69' lang='lat' dir='ltr'>Polaticus.</span> 
     </span>
    </p>

    <p class='ocr_par' dir='ltr' id='par_1_6' title="bbox 324 2814 601 2842">
     <span class='ocr_line' id='line_1_38' title="bbox 324 2814 601 2842; baseline 0 -1"><span class='ocrx_word' id='word_1_283' title='bbox 324 2816 336 2834; x_wconf 63' lang='lat'>*2</span> <span class='ocrx_word' id='word_1_284' title='bbox 377 2815 549 2842; x_wconf 64' lang='lat' dir='ltr'>omnibus.</span> <span class='ocrx_word' id='word_1_285' title='bbox 564 2814 601 2841; x_wconf 79' lang='lat' dir='ltr'>lo</span> 
     </span>
    </p>

    <p class='ocr_par' dir='ltr' id='par_1_7' title="bbox 323 2862 832 2897">
     <span class='ocr_line' id='line_1_39' title="bbox 323 2862 832 2897; baseline 0 -7"><span class='ocrx_word' id='word_1_286' title='bbox 323 2864 336 2883; x_wconf 79' lang='lat'>3</span> <span class='ocrx_word' id='word_1_287' title='bbox 372 2867 613 2897; x_wconf 82' lang='lat' dir='ltr'>praeceptores</span> <span class='ocrx_word' id='word_1_288' title='bbox 626 2865 772 2889; x_wconf 65' lang='lat' dir='ltr'>nostros.</span> <span class='ocrx_word' id='word_1_289' title='bbox 785 2862 832 2890; x_wconf 79' lang='lat'>10.</span> 
     </span>
    </p>

    <p class='ocr_par' dir='ltr' id='par_1_8' title="bbox 324 2910 1264 2944">
     <span class='ocr_line' id='line_1_40' title="bbox 324 2910 1264 2944; baseline -0.002 -7"><span class='ocrx_word' id='word_1_290' title='bbox 324 2913 337 2932; x_wconf 39' lang='lat'>*¹*</span> <span class='ocrx_word' id='word_1_291' title='bbox 376 2910 547 2938; x_wconf 84' lang='lat' dir='ltr'>Oliverius</span> <span class='ocrx_word' id='word_1_292' title='bbox 563 2910 756 2937; x_wconf 82' lang='lat' dir='ltr'>Hameleus.</span> <span class='ocrx_word' id='word_1_293' title='bbox 773 2910 860 2936; x_wconf 85' lang='lat' dir='ltr'>Vide</span> <span class='ocrx_word' id='word_1_294' title='bbox 876 2913 1187 2944; x_wconf 72' lang='lat' dir='ltr'>supra.t.1¹1,pag.</span> <span class='ocrx_word' id='word_1_295' title='bbox 1203 2910 1264 2936; x_wconf 66' lang='lat'>541.</span> 
     </span>
    </p>

    <p class='ocr_par' dir='ltr' id='par_1_9' title="bbox 324 2957 864 2992">
     <span class='ocr_line' id='line_1_41' title="bbox 324 2957 864 2992; baseline -0.004 -6"><span class='ocrx_word' id='word_1_296' title='bbox 324 2959 337 2977; x_wconf 66' lang='lat'>⁵</span> <span class='ocrx_word' id='word_1_297' title='bbox 375 2959 520 2992; x_wconf 77' lang='lat' dir='ltr'>collegio</span> <span class='ocrx_word' id='word_1_298' title='bbox 536 2959 662 2985; x_wconf 80' lang='lat' dir='ltr'>nostro.</span> <span class='ocrx_word' id='word_1_299' title='bbox 680 2957 864 2984; x_wconf 43' lang='lat' dir='ltr'>Poma-crs.</span> 
     </span>
    </p>

    <p class='ocr_par' dir='ltr' id='par_1_10' title="bbox 322 3001 1765 3041">
     <span class='ocr_line' id='line_1_42' title="bbox 322 3001 1765 3041; baseline -0.003 -9"><span class='ocrx_word' id='word_1_300' title='bbox 322 3004 334 3023; x_wconf 66' lang='grc' dir='ltr'>ὅ</span> <span class='ocrx_word' id='word_1_301' title='bbox 374 3006 595 3040; x_wconf 76' lang='lat' dir='ltr'>Propageeur</span> <span class='ocrx_word' id='word_1_302' title='bbox 611 3006 795 3039; x_wconf 84' lang='lat' dir='ltr'>scripserat</span> <span class='ocrx_word' id='word_1_303' title='bbox 809 3004 1039 3041; x_wconf 81' lang='lat' dir='ltr'>Clayssonius;</span> <span class='ocrx_word' id='word_1_304' title='bbox 1057 3004 1113 3031; x_wconf 82' lang='lat' dir='ltr'>sed</span> <span class='ocrx_word' id='word_1_305' title='bbox 1131 3004 1212 3032; x_wconf 87' lang='lat' dir='ltr'>illud</span> <span class='ocrx_word' id='word_1_306' title='bbox 1228 3003 1355 3031; x_wconf 79' lang='lat' dir='ltr'>delevit</span> <span class='ocrx_word' id='word_1_307' title='bbox 1373 3003 1538 3030; x_wconf 83' lang='lat' dir='ltr'>Polancus</span> <span class='ocrx_word' id='word_1_308' title='bbox 1554 3006 1585 3029; x_wconf 84' lang='lat' dir='ltr'>ct</span> <span class='ocrx_word' id='word_1_309' title='bbox 1603 3001 1765 3030; x_wconf 82' lang='lat' dir='ltr'>restituit,</span> 
     </span>
    </p>
   </div>
  </div>
 </body>
</html>
