2020 3342
870 205 951 235 AN.
990 200 1078 235 1:350
1738 199 1785 235 25

164 296 328 334 vineae
369 306 621 346 aggressus
656 306 759 334 sum
798 296 1042 343 culturam,
1085 295 1207 345 quod
1246 295 1433 345 quidem
1472 294 1555 332 fuit
1591 307 1616 332 a
1654 294 1783 333 verbi

161 366 304 405 diuini
321 366 632 416 dispersione,
644 369 696 405 vt
711 366 797 405 lmc
813 369 1031 416 suscepta
1044 365 1339 416 pinguedine
1355 364 1594 404 -vbcm‘ores
1605 364 1782 414 produ-

162 439 283 475 ceret
304 437 524 486 fructus,
551 436 809 476 adjutrices
837 436 1039 493 Domino
1071 436 1315 475 adhibente
1345 447 1540 480 manus,
1564 435 1646 485 qm'
1674 446 1782 473 mas·

163 517 302 557 qnam
324 518 417 546 non
428 507 638 558 prolecto
661 507 835 546 semine
852 496 1192 546 incrementum
1211 506 1326 546 dare
1342 505 1594 545 desiderat.

240 576 556 617 Concionatus
577 589 679 617 sum
701 577 862 617 diebus
883 577 1127 617 dominicis
1154 582 1198 616 et
1219 576 1399 616 festiuis
1427 575 1586 625 semel,
1619 574 1693 615 vel
1715 575 1785 614 bis

160 646 451 698 quandoque,
483 654 579 688 tum
600 649 646 688 in
677 647 861 699 templo,
895 654 992 687 tum
1013 647 1059 687 in
1081 654 1253 696 castro,
1277 647 1323 686 in
1347 645 1582 686 laudabili
1605 645 1786 696 (habita

160 717 344 758 ratione
370 717 480 769 loce)
501 718 657 770 populi
685 729 873 767 corona,
897 718 976 769 qui
1005 729 1244 770 nunquam
1265 724 1360 757 tam
1392 717 1528 757 alieni
1548 717 1734 756 fuerunt
1759 729 1785 756 a

160 789 462 829 concionibus
494 789 750 839 audiendis,
783 800 923 840 quam
960 790 1052 829 iam
1088 789 1223 829 auide
1255 789 1314 829 ad
1344 800 1424 828 eas
1459 787 1691 828 confluere
1720 787 1783 826 vi-

159 859 372 910 deantur,
392 870 486 899 non
507 859 729 899 mulieres
749 863 834 899 aut
853 871 990 899 senes
1010 863 1218 910 tantum,
1239 860 1321 899 sed
1342 858 1442 898 viri
1458 869 1656 909 quoque,
1673 869 1785 896 nau-

159 933 252 983 tae,
267 930 353 970 isti
365 930 550 980 rustici,
568 930 762 970 iuuenes
781 930 993 982 (quorum
1010 932 1126 971 solet
1144 942 1246 970 esse
1263 941 1436 981 magna
1449 941 1561 969 sane
1579 929 1782 977 raritas),

162 1002 223 1040 ita
246 1001 370 1051 quod
391 1002 519 1040 locus
541 1000 818 1052 quandoque
839 1013 930 1041 non
961 1002 1109 1052 potuit
1137 1013 1306 1052 capere
1328 1000 1628 1043 auditorium.
1662 1003 1785 1039 certo

162 1082 256 1111 nou
289 1083 390 1111 mea
424 1072 660 1122 doctrina,
693 1073 778 1112 sed
805 1072 970 1112 diuma
1003 1072 1122 1112 moti
1148 1071 1408 1121 clementia,
1441 1083 1524 1122 pro
1560 1071 1789 1120 singulari

159 1153 360 1193 namque
380 1143 539 1193 gaudii
565 1143 745 1183 strem'o
779 1142 789 1162 ¹
825 1144 1023 1183 relatum
1052 1142 1303 1183 fuitIll.1me
1325 1142 1452 1182 Dflass
1483 1145 1675 1181 nostrae
1704 1140 1787 1181 Co-

158 1212 366 1253 mitissae
388 1212 400 1231 ²
418 1215 678 1263 nonnullos,
703 1214 780 1265 qui
809 1213 1057 1253 dominicis
1078 1214 1255 1262 diebus,
1276 1214 1489 1263 neglecto
1511 1212 1669 1252 diuino
1695 1211 1788 1251 offi-

160 1283 246 1332 cio,
278 1289 403 1323 totos
438 1284 536 1324 dies
566 1284 883 1335 potationibus
918 1284 1056 1335 (quod
1084 1285 1159 1324 hic
1186 1284 1402 1335 frequens
1438 1283 1526 1333 est)
1556 1282 1789 1322 insumere

158 1355 322 1405 solent,
345 1354 524 1395 ieiunos
545 1355 638 1395 iam
672 1355 732 1395 ad
766 1355 1041 1395 concionem
1070 1362 1114 1395 et
1150 1355 1400 1394 missarum
1433 1365 1688 1405 properare
1719 1364 1789 1392 so-

157 1425 344 1465 lemnia:
366 1425 474 1465 hinc
497 1432 606 1477 quot
627 1432 822 1477 peccata
857 1438 884 1466 a
906 1426 1062 1466 multis
1089 1426 1238 1476 annis,
1276 1426 1456 1473 timore,
1483 1423 1785 1473 verecundia,

157 1508 214 1536 ac
235 1496 400 1547 supina
417 1496 618 1547 quadam
636 1497 918 1547 ignorantia,
939 1496 1201 1537 confitenda
1218 1496 1490 1548 prodierint,
1511 1506 1787 1535 enumerare

160 1578 252 1606 non
269 1578 470 1618 possem,
491 1567 698 1606 maxime
713 1567 763 1606 in
774 1571 965 1618 peccato
978 1567 1206 1607 luxuriae
1222 1571 1265 1606 et
1280 1566 1560 1616 iniustitiae,
1576 1565 1625 1604 z'n
1642 1564 1655 1583 ⁵
1673 1575 1790 1616 qnae

162 1637 354 1688 saepius
376 1638 507 1677 moui
524 1638 572 1677 in
589 1639 828 1688 conciones
848 1639 970 1678 vnde
990 1638 1365 1690 frequentissime
1387 1636 1667 1688 repetendae
1683 1642 1790 1675 sunt

163 1709 495 1749 confessiones:
519 1721 612 1748 non
634 1709 799 1749 desunt
822 1710 898 1761 qui
920 1709 1102 1760 Viginti,
1123 1710 1201 1749 alii
1218 1709 1410 1760 triginta
1432 1715 1476 1748 et
1503 1707 1555 1748 40
1576 1719 1723 1747 annos
1744 1707 1791 1746 in

159 1779 405 1830 adulterio,
437 1780 703 1831 sacrilegio,
740 1781 936 1831 incestu,
974 1780 1168 1832 aliisque
1204 1779 1551 1820 nefandissimis
1578 1779 1791 1818 luxuriae

161 1850 322 1890 vixere
355 1851 585 1901 peccatis,
625 1851 680 1890 de
715 1851 882 1902 quibus
912 1863 1152 1902 nunquam
1189 1851 1531 1891 confessionem
1561 1849 1788 1899 fecerant,

161 1922 311 1961 solum
331 1921 420 1961 hoc
441 1933 525 1972 pro
547 1922 849 1961 excusatione
884 1922 1131 1972 habentes,
1168 1922 1291 1973 quod
1320 1922 1414 1961 iam
1444 1920 1634 1961 tandem
1655 1920 1788 1970 rigor

160 1992 439 2032 concionum
460 1998 744 2043 nostrarum,
767 1993 1077 2045 frequensque
1094 2004 1257 2033 earum
1274 1992 1524 2033 inculcatio
1542 1992 1790 2042 scrupulos

163 2074 352 2102 mouere
373 2063 540 2114 coepit.
564 2063 685 2103 Hinc
706 2070 776 2103 est
793 2064 916 2115 quod
938 2064 995 2104 ab
1013 2075 1067 2104 eo
1085 2071 1311 2115 tempore,
1342 2075 1434 2115 quo
1455 2063 1530 2103 hic
1553 2074 1670 2113 sum,
1695 2062 1792 2102 fere

161 2133 376 2184 singulis
401 2133 561 2173 diebus
592 2134 822 2186 aliquibus
850 2146 877 2174 a
912 2135 1206 2175 confessione
1242 2134 1322 2182 fui;
1354 2133 1476 2186 quod
1508 2133 1695 2185 quidem
1715 2132 1791 2172 hic

163 2215 335 2244 nouum
354 2211 398 2244 et
418 2205 677 2244 inauditum
698 2212 782 2255 est,
806 2206 1187 2245 communitatem
1215 2212 1349 2245 extra
1376 2204 1792 2256 quadragesimam

164 2275 388 2326 confiteri,
412 2282 596 2327 praeter
617 2288 752 2316 senes
773 2283 817 2316 et
839 2277 1033 2317 deuotas
1051 2277 1227 2328 aliquot
1244 2288 1483 2328 personas,
1505 2286 1624 2327 quae
1642 2275 1689 2314 in
1704 2273 1792 2315 Na<

164 2346 344 2386 tiuitate
372 2346 560 2386 Domini
583 2347 791 2387 confiteri
813 2348 982 2397 solent;
1007 2348 1109 2387 aliis
1136 2348 1424 2399 temporibus
1455 2353 1642 2398 praeter
1663 2357 1792 2396 prae-

164 2424 364 2468 gnantes
389 2418 484 2458 fere
512 2419 679 2458 nullae.
712 2418 846 2458 Hanc
885 2426 1041 2459 autem
1072 2419 1410 2470 negligentiam
1444 2417 1692 2458 emendare
1729 2416 1793 2456 in-

165 2489 404 2539 coepimus
423 2488 696 2528 inducentes
710 2490 885 2541 aliquot
903 2489 962 2529 ad
978 2489 1341 2541 frequentiorem
1360 2489 1716 2537 confessionem,
1738 2487 1794 2527 de

166 2559 332 2611 quibus
349 2565 417 2599 est
432 2559 556 2599 HLma
578 2558 685 2599 DJffi
700 2559 949 2600 Comitissa
966 2561 1359 2610 Hoechstratana,
1384 2561 1514 2600 cuius
1527 2559 1791 2609 exemplum

166 2636 353 2670 secutae
375 2637 482 2670 sunt
503 2630 689 2670 circiter
716 2631 884 2682 viginti
910 2631 1089 2671 nobiles
1117 2631 1342 2682 virgines,
1375 2631 1546 2670 viduae
1572 2636 1617 2669 et
1639 2629 1792 2669 coniu-

165 2706 320 2751 gatae,
345 2706 439 2740 tam
461 2701 516 2741 de
553 2707 709 2741 castro
732 2713 872 2753 quam
902 2702 958 2741 de
989 2702 1193 2742 ciuitatis
1206 2701 1441 2753 primatu,
1477 2712 1581 2741 cum
1603 2700 1792 2748 ciuium,

219 2860 229 2878 ¹
271 2859 484 2893 Vocabulum
499 2860 573 2894 hoc,
590 2861 677 2895 quod
692 2861 860 2888 Polancus
876 2869 975 2889 verso
992 2863 1123 2889 calamo
1139 2862 1278 2895 delevit,
1294 2865 1334 2888 na
1343 2861 1385 2888 ud
1400 2861 1500 2888 facile
1516 2860 1583 2894 legi
1598 2865 1723 2894 potest.

221 2907 235 2926 Ξ
273 2906 475 2935 comitissae
497 2908 536 2935 de
561 2908 858 2943 Hooghstraeten,
882 2909 997 2943 oppidi
1029 2908 1223 2943 Culenborg
1246 2908 1412 2936 dominae.
1440 2907 1525 2934 Vide
1553 2915 1667 2941 supra,
1696 2912 1718 2934 t.
1747 2914 1795 2940 ιιι,

168 2954 325 2989 11:1g.633,
341 2961 454 2983 annot,
469 2956 500 2983 5.

220 3002 234 3021 5
275 3002 379 3030 Vocis
398 3003 496 3037 hujus
513 3005 548 3030 in
566 3003 748 3037 vestigium
766 3004 932 3037 quoddam
947 3010 1101 3039 apparet,
1118 3011 1152 3032 at
1169 3007 1243 3032 leve
1259 3006 1372 3033 nimis.
