2020 3342
256 265 326 302 290
767 266 990 304 LITTERAE
1016 276 1373 309 QUADRIMESTRES

256 363 446 414 ficuum,
483 363 767 404 laboriosum
799 370 954 404 tamen
981 364 1039 404 sit
1067 370 1205 416 atque
1234 376 1292 404 ex
1320 365 1475 416 aliqua
1502 370 1633 416 parte
1664 365 1880 404 inconue-

255 435 401 485 niens,
426 447 601 486 nosque
631 447 657 475 a
686 436 838 486 rebus,
871 447 988 486 quae
1018 435 1170 486 magis
1195 442 1378 487 vrgent,
1410 435 1646 487 impediat,
1676 435 1722 475 in
1750 446 1880 487 prae-

255 506 511 546 sentiarum
531 506 604 546 his
624 496 712 558 piis
733 507 855 547 votis
871 506 1087 547 satisfieri
1107 519 1199 547 non
1215 507 1397 558 poterit.
1417 506 1628 546 Laudent
1645 518 1728 558 pro
1747 506 1881 546 nobis

255 577 617 629 omnipotentem
639 578 954 629 optimumque
972 576 1121 617 Deum
1138 583 1348 618 nostrum
1365 588 1526 617 omnes
1543 576 1699 628 angeli
1716 582 1760 617 ct
1776 588 1878 617 san-

255 648 316 688 cti
336 646 449 699 ejus,
480 649 559 700 qui
586 660 690 689 cum
718 649 781 688 ita
808 648 979 689 dudum
1011 649 1128 688 inter
1159 647 1375 699 odibiles,
1406 660 1575 689 exosos
1605 654 1744 700 atque
1774 659 1880 688 con-

255 719 534 770 temptibiles
573 719 661 759 sibi
695 720 899 760 maxima
934 718 1071 770 hujus
1106 720 1264 771 populi
1299 731 1409 771 pars
1442 731 1528 760 nos
1562 719 1879 771 computabat,

256 791 348 830 iam
369 801 491 830 nunc
511 790 558 830 in
580 792 830 831 multorum
858 791 1075 831 cordibus
1103 802 1275 830 nouum
1302 790 1549 842 quemdam
1576 790 1880 842 eumdemque

253 861 486 901 intensum
505 862 729 902 excitauit
750 862 966 902 affectum
987 862 1033 901 in
1055 862 1227 902 virtute
1247 861 1520 913 proficiendi
1540 873 1682 913 opera
1704 867 1749 902 et
1771 873 1878 902 con-

253 931 368 972 siliis
386 932 558 972 nostris
579 934 884 985 propriasque
906 933 951 972 in
974 933 1146 973 nostris
1166 932 1381 973 manibus
1401 933 1582 973 animas
1610 944 1773 974 secure
1805 933 1880 974 de-

253 1008 443 1054 ponant.
467 1003 715 1044 Praeterea
737 1004 795 1044 ad
816 1003 1023 1044 infirmos
1046 1004 1289 1055 aliquoties
1315 1003 1479 1044 Patres
1507 1010 1750 1044 vocantur:
1781 1015 1881 1044 mo-

253 1074 412 1114 rituris
433 1074 616 1125 adsunt,
642 1086 811 1127 eosque
828 1074 994 1126 juuant
1014 1081 1064 1115 vt
1085 1075 1132 1114 in
1152 1074 1353 1115 Domino
1375 1074 1746 1127 proficiscantur:
1767 1075 1878 1115 mul·
1909 1091 1914 1098 ·

255 1151 407 1186 torum
445 1145 753 1197 indigentium
792 1145 1147 1186 necessitatibus
1185 1157 1244 1185 ex
1283 1145 1576 1186 eleemosinis
1620 1146 1880 1198 aliquorum

255 1217 349 1268 (qui
368 1216 501 1256 nobis
523 1224 628 1257 sunt
650 1217 904 1257 familiares
926 1222 971 1257 et
991 1216 1161 1268 deuoti)
1183 1216 1432 1268 aliquando
1454 1228 1512 1257 ex
1533 1216 1679 1257 mutui
1700 1216 1880 1257 liberali

252 1288 567 1339 praestatione
589 1299 702 1328 cura
724 1294 767 1328 et
789 1288 1027 1339 diligentia
1048 1293 1209 1328 nostra
1230 1288 1467 1329 subueniri
1489 1289 1624 1329 solet:
1648 1300 1739 1340 qua
1760 1288 1807 1328 in
1828 1300 1879 1329 re

252 1364 449 1411 Vtraque
472 1359 668 1410 contigit
689 1359 1038 1400 misericordiae
1060 1370 1199 1410 opera
1223 1360 1447 1411 exerceri3
1472 1360 1581 1400 dum
1603 1359 1739 1410 enim,
1762 1371 1881 1411 quae

253 1430 439 1482 corpori
466 1431 730 1471 necessaria
761 1437 881 1481 sunt,
911 1431 1141 1483 aliquibus
1170 1431 1447 1481 tribuuntur,
1479 1430 1777 1471 conscientiis
1808 1442 1876 1471 eo-

251 1513 369 1553 rum,
408 1513 523 1553 quas
553 1501 801 1553 aliquando
829 1502 1129 1542 aduersarius
1155 1508 1314 1542 noster
1341 1507 1549 1553 egestate
1579 1502 1746 1542 misere
1779 1513 1878 1553 pre-

251 1573 347 1623 mit,
370 1572 569 1613 salubris
590 1573 818 1613 medicina
845 1573 1135 1624 propinatur.
1167 1573 1383 1613 Pluribus
1410 1573 1550 1613 etiam
1580 1573 1697 1623 aliis,
1728 1572 1875 1613 diuer-

251 1644 405 1696 sisque
426 1644 668 1684 charitatis
690 1644 920 1695 operibus,
944 1650 1081 1696 prout
1102 1656 1166 1696 se,
1191 1656 1312 1685 nunc
1334 1643 1465 1696 haec,
1483 1656 1606 1684 nunc
1628 1643 1719 1684 alia
1743 1656 1792 1684 se
1814 1644 1877 1684 of-

249 1716 338 1755 fert
358 1715 629 1766 necessitas,
653 1721 810 1767 patres
832 1715 1069 1756 intendere
1088 1716 1251 1756 solent:
1272 1721 1315 1755 et
1333 1727 1472 1767 saepe
1489 1715 1717 1767 contingit
1736 1715 1876 1767 (quod

250 1787 297 1826 in
318 1786 596 1839 quibusdam
615 1793 836 1838 expertus
858 1798 960 1827 sum
981 1793 1024 1827 et
1047 1787 1294 1838 aliquando
1325 1798 1383 1827 ex
1410 1786 1621 1838 patribus
1650 1786 1874 1835 intellexi)

249 1864 299 1898 vt
320 1858 577 1908 gratissimi
599 1858 699 1898 Deo
721 1864 880 1899 nostro
902 1869 1149 1899 successus
1167 1858 1398 1899 eueniant.

329 1929 378 1969 P.
419 1928 756 1970 Santanderius
797 1930 968 1981 optime
1008 1930 1280 1970 concionari
1318 1930 1434 1970 solet
1473 1930 1717 1982 placetque
1757 1940 1877 1970 corn-

248 2001 448 2041 muniter
494 2001 811 2051 audientibus,
853 2013 1050 2053 quorum
1091 2012 1346 2041 concursus
1392 2001 1477 2041 fuit
1515 2000 1688 2052 pluries
1729 2011 1877 2052 vsque

248 2072 365 2112 adeo
386 2071 620 2124 frequens,
652 2077 700 2112 vt
722 2073 944 2112 sacellum
975 2078 1184 2112 nostrum
1212 2083 1381 2123 capere
1408 2083 1488 2112 eos
1510 2070 1762 2123 aliquando
1784 2083 1878 2111 non

250 2148 427 2194 posset:
459 2144 706 2183 nonnullas
728 2143 980 2183 conciones
1001 2143 1163 2183 habuit
1185 2143 1331 2194 domi,
1356 2143 1473 2183 alias
1493 2154 1605 2183 vero
1626 2143 1678 2182 inv
1695 2142 1877 2194 quibus-

250 2214 358 2254 dam
389 2214 762 2265 parrochialibus
791 2214 1024 2265 ecclesiis3
1062 2220 1106 2254 et
1141 2213 1274 2254 nobis
1309 2226 1367 2253 ex
1400 2214 1556 2254 multis
1590 2219 1879 2265 compertum

251 2291 334 2335 cst,
361 2285 483 2336 quod
504 2296 675 2335 magna
706 2285 1026 2336 proximorum
1055 2285 1356 2325 conscientiis
1385 2296 1444 2325 ex
1473 2284 1544 2324 his
1576 2284 1878 2324 concionibus

251 2355 498 2406 proueniat
528 2356 716 2395 Vtilitas.
743 2354 1045 2396 Praecedenti
1074 2355 1285 2408 proxime
1307 2356 1669 2407 quadragesima
1691 2355 1875 2407 inquisi-

250 2433 323 2466 tor
344 2427 533 2478 quidam
554 2427 818 2466 haereticae
838 2427 1106 2478 prauitatis,
1131 2427 1278 2466 nostri
1307 2426 1679 2477 amantissimus,
1712 2426 1874 2466 visita—

250 2504 379 2537 turus
401 2499 444 2538 in
469 2498 556 2538 hoc
579 2508 724 2548 regno
746 2509 907 2538 eorum
926 2498 1045 2548 loca,
1067 2498 1142 2548 qui
1164 2509 1222 2537 ex
1243 2503 1371 2537 secta
1393 2497 1706 2537 mahometica
1725 2497 1875 2537 denuo

249 2569 309 2608 ad
338 2568 474 2608 fidem
505 2569 678 2609 Christi
706 2569 921 2609 conuersi
949 2574 1076 2620 sunt,
1109 2568 1294 2609 Patrem
1330 2567 1690 2609 Santanderium
1718 2579 1876 2608 secum

249 2639 411 2679 detulit
439 2640 498 2690 (id
528 2640 653 2691 prius
682 2640 911 2680 instanter
940 2645 1101 2692 petens
1133 2645 1176 2679 et
1207 2639 1467 2690 affectans),
1501 2640 1580 2691 qui
1609 2639 1875 2680 huiusmodi

248 2710 511 2750 hominibus
528 2711 787 2751 doctrinam
804 2716 1056 2762 exponeret
1073 2710 1395 2762 christianam,
1410 2722 1582 2762 eosque
1599 2711 1646 2750 in
1662 2710 1737 2761 iis,
1757 2722 1875 2762 quae

250 2781 309 2820 ad
343 2780 478 2821 fidem
512 2787 721 2821 nostram
757 2787 1028 2832 expectant,
1066 2780 1388 2821 concionando
1424 2781 1634 2831 doceret;
1671 2781 1795 2832 quod
1831 2788 1877 2822 et

251 2851 481 2903 praestitit
516 2863 608 2891 non
643 2852 741 2891 sine
776 2863 947 2903 magno
982 2851 1193 2902 profectu
1228 2851 1434 2892 illorum:
1471 2852 1548 2903 qui
1587 2851 1773 2903 quidem
1808 2857 1876 2892 tot

252 2922 622 2973 compunctionis
662 2923 1103 2974 resipiscentiaeque
1137 2928 1468 2974 expresserunt
1503 2922 1659 2974 signa,
1698 2929 1748 2963 vt
1782 2933 1874 2964 non

252 2991 484 3033 modicam
506 2999 548 3032 et
570 2992 815 3044 inquisitor
836 2999 879 3032 et
900 3004 1005 3033 eum
1033 2993 1309 3033 comitantes
1339 2993 1638 3044 conceperint
1666 3004 1796 3045 spem
1817 2993 1873 3034 de

252 3062 540 3103 correctione
562 3063 922 3114 praedictorum:
948 3063 1023 3115 qui
1041 3064 1223 3115 quidem
1244 3064 1480 3117 hucusque
1503 3069 1552 3105 vt
1574 3063 1617 3103 in
1642 3063 1870 3106 Altissimi
