2020 3342
837 257 921 297 AN.
952 257 1041 298 1556
1682 261 1751 298 579

123 355 170 396 in
211 355 329 407 foro,
372 355 531 408 pulsos
566 367 621 396 ac
656 355 927 397 deturbatos
962 367 1020 396 ex
1055 356 1206 397 media
1242 355 1393 407 platea
1430 356 1747 402 circulatores,

130 434 267 478 atque
290 427 381 467 alia
403 425 448 467 id
469 436 618 477 genus
645 428 804 467 multa.
1246 472 1251 475 ,

206 497 316 537 Inde
343 503 448 549 post
480 497 527 537 15
553 497 652 538 dies
683 498 742 538 ad
769 497 1058 538 Mateolanos
1088 497 1368 547 (Matelicam
1397 498 1570 546 dicunt)
1603 498 1750 549 profe-

128 568 204 618 cti,
228 567 490 608 incredibili
511 580 670 608 amore
692 574 830 620 atque
852 569 1029 609 honore
1059 581 1084 609 a
1112 567 1366 609 Praefectis
1393 580 1553 609 eorum
1582 567 1748 608 aduen-

125 647 199 678 tus
219 646 288 679 est
310 644 546 690 exceptus.
572 639 652 688 lbi,
676 639 781 679 licet
803 639 1082 690 importune,
1112 639 1414 680 concionator
1441 638 1631 691 quidam
1658 650 1747 679 mo-

126 710 318 759 nachus,
349 709 508 750 nescio
535 720 624 760 quo
653 710 805 749 studio
833 710 1013 760 ductuS,
1044 721 1216 761 magna
1242 716 1428 750 nostros
1455 711 1752 750 contentione

124 787 428 832 oppugnaret,
461 781 571 821 dum
600 781 667 821 sic
697 781 979 820 venerabilis
1000 786 1044 821 et
1071 791 1404 821 sacrosanctae
1425 781 1750 821 Eucharistiae

124 853 351 892 honorem
372 858 416 891 et
437 852 614 892 cultum
636 851 787 902 magis
808 852 927 892 tueri
949 864 1004 892 ac
1027 852 1226 892 retinere
1247 859 1448 904 putaret,
1473 852 1511 892 si
1538 851 1752 904 frequen-

125 930 216 962 tem
245 923 343 963 eius
370 924 541 974 populo
569 922 863 962 iterationem
890 922 1326 974 perceptionemque
1356 923 1587 963 obstinate
1615 933 1753 973 nega-

126 1000 211 1045 ret,
234 1000 275 1034 et
300 1005 326 1033 a
348 994 520 1033 nostris
542 993 717 1045 passim
737 993 1073 1044 praedicatam,
1098 1000 1285 1034 strenue
1307 993 1582 1045 fortiterque
1611 994 1754 1045 impu-

126 1071 309 1116 gnaret:
331 1070 422 1116 par
444 1070 598 1104 tamen
621 1076 679 1104 ex
700 1075 753 1104 eo
776 1067 914 1115 atque
935 1077 993 1104 ex
1021 1065 1122 1105 aliis
1149 1065 1331 1116 populls
1358 1064 1537 1105 fructus
1566 1064 1754 1105 Christo

128 1134 344 1187 uindi[ce]
368 1135 674 1187 praesideque
696 1141 946 1187 perceptus
969 1142 1053 1176 est.

206 1206 442 1257 Fabriani,
467 1212 654 1258 praeter
675 1217 963 1247 commanem
986 1207 1126 1247 totius
1154 1207 1311 1259 populi
1339 1208 1540 1248 fructum
1562 1220 1620 1248 ex
1651 1219 1756 1247 con-

129 1278 346 1329 tionibus,
370 1289 429 1318 ex
451 1278 663 1318 doctrina
685 1278 955 1327 christiana,
980 1290 1038 1318 ex
1055 1284 1324 1318 sanctorum
1341 1278 1755 1318 communiere-bri-

128 1353 224 1390 tate
257 1353 684 1399 sacramentorum,
711 1349 801 1389 duo
830 1349 891 1389 ibi
919 1349 1142 1389 coenobia
1170 1349 1216 1389 in
1245 1350 1490 1401 pristinam
1519 1349 1757 1400 religionis

129 1421 445 1472 integritatem
467 1427 510 1460 et
531 1420 655 1460 vitae
678 1421 1059 1460 communitatem
1081 1428 1187 1461 sunt
1203 1422 1433 1461 restituta.

209 1491 459 1532 Praeclara
488 1503 600 1531 uero
629 1497 673 1531 et
703 1491 1011 1543 admirabilia,
1041 1503 1160 1543 quae
1188 1492 1234 1532 in
1263 1491 1434 1532 Sancto
1466 1493 1667 1532 Genesio
1697 1492 1758 1541 (in

129 1563 393 1615 praecipuis
414 1574 468 1603 ea
491 1569 560 1603 est
582 1562 740 1603 Piceni
760 1563 1045 1613 ciuitatibus)
1067 1563 1344 1614 praesertim
1362 1564 1407 1603 in
1426 1564 1581 1604 multis
1599 1564 1756 1604 haere-

130 1635 235 1675 ticis
256 1640 394 1685 atque
415 1633 655 1673 Ecclesiae
677 1634 947 1685 transfugis,
973 1641 1079 1674 acta
1102 1640 1222 1674 sunt.
1243 1633 1417 1675 Omnes
1434 1635 1496 1674 illi
1514 1635 1757 1686 siquidem,

129 1706 225 1745 iam
248 1705 464 1745 obdurati
486 1705 562 1745 diu
585 1711 628 1744 et
649 1705 890 1745 excaecati
911 1705 956 1745 in
979 1717 1033 1745 ea
1055 1705 1264 1757 perfidia,
1288 1717 1466 1756 omnes,
1488 1706 1655 1757 quibus
1682 1705 1759 1745 du-

133 1777 372 1825 cebantur,
396 1787 580 1815 errores
607 1776 796 1838 insanos
823 1776 1008 1824 eiurati,
1037 1780 1370 1817 sacrosanctae
1397 1789 1498 1818 sese
1527 1776 1763 1817 Ecclesiae

133 1853 431 1897 reuocarunt3
455 1853 594 1898 atque
614 1858 708 1886 vno
729 1857 889 1887 omnes
910 1858 1154 1897 consensu,
1185 1860 1304 1900 quae
1335 1848 1393 1888 ad
1421 1848 1762 1888 subuertendos

136 1930 326 1959 suorum
347 1918 519 1959 ciuium
541 1918 722 1958 animos
743 1918 924 1958 nefaria
945 1919 1270 1960 conuenticula
1293 1920 1479 1960 assidue
1500 1920 1762 1960 celebraue-

135 1997 255 2040 rant,
280 1990 325 2030 in
346 1988 527 2030 fidelem
549 1996 592 2029 et
615 1995 828 2029 sanctam
845 1989 1131 2039 societatem,
1152 1990 1210 2030 ad
1227 2002 1361 2031 suam
1378 2001 1764 2042 communemque

139 2061 309 2102 ciuium
331 2062 544 2111 salutem,
574 2072 632 2100 ex
661 2060 943 2100 authoritate
969 2067 1012 2101 et
1042 2062 1334 2113 praescripto
1361 2070 1649 2112 nostrorum,
1681 2062 1765 2101 sub

137 2143 298 2172 eorum
320 2132 482 2172 oculos
504 2133 816 2182 contulerunt,
840 2137 884 2171 et
906 2131 952 2171 in
974 2132 1169 2183 singulis
1191 2133 1427 2173 mensibus
1455 2134 1660 2173 solemne
1689 2133 1763 2173 do-

139 2203 359 2244 minicum
380 2203 617 2243 celebrare
648 2203 915 2243 conuiuium
943 2203 1257 2244 instituerunt.
1286 2204 1387 2244 Hoc
1414 2215 1525 2244 uero
1555 2210 1650 2244 tam
1676 2215 1766 2244 me-

140 2275 379 2325 morabile,
411 2278 641 2325 quantum
670 2274 825 2314 multis
851 2281 959 2315 ante
989 2275 1123 2315 annis
1151 2276 1197 2315 in
1225 2274 1395 2316 Piceno
1424 2286 1517 2315 non
1548 2275 1764 2326 contigzt.

140 2345 311 2396 Magna
329 2353 430 2386 erat
447 2345 740 2397 perditorum
758 2345 997 2385 hominum
1015 2346 1275 2394 multitudo;
1293 2357 1465 2397 graues
1483 2353 1526 2386 et
1546 2346 1768 2397 flagitiosi

140 2428 338 2457 errores:
362 2417 463 2468 ipsa
485 2415 682 2467 denique
705 2416 888 2467 ciuitas,
913 2428 994 2468 per
1011 2417 1243 2468 insignem
1264 2416 1519 2468 infamiam,
1538 2417 1767 2469 improbo-

142 2499 245 2528 rum
266 2488 530 2539 perfugium
548 2493 686 2538 atque
704 2488 887 2538 asylum
903 2488 1257 2528 lutheranorum
1275 2489 1431 2539 uulgo,
1452 2489 1497 2529 id
1515 2488 1637 2540 quod
1655 2494 1769 2539 erat,

143 2559 415 2599 habebatur.
442 2559 512 2598 De
532 2569 581 2598 eo
600 2558 746 2609 plane
762 2558 874 2609 quid
895 2558 1076 2598 dicam?
1094 2570 1187 2599 noa
1205 2559 1338 2599 uideo
1357 2559 1576 2610 nz‘sz'qm'a
1599 2559 1773 2610 digitus

144 2629 247 2681 Dei,
271 2629 424 2670 Patris
444 2630 761 2670 Emmanuelis
782 2636 826 2669 et
847 2630 1085 2679 comitum,
1110 2630 1156 2670 in
1178 2637 1342 2670 sancta
1360 2642 1413 2670 ea
1434 2631 1771 2682 peregrinatio-

142 2714 214 2751 ne,
244 2712 434 2741 cursum
462 2701 654 2751 uiasque
682 2700 867 2751 direxit,
897 2712 1097 2752 quorum
1126 2713 1266 2753 opera
1297 2713 1372 2742 res
1400 2709 1495 2742 tam
1523 2702 1695 2742 arduas
1718 2714 1772 2742 ac

143 2773 352 2813 difficiles
374 2772 512 2812 toties
533 2777 756 2823 tantoque
778 2771 870 2811 iam
893 2772 1003 2812 olim
1024 2773 1183 2813 labore
1204 2785 1231 2812 a
1247 2773 1542 2823 grauissimis
1564 2774 1771 2814 summis-

144 2855 234 2896 que
268 2844 383 2884 uiris
413 2842 754 2895 necquicquam
781 2843 1000 2894 agitatas,
1032 2844 1326 2895 omnipotens
1346 2844 1476 2885 Deus
1497 2845 1696 2885 confecit
1718 2845 1775 2884 ad

146 2916 389 2967 exitusque
412 2922 598 2967 optatos
618 2920 661 2954 et
683 2913 842 2954 felices
860 2913 1091 2965 perduxit.
1111 2914 1207 2955 Nec
1224 2915 1286 2956 ibi
1302 2916 1446 2956 defuit
1464 2916 1777 2968 reparandum

150 2986 500 3036 monasterium,
523 2986 664 3036 longe
693 2985 912 3035 omnium,
943 2997 1061 3036 quae
1091 2985 1313 3027 Picenum
1342 2987 1495 3034 habet,
1524 2987 1776 3028 dissolutis-

150 3060 335 3108 simum;
358 3061 688 3108 recuperatum
710 3067 823 3096 uero
845 3060 888 3097 et
922 3056 1107 3098 Christo
1137 3059 1192 3098 ab
1217 3058 1414 3099 interitu
1448 3061 1677 3111 (quamuis
1706 3060 1778 3100 de-
