2020 3342
663 257 884 295 ADDENDA
911 269 953 295 IN
979 269 1094 295 Tomo
1122 268 1315 295 SECUNDO
1719 255 1791 292 703

174 364 329 404 quam,
354 353 530 403 doctOS,
555 355 715 405 quales
740 354 785 394 id
813 355 987 405 negotii
1013 354 1237 406 exposcit.
1270 353 1391 393 Huic
1419 358 1572 392 autem
1604 351 1791 391 Prouin-

175 424 276 464 ciae
297 429 367 463 est
388 425 538 475 magis
561 437 676 476 opus
697 425 785 465 hoc
808 426 1046 465 hominum
1079 436 1250 476 genere
1278 436 1417 476 quam
1445 424 1566 472 aliis,
1603 427 1792 473 propter

176 494 435 534 doctrinam
457 496 681 545 proximis
699 497 832 536 annis
855 496 1034 547 Hispali
1055 495 1349 544 seminatam,
1374 506 1492 546 quae
1514 493 1686 533 detinet
1713 492 1792 532 ho-

176 565 351 605 minum
381 566 561 605 animos
587 578 680 606 non
708 572 958 618 Vtcumque
985 566 1280 617 perturbatos
1308 564 1335 604 ¹:
1364 571 1413 604 vt
1443 564 1586 614 igitur
1614 568 1794 603 nostro-

175 647 279 676 rum
301 636 577 676 documenta
601 638 904 687 recipiantur,
929 638 1021 677 alta
1050 637 1351 677 fundamenta
1380 635 1574 676 iecerint
1602 644 1794 674 necesse

176 713 259 755 est3
283 706 411 746 Deus
440 713 593 747 autem
621 708 819 758 optimus
845 708 1077 747 maximus
1106 707 1239 747 nobis
1266 706 1493 746 concedat
1522 711 1572 745 vt
1600 711 1791 745 nostrae

176 777 391 828 propriae
414 778 695 828 cognitionis
715 777 1017 818 fundamenta
1037 789 1300 818 noscamus.

255 849 325 889 De
365 850 511 889 nostri
551 849 746 899 Collegii
784 849 1126 900 professoribus
1164 860 1305 900 supra
1344 847 1636 888 meminimus
1656 880 1664 897 ,
1701 858 1794 887 uno

175 919 361 970 dempto
377 920 521 960 fratre
538 920 774 970 Marcello,
794 921 884 972 qui,
906 920 1067 960 relicta
1089 919 1321 959 rhetorica
1336 925 1527 970 propter
1543 929 1677 958 suam
1694 930 1793 958 cor-

175 991 302 1042 poris
323 991 652 1041 valetudinem,
685 1003 854 1042 pueros
879 990 1065 1031 infimae
1092 990 1256 1030 classis
1286 990 1516 1030 interdum
1537 995 1726 1029 exercet
1746 997 1793 1029 et

175 1061 297 1111 gerit
318 1061 446 1101 vices
468 1060 619 1101 Patris
639 1061 770 1115 Ja'en.
789 1060 1009 1113 Superest
1024 1072 1147 1101 nunc
1163 1067 1214 1100 vt
1229 1060 1312 1100 tibi
1330 1060 1493 1100 saltem
1508 1061 1792 1112 reliquorum

175 1138 221 1172 et
247 1132 435 1171 nomina
463 1138 507 1172 et
533 1144 777 1172 numerum
805 1132 861 1172 ob
895 1132 1052 1172 oculos
1078 1143 1323 1182 ponamus:
1357 1142 1576 1171 numerus
1606 1130 1791 1182 quidem

174 1203 380 1243 omnium
402 1209 470 1242 est
491 1203 652 1243 decem
673 1209 717 1243 et
734 1209 853 1243 octo.
874 1202 1044 1242 Rector
1060 1208 1218 1242 noster
1234 1201 1370 1242 Pater
1387 1201 1632 1242 Antonius.
1652 1200 1789 1242 Pater

174 1273 342 1314 Zarate
358 1273 372 1292 ²
390 1280 458 1313 est
478 1273 674 1314 fratrum
692 1276 897 1314 omnium
914 1273 1244 1323 confessarius;
1267 1272 1530 1324 praefectus
1548 1273 1787 1323 ecclesiae,

173 1344 223 1384 P.
246 1344 442 1385 Pertusa
463 1344 491 1393 ⁵,
517 1345 594 1396 qui
614 1356 736 1385 nunc
756 1345 956 1396 primum
977 1345 1036 1384 ad
1056 1355 1143 1384 nos
1163 1357 1186 1384 e
1207 1344 1448 1384 Lusitania
1465 1344 1607 1392 venit;
1627 1343 1790 1384 debilis

174 1414 358 1455 defectu
378 1423 589 1464 naturae,
614 1415 741 1456 audit
761 1415 1077 1456 confessiones
1097 1415 1343 1455 interdum.
1367 1414 1472 1454 Duo
1490 1421 1595 1454 sunt
1611 1414 1790 1455 dumta-

174 1492 255 1527 xat
275 1487 558 1537 scholastici,
582 1487 660 1538 qui
680 1487 1036 1537 grammaticam
1058 1486 1263 1526 audiant.
1288 1486 1506 1526 Cauallar
1527 1486 1642 1526 alter
1662 1483 1691 1536 ⁴,
1711 1485 1790 1537 qui

173 1563 217 1597 et
238 1558 499 1598 ministrum
520 1558 664 1607 iuvat,
688 1557 903 1598 Ramirez
925 1556 939 1576 5
960 1559 1091 1606 alter,
1115 1558 1192 1608 qui
1213 1557 1438 1597 hactenus
1460 1557 1632 1597 aeditui
1661 1556 1791 1597 mini·

169 1628 362 1668 sterium
383 1629 535 1669 subiit.
560 1629 828 1669 Bernartius
857 1627 886 1678 ⁶,
919 1629 996 1680 qui
1026 1634 1125 1668 tum
1152 1628 1351 1679 popinae
1380 1634 1476 1667 tum
1504 1628 1790 1679 capellorum

172 1711 340 1739 munus
361 1705 563 1750 exercet;
586 1699 830 1752 josephus,
851 1699 927 1750 qui
949 1698 1193 1739 scribendo
1213 1699 1418 1750 aliosque
1435 1698 1699 1738 comitando
1716 1709 1789 1738 oc-

173 1776 385 1821 cupatur;
407 1769 580 1810 Garcia
601 1771 854 1810 obsonator
875 1776 918 1809 et
940 1775 1215 1821 procurator
1238 1769 1264 1817 ⁷3
1291 1768 1448 1819 Gaias,
1473 1780 1636 1809 recens
1657 1768 1789 1810 Com-

173 1841 284 1892 pluti
304 1841 546 1891 ingressus
566 1839 595 1890 ⁸,
620 1841 667 1880 in
687 1841 858 1892 popina
878 1846 1136 1903 exercetur.
1160 1839 1367 1890 Egidius,
1392 1840 1470 1891 qui
1491 1840 1630 1880 etiam
1650 1840 1789 1880 modo

145 1911 412 1962 ,ingressus
434 1919 503 1951 est
524 1911 581 1951 ad
612 1911 919 1951 ministerium
949 1911 1211 1961 agibilium,
1240 1910 1553 1958 refectorium,
1585 1911 1788 1958 hortum,

172 1982 374 2022 vestium
408 1983 586 2031 cellam,
626 1982 871 2033 diligenter
904 1988 1050 2022 curat.
1088 1982 1189 2032 Ego
1223 1981 1363 2021 etiam
1397 1981 1517 2021 inter
1550 1993 1646 2032 eos,
1682 1982 1791 2022 licet

171 2053 429 2102 abortiuus,
453 2053 652 2093 ministri
675 2052 874 2093 officium
894 2064 1022 2103 gero.

251 2123 372 2164 Ecce
401 2123 554 2173 Pater,
584 2135 693 2163 ecce
720 2124 783 2163 tui
813 2123 1007 2175 Collegii
1036 2124 1129 2174 filii,
1154 2124 1230 2174 qui
1258 2131 1384 2164 tuam
1413 2123 1786 2164 benedictionem

169 2194 441 2248 deposcunt,
465 2194 542 2245 qui
563 2194 653 2233 tuis
674 2205 723 2233 se
745 2194 1030 2234 orationibus
1047 2201 1091 2234 et
1107 2194 1349 2234 sacrificiis
1366 2195 1676 2245 committunt,
1694 2206 1788 2235 non

170 2265 319 2305 solum
359 2265 448 2304 tuis
483 2265 564 2304 sed
601 2265 805 2304 omnium
839 2265 980 2305 etiam
1013 2264 1203 2305 Patrum
1238 2277 1294 2305 ac
1332 2265 1530 2305 fratrum
1563 2271 1787 2317 quotquot

170 2335 308 2376 isthic
331 2336 519 2387 degunt;
542 2342 792 2387 petuntque
814 2336 871 2376 ab
888 2337 953 2376 eis
970 2337 1217 2388 impetrent
1234 2348 1260 2376 a
1276 2336 1476 2376 Domino
1494 2344 1544 2376 vt
1562 2347 1690 2377 suam
1709 2348 1789 2377 vo-

224 2531 236 2551 ¹
275 2530 438 2558 Haeresis
458 2532 660 2558 lutheranae
684 2532 811 2558 semina
829 2533 964 2567 J'actare
981 2532 1113 2567 Hispali
1133 2533 1330 2567 inceperant
1355 2532 1414 2560 Dr.
1434 2532 1675 2560 ConstantInus
1695 2533 1735 2560 de
1751 2533 1785 2560 la

168 2576 310 2611 Fuente‚
326 2578 492 2612 Aegidius
508 2583 540 2605 et
555 2579 625 2606 alii.
640 2579 726 2606 Vide
741 2579 926 2607 MENENDEZ
938 2587 960 2607 Y
975 2580 1122 2614 PELAYO,
1143 2579 1300 2607 sttoria
1317 2580 1359 2607 de
1376 2580 1428 2606 los
1438 2580 1676 2607 Heterodoxos
1690 2584 1795 2615 espa«

169 2624 277 2659 ῆοῖεε,
291 2629 314 2653 t.
331 2632 366 2659 11,
382 2633 409 2653 c.
425 2633 470 2659 rx,
487 2625 711 2659 SANTIVANEZ,
726 2627 747 2653 1.
770 2634 797 2653 c.

223 2673 237 2692 Ξ
274 2672 310 2700 Ρ.
326 2673 523 2707 Alphonsus
535 2674 575 2700 de
590 2673 727 2701 Zarate.

219 2720 234 2739 ⁵
271 2720 307 2747 P.
323 2720 554 2748 Gundisalvus
570 2721 725 2749 Pertusa.
740 2721 827 2749 Vide
842 2729 955 2756 supra,
970 2727 994 2750 t.
1009 2730 1043 2757 11,
1059 2730 1134 2757 pag.
1151 2724 1194 2751 9⁴1.

218 2769 235 2788 ⁴
272 2767 398 2795 Frater
413 2768 563 2796 Didacus
578 2769 618 2795 de
635 2768 810 2802 Cavallar,
824 2770 1062 2797 scholasticus.

221 2815 235 2835 ⁵
271 2814 396 2843 Frater
411 2816 579 2843 Antonius
594 2815 762 2844 Ramirez.

218 2862 233 2883 ⁶
268 2862 356 2891 Vide
369 2871 484 2898 supra,
496 2871 575 2898 pag.
590 2864 656 2891 696.

219 2911 232 2929 ⁷
271 2910 321 2938 De
337 2911 390 2938 his
404 2911 543 2943 duobuS,
559 2911 705 2946 Josepho
721 2915 754 2939 et
769 2911 907 2945 Garoia.
923 2913 1005 2941 nihil
1021 2914 1107 2941 certi
1123 2915 1290 2942 affirmare
1305 2923 1492 2951 possumus,
1508 2924 1583 2945 cum
1598 2926 1713 2947 eorum
1728 2927 1784 2947 no-

166 2958 258 2985 mina
274 2959 317 2986 ab
334 2959 385 2992 iis,
401 2959 456 2993 qui
472 2959 577 2986 fusius
592 2959 691 2994 hujus
706 2959 933 2988 Cordubensis
954 2960 1096 2995 Collegii
1118 2963 1283 2996 originem
1305 2968 1520 2998 enarrarunt,
1541 2967 1786 3000 praetermissa

163 3010 245 3033 smt.

217 3052 233 3072 8
269 3052 327 3080 Fr.
342 3053 486 3081 Michael
500 3053 618 3087 Galar,
633 3054 910 3089 Pampilonensis.
927 3057 1093 3089 Potmco,
1111 3058 1312 3090 Clv‘om‘con,
1326 3064 1348 3086 t.
1365 3067 1410 3093 iv,
1424 3067 1502 3094 pag.
1517 3061 1579 3097 407,
1593 3066 1707 3090 annot.
1721 3062 1748 3089 3.
