2020 3342
867 231 951 269 ΑΝ.
982 233 1074 271 1556
1715 239 1793 275 445⁴

157 322 239 362 vix
268 323 428 364 decem
462 331 506 364 et
540 336 623 365 sex
657 337 803 366 annos
837 333 962 378 nata,
1001 339 1133 379 quae,
1166 327 1318 368 Patris
1347 330 1533 370 monitis
1567 331 1778 381 inuitata,

156 392 332 433 Christi
350 395 504 445 gratia
523 395 723 447 fauente,
747 396 864 437 dixit
884 399 1003 438 velle
1025 400 1071 439 in
1092 399 1218 439 viam
1238 398 1406 440 redire:
1429 400 1546 441 haec
1568 407 1612 441 et
1632 402 1720 442 sibi
1736 410 1781 442 et

158 463 274 515 aliis,
298 465 408 505 dum
428 477 511 517 per
530 465 648 506 haec
669 467 770 507 loca
793 467 1057 519 diuagatur,
1082 470 1184 521 plus
1202 469 1359 510 damni
1380 481 1520 522 quam
1541 473 1643 523 apri
1658 472 1777 513 fren-

157 535 319 575 dentes
352 536 585 577 intulerat:
621 538 909 578 elaboratum
938 546 1008 579 est
1042 546 1091 580 vt
1126 541 1171 581 in
1204 541 1368 581 melius
1394 542 1541 582 Vitam
1576 555 1779 584 commu-

154 612 290 646 taret.

235 677 503 731 Caprarius,
528 682 605 732 qui
620 680 756 721 huius
774 692 935 720 curam
952 681 1159 731 gerebat,
1184 681 1353 733 quique
1370 694 1472 722 eam
1489 695 1543 723 eo
1560 684 1774 735 duxerat,

152 750 277 790 nullo
308 749 453 791 ferme
483 752 670 802 negotio
701 752 759 791 ad
788 752 1121 803 poenitentiam
1156 752 1392 803 inductus,
1426 753 1489 793 ibi
1522 754 1676 795 fassus
1706 764 1776 797 est

149 832 243 860 vna
264 831 368 860 cum
389 821 506 871 aliis,
530 823 622 873 qui,
645 822 826 872 gratias
853 828 1047 873 agentes
1067 822 1167 862 Deo
1198 835 1281 874 pro
1308 830 1502 875 accepto
1530 825 1770 876 beneficio,

147 891 436 932 fortunatum
456 893 542 932 sibi
563 893 769 933 illuxisse
791 893 1006 933 dicebant
1029 893 1148 934 diem
1170 895 1312 934 illum.
1347 894 1398 935 In
1420 895 1585 936 itinere
1606 897 1666 936 ad
1697 909 1770 949 op-

148 962 354 1013 pidulum
381 963 654 1003 diuertimus
684 975 769 1003 nec
797 963 1056 1014 opinantes,
1090 964 1168 1003 vbi
1195 964 1503 1016 hospiciolum
1531 966 1773 1017 ingressus

146 1044 268 1072 vnus
289 1045 347 1073 ex
367 1032 583 1073 Patribus
605 1033 948 1074 adolescentem
969 1034 1172 1084 offendit,
1193 1035 1270 1086 qui
1291 1035 1387 1075 fere
1406 1036 1587 1077 iacebat
1608 1039 1773 1078 exani-

148 1104 235 1143 mis
257 1110 314 1155 et‚
340 1105 449 1156 quia
470 1104 675 1156 oppiduli
697 1105 827 1145 curio
849 1105 1141 1156 aegrotabat,
1162 1117 1255 1146 non
1271 1107 1422 1146 fuerat
1437 1106 1606 1148 fassus:
1630 1108 1694 1148 ita
1716 1121 1770 1149 eo

146 1175 235 1214 iter
256 1175 482 1216 direxisse
503 1175 660 1216 diuino
682 1175 875 1216 consilio
894 1176 1071 1216 factum
1092 1176 1291 1226 videtur,
1314 1189 1423 1217 nam
1444 1177 1573 1218 Patri
1594 1179 1773 1219 confes-

146 1256 223 1285 sus
245 1251 328 1286 est.

223 1316 332 1356 Inde
352 1328 446 1357 non
465 1317 565 1357 sine
586 1317 692 1358 viae
713 1317 954 1369 dispendio
984 1318 1196 1358 venimus
1218 1318 1265 1358 in
1290 1318 1464 1369 villam,
1490 1319 1567 1359 vbi
1597 1322 1765 1361 mansi-

144 1398 247 1427 mus
268 1394 468 1439 quatuor
488 1388 600 1428 dies.
626 1388 825 1439 Quidam
847 1395 1001 1428 autem
1023 1400 1046 1428 e
1073 1388 1312 1439 fratribus,
1337 1390 1469 1429 cuius
1497 1390 1641 1431 animi
1661 1403 1766 1443 syn-

141 1459 312 1498 ceritas
333 1458 630 1499 admirationi
651 1465 734 1499 est:
759 1459 820 1499 “O
844 1460 1023 1499 vtinam
1044 1471 1147 1499 eam
1164 1459 1276 1499 mibi
1293 1459 1439 1499 vitam
1457 1459 1670 1501 Christus
1689 1474 1766 1502 an-

140 1536 254 1570 nuat
282 1535 332 1569 vt
359 1536 455 1570 toto
484 1531 594 1570 orbe
625 1530 776 1570 crucis
798 1531 970 1571 vexilla
992 1531 1150 1570 extolli
1176 1530 1336 1570 videre
1362 1531 1578 1582 possim‚,.
1603 1532 1766 1585 Coepit

138 1606 263 1651 tunc,
285 1601 479 1640 resectis
499 1612 523 1640 e
544 1602 679 1652 sylua
700 1601 853 1652 lignis,
878 1612 1042 1641 cruces
1063 1601 1312 1651 fabricare,
1335 1607 1379 1641 et
1395 1602 1502 1653 quia
1525 1614 1578 1642 eo
1596 1603 1643 1643 in
1659 1604 1763 1644 loco

137 1672 264 1711 nulla
284 1677 399 1722 erat,
416 1683 524 1722 vna,
545 1683 665 1723 quae
684 1672 1004 1723 magnitudine
1021 1673 1224 1723 reliquas
1245 1672 1510 1723 superabat,
1530 1673 1760 1724 confecta,

136 1741 183 1781 in
203 1743 439 1782 excelsum
460 1742 708 1793 quemdam
728 1749 932 1782 montem
954 1742 1213 1794 deportata,
1237 1754 1329 1783 non
1351 1743 1455 1792 sine,
1466 1743 1653 1795 hymnis
1670 1751 1757 1785 sta-

134 1818 235 1852 tuta
256 1819 340 1853 est.
366 1812 454 1864 Qui
475 1813 534 1853 ad
554 1813 599 1853 id
620 1820 954 1863 convenerant,
978 1814 1024 1853 in
1045 1813 1247 1854 Domino
1269 1824 1413 1864 supra
1435 1814 1623 1855 modum
1653 1824 1760 1856 sunt

135 1883 366 1923 oblectati.
390 1883 625 1935 Reliquae,
650 1884 837 1924 domum
866 1884 1128 1934 redeuntes,
1153 1886 1199 1925 in
1226 1884 1389 1924 itinere
1410 1892 1517 1925 sunt
1538 1886 1759 1927 constitu-

133 1960 224 1994 tae.
247 1953 365 1994 Viae
383 1954 503 1994 illius
520 1955 730 2006 spacium
746 1955 1049 2005 confecimus,
1069 1956 1275 1995 viatores
1294 1955 1597 1997 admonentes
1614 1959 1760 1998 Variis

133 2024 189 2065 de
208 2025 362 2075 rebus,
386 2037 440 2065 ac
461 2025 722 2065 doctrinam
743 2026 1048 2066 christianam
1070 2026 1303 2066 docentes.

211 2095 374 2137 Restat
394 2103 445 2136 vt
467 2097 522 2136 de
543 2097 849 2137 sacratissimi
871 2096 1043 2137 Christi
1065 2097 1279 2148 corporis
1301 2098 1622 2149 collocatione,
1643 2105 1755 2139 tam-

132 2167 208 2208 diu
229 2167 449 2219 expetita,
473 2167 519 2207 in
540 2174 700 2207 nostro
722 2169 893 2208 sacello
915 2168 1144 2208 rationem
1166 2168 1373 2209 reddam.
1399 2168 1592 2209 Praesul
1618 2169 1758 2210 huius

131 2238 260 2278 vrbis
281 2238 597 2289 dignissimus,
622 2239 700 2289 qui
721 2250 820 2278 rem
841 2240 1036 2278 molesto
1059 2239 1214 2278 animo
1236 2239 1358 2279 ferre
1375 2239 1637 2291 videbatur,
1656 2241 1756 2292 ipse

130 2320 264 2349 suam
299 2320 489 2360 operam
515 2309 748 2360 pollicitus
778 2316 861 2348 est.
894 2309 960 2349 Ita
993 2309 1067 2349 die
1094 2309 1358 2349 Beatissimi
1387 2310 1633 2351 Barnabae
1663 2312 1754 2352 huc

129 2379 189 2419 ad
210 2391 295 2419 nos
316 2379 445 2419 venit
466 2391 647 2419 summo
669 2391 819 2430 mane,
845 2380 1188 2419 honestissimis
1207 2381 1450 2432 Vtriusque
1479 2381 1656 2421 ordinis
1687 2383 1751 2422 vi-

129 2450 194 2490 ris
210 2450 473 2499 comitatus,
493 2450 570 2501 qui
586 2462 611 2490 a
629 2451 802 2490 nostris
819 2461 1000 2490 summa
1017 2450 1319 2490 veneratione
1337 2458 1560 2502 exceptus
1578 2458 1662 2493 est:
1681 2464 1749 2492 sa-

127 2521 294 2560 cellum
316 2520 538 2570 sacrauit,
562 2520 750 2560 scholae
771 2532 953 2572 quoque
972 2527 1015 2560 et
1032 2521 1196 2561 domus
1212 2521 1486 2573 impluuium
1502 2528 1751 2574 Vtrumque

126 2591 424 2642 hylarissimo
446 2592 591 2639 vultu,
617 2603 706 2642 quo
728 2592 869 2631 animi
891 2591 962 2631 sui
983 2602 1097 2642 erga
1118 2604 1203 2632 nos
1230 2592 1590 2643 propensionem
1610 2592 1750 2633 facile

124 2661 374 2701 indicabat.
394 2660 495 2712 Quo
515 2668 719 2712 peracto,
738 2662 932 2702 Illustris
949 2662 1197 2702 admodum
1215 2668 1374 2702 noster
1389 2663 1596 2716 Joannes
1612 2675 1746 2714 pran-

124 2732 216 2782 dio,
239 2737 290 2771 vt
310 2731 452 2771 nimio
473 2737 661 2783 sumptu
682 2732 744 2771 ita
767 2738 811 2772 et
832 2743 1012 2772 summa
1034 2733 1269 2783 comitate,
1291 2733 1419 2773 illum
1436 2734 1633 2785 excepit.
1655 2734 1744 2774 Ve—

122 2802 260 2854 speri,
285 2802 443 2842 audita
465 2808 645 2853 quarta,
670 2802 727 2842 ab
749 2802 912 2842 eodem
934 2801 1289 2843 Sacramentum
1310 2804 1357 2843 in
1374 2804 1584 2845 sacrario
1607 2805 1745 2844 collo-

122 2879 278 2913 catum
299 2879 367 2912 est
389 2873 729 2912 solemnissima
751 2884 934 2923 pompa;
959 2873 1018 2913 ad
1040 2873 1313 2924 impluuium
1343 2874 1501 2924 rediit,
1525 2886 1747 2914 scaenam

122 2943 408 2993 conscendit,
434 2943 607 2983 actioni
627 2944 835 2984 comicae
857 2944 1148 2994 instructam,
1174 2956 1293 2996 quae
1309 2956 1391 2995 per
1409 2945 1646 2985 auditores
1667 2956 1744 2984 no-

123 3022 248 3055 strae
274 3014 462 3054 scholae
490 3021 596 3054 acta
625 3020 694 3054 est
719 3014 863 3054 latino
891 3025 1105 3054 sermone
1139 3014 1194 3054 de
1226 3015 1549 3055 Eucharistiae
1581 3014 1749 3055 Sacra-
