2020 3342
261 281 331 320 714
885 284 1117 322 APPENDIX
1142 294 1278 322 PRIMA

261 381 495 432 supersint
515 380 681 431 (gloria
702 380 802 420 Deo
824 380 1037 430 summo),
1061 387 1106 431 et
1127 380 1205 420 alii
1228 380 1345 420 alios
1375 385 1526 430 orant,
1551 386 1600 420 vt
1621 380 1749 422 indui
1765 382 1825 422 ad
1840 382 1887 423 id

261 463 428 492 munus
449 450 774 502 exequendum
793 451 1137 502 permittantur.
1849 489 1860 500 ,

340 522 519 562 Tantus
535 521 676 561 etiam
695 521 744 561 fit
764 522 923 573 populi
944 533 1202 562 concursus
1223 521 1282 562 ad
1302 521 1883 564 sanctissimam'Euchari-

261 593 399 633 stiam
420 592 749 642 comitantiam,
773 592 953 644 quoties
981 604 1008 632 a
1035 592 1200 644 quauis
1227 593 1446 644 paroecia
1477 594 1536 633 ad
1559 599 1778 644 aegrotos
1811 594 1883 634 de-

259 668 487 715 portatur,
512 648 736 714 quantum
756 674 994 714 nunquam
1016 663 1075 703 ad
1097 675 1200 703 eam
1223 675 1321 703 rem
1342 663 1515 703 vidisse
1536 664 1737 704 memini.

339 733 414 774 Ad
432 734 701 773 sacerdotes
717 734 857 774 etiam
874 733 967 785 (qui
984 745 1145 773 omnes
1161 734 1335 774 idcirco
1351 734 1398 774 in
1414 746 1645 775 summum
1662 736 1883 787 templum

260 804 597 854 confluxerant)
619 815 896 854 sermonem,
921 816 1023 844 meo
1045 804 1216 844 iudicio
1239 805 1480 856 optimum,
1504 805 1626 845 idem
1646 804 1784 846 Pater
1805 807 1882 847 ha-

259 876 370 926 buit,
394 887 484 926 quo
505 875 595 915 illis
615 875 838 926 explicuit
859 881 1032 927 quanta
1047 876 1247 926 puritate
1264 882 1308 915 et
1324 876 1586 916 reuerentia
1607 876 1666 917 ad
1687 878 1882 918 sanctis-

259 947 376 987 sima
405 951 725 995 sacramenta,
754 946 1091 986 communionis
1118 947 1297 986 scilicet
1324 958 1378 986 ac
1406 947 1725 997 confessionis,
1759 955 1883 988 esset

258 1017 597 1067 accedendum;
638 1022 862 1068 quantum
896 1022 940 1056 et
975 1023 1211 1068 oporteret
1249 1017 1375 1057 vitae
1414 1029 1528 1068 pure
1562 1021 1605 1058 et
1637 1017 1882 1069 eleganter

257 1093 390 1128 actae
412 1088 675 1139 exemplum
696 1087 822 1138 ipsos
844 1087 946 1127 aliis
970 1087 1044 1137 (ad
1065 1087 1153 1127 Dei
1172 1088 1387 1138 gloriam)
1407 1087 1639 1128 exhibere.
1658 1088 1754 1129 Nos
1768 1101 1883 1129 uero

256 1158 494 1199 rarissime
516 1170 740 1198 vacamus
762 1164 950 1209 propter
972 1164 1204 1209 aegrotos,
1229 1158 1305 1209 qui
1322 1159 1368 1198 in
1384 1158 1473 1199 hac
1490 1160 1604 1199 vrbe
1621 1159 1876 1210 abundant,

256 1229 422 1281 quibus
442 1229 712 1278 invisendis,
737 1235 816 1269 aut
837 1229 978 1268 etiam
1004 1229 1375 1269 confessionibus
1398 1229 1639 1270 audiendis
1671 1230 1769 1270 dies
1799 1243 1878 1271 no-

254 1299 323 1339 bis
345 1306 694 1340 consumuntur:
718 1297 1052 1350 nonnunquam
1074 1299 1229 1350 etiam,
1254 1311 1360 1339 cum
1376 1299 1511 1340 datur
1532 1301 1677 1348 locus,
1697 1301 1877 1353 aliquos

254 1371 300 1410 in
322 1371 476 1421 gratia
495 1375 669 1421 ponere
691 1370 724 1415 ¹.
748 1371 836 1410 etsi
867 1371 1002 1410 huius
1029 1371 1217 1421 generis
1243 1382 1395 1420 pauca
1423 1370 1674 1412 admodum
1705 1373 1880 1423 reperi—

254 1453 361 1481 mus
399 1441 428 1492 ²,
469 1442 577 1493 quia
616 1441 704 1481 Dei
747 1441 969 1481 beneficio
1009 1441 1381 1493 perturbationes
1415 1450 1673 1483 cessarunt:
1711 1455 1875 1494 pacem

255 1518 379 1552 amat
400 1518 444 1552 et
465 1513 765 1552 concordiam
787 1513 902 1552 haec
924 1512 1112 1562 ciuitas,
1142 1524 1262 1564 quae
1292 1513 1499 1564 quidem,
1536 1520 1783 1565 postquam
1813 1515 1878 1554 in-

253 1584 429 1624 tellexit
463 1595 548 1623 nos
576 1589 672 1623 tam
702 1584 794 1623 cito
826 1583 1072 1633 redituros,
1104 1583 1167 1623 ita
1202 1594 1342 1634 aegre
1375 1589 1586 1624 nostrum
1619 1583 1877 1626 discessum

252 1654 454 1705 pertulit,
486 1660 536 1694 ut
565 1665 764 1705 magnae
797 1653 930 1694 nobis
957 1654 1219 1694 confusioni
1250 1654 1296 1694 id
1324 1653 1473 1702 fuerit3
1508 1655 1723 1695 dicebant
1751 1656 1875 1696 enim

252 1731 496 1777 peccatum
518 1736 619 1765 esse
640 1737 724 1764 nos
745 1725 853 1765 hinc
874 1724 1129 1774 discedere,
1152 1725 1231 1765 vbi
1252 1730 1382 1765 tanta
1404 1731 1448 1765 et
1469 1731 1566 1765 tam
1594 1737 1767 1777 magna
1786 1727 1876 1777 spi-

253 1796 433 1837 ritualis
454 1796 633 1836 fructus
655 1795 1004 1847 susciperentur
1026 1796 1328 1836 incrementa.

331 1867 571 1907 Hactenus
592 1878 650 1906 ex
671 1866 817 1906 literis
836 1866 885 1905 P.
909 1865 1035 1906 Petri
1063 1865 1264 1906 Sanctae
1293 1867 1478 1918 Crucis,
1509 1868 1586 1919 qui
1613 1868 1711 1919 ipse
1739 1868 1875 1908 simul

251 1949 355 1978 cum
376 1937 426 1977 P.
449 1938 750 1978 Emmanuele
770 1937 1066 1977 Ferdinando
1090 1938 1149 1977 ad
1171 1938 1291 1977 hanc
1313 1938 1476 1978 vrbem
1503 1939 1562 1978 ad
1582 1938 1871 1979 dimidiatum

248 2008 566 2060 Septembrem
588 2007 738 2058 rediit3
768 2008 835 2047 sic
869 2008 991 2047 enim
1021 2020 1045 2047 a
1080 2008 1129 2048 P.
1160 2008 1220 2048 M.
1250 2008 1446 2060 Myrone
1472 2008 1624 2049 fuerat
1653 2009 1870 2050 constitu-

249 2085 361 2128 tum,
384 2085 433 2119 vt
454 2079 527 2118 ille
552 2078 599 2119 P.
623 2079 917 2128 Emmanuel,
948 2079 1134 2118 ineunte
1166 2091 1322 2119 mense
1351 2079 1565 2120 Octobris
1597 2080 1703 2132 (quo
1734 2080 1873 2121 etiam

248 2156 458 2201 tempore
488 2149 563 2190 hic
593 2155 784 2189 nostrae
818 2150 1043 2189 lectiones
1078 2149 1335 2201 incipiunt),
1373 2150 1633 2190 doctrinam
1668 2149 1696 2198 ⁵,
1734 2162 1873 2202 quam

250 2227 387 2260 antea
406 2220 574 2270 facere
595 2223 609 2242 4
636 2219 798 2260 solitus
827 2226 941 2269 erat,
979 2226 1350 2271 prosequeretur.
1382 2220 1501 2261 Nam
1535 2227 1719 2272 praeter
1752 2233 1870 2273 eam,

252 2303 390 2342 quam
410 2291 603 2342 quisque
627 2296 979 2341 praeceptorum
1001 2292 1099 2330 suis
1120 2290 1360 2342 discipulis
1381 2291 1428 2331 in
1444 2291 1615 2332 scholis
1626 2292 1823 2342 faciunt
1843 2292 1871 2341 ⁵,

250 2362 370 2401 hanc
392 2362 465 2401 ille
487 2360 971 2410 hominibus—faciebat
997 2364 1025 2400 ⁶.
1059 2361 1221 2411 Coepit
1247 2361 1404 2413 itaque
1430 2362 1505 2401 ille
1538 2361 1597 2402 1‚⁰
1624 2362 1696 2402 die
1725 2363 1872 2403 domi-

249 2433 353 2472 nico
376 2431 605 2472 Octobris:
630 2431 687 2471 ad
709 2432 795 2470 hoc
818 2438 973 2471 autem
995 2432 1218 2482 temporis
1246 2433 1435 2483 crescit,
1458 2432 1546 2472 Dei
1575 2433 1794 2484 bonitate,
1829 2440 1872 2474 et

250 2502 515 2542 auditorum
537 2513 760 2542 numerus
781 2508 825 2541 et
846 2501 1097 2552 profectus,
1123 2503 1287 2553 quibus
1316 2515 1421 2543 cum
1449 2505 1590 2543 semel
1611 2504 1670 2543 P.
1701 2503 1713 2522 ⁷
1735 2516 1870 2556 expo-

307 2708 314 2727 ¹
355 2707 580 2734 Emendatum
601 2707 664 2733 hoc
688 2706 799 2733 suerat
820 2706 887 2733 sic:
912 2708 1086 2740 ponimus,
1103 2707 1232 2735 Verum
1254 2708 1381 2736 delevit
1404 2709 1435 2736 id
1456 2708 1622 2737 Polancus
1641 2714 1673 2737 et
1688 2710 1805 2738 addita
1819 2711 1873 2738 lit-

250 2761 325 2783 tera
342 2762 374 2781 m
394 2755 466 2782 voci
482 2754 701 2789 praecedenti
723 2754 851 2785 aratia,
873 2754 1010 2788 scripsit
1034 2754 1064 2780 in
1089 2754 1254 2788 margine:
1277 2756 1394 2783 redire
1417 2758 1578 2783 mutuam
1595 2764 1773 2784 curamus.
1795 2757 1877 2785 Ideo
1899 2763 1902 2766 ·

249 2802 384 2828 tandem
399 2801 577 2835 legendum
593 2806 654 2828 est:
673 2801 705 2827 in
719 2801 871 2834 gratiam
889 2801 1007 2827 redire
1024 2803 1184 2828 mutuam
1200 2809 1380 2830 curamus

303 2848 315 2868 Ξ
350 2849 450 2882 fiunt.
464 2848 650 2875 PotANcus.

301 2896 315 2915 ⁵
352 2896 539 2923 doctrinam
556 2895 804 2925 christianam.
818 2897 865 2924 ΙΙ).

304 2943 317 2962 ‘⁰
355 2947 538 2977 exponere.
555 2943 603 2969 ID.

306 2989 319 3007 5
352 2991 532 3024 proponit.
547 2990 595 3017 10.

302 3037 316 3055 6
354 3037 464 3064 aliam
479 3038 684 3071 exponebat.
701 3038 747 3066 In.

302 3084 314 3102 ⁷
352 3083 418 3111 Ille
431 3089 487 3118 pr.
502 3085 642 3117 (pater).
657 3085 705 3111 Io.
