2020 3342
257 229 324 268 182
761 231 990 268 LITTERAE
1017 241 1319 274 QUADRIMESTR
1326 240 1374 268 ns

255 327 328 367 dia
352 339 531 373 summa
554 334 597 367 et
618 327 822 368 factione
843 328 1040 378 versari,
1065 340 1122 368 ex
1143 339 1234 380 qua
1255 328 1394 368 timor
1415 328 1645 369 maximus
1666 328 1875 369 immine·

255 398 333 438 bat
354 399 605 438 multarum
627 399 853 448 caedium,
872 410 965 438 vna
987 410 1091 439 cum
1121 399 1370 439 amissione
1404 399 1647 449 bonorum,
1684 399 1873 451 quidam
1917 401 1922 415 ⁷

257 468 408 520 Pater,
432 469 583 509 studio
617 470 931 521 praecauendi
966 470 1097 519 haec,
1135 481 1227 510 non
1258 469 1485 510 dubitauit
1521 482 1681 511 coram
1715 471 1873 512 multis

257 540 456 591 cuidam,
488 541 685 592 genibus
715 540 862 590 flexis,
899 542 1180 592 supplicare,
1210 549 1258 580 ut
1294 541 1522 581 rationem
1560 541 1764 593 aliquam
1787 543 1876 583 sibi

257 611 547 651 commodam
570 611 811 661 inueniret,
836 623 925 663 qua
942 611 1002 652 ad
1023 611 1322 652 concordiam
1350 613 1498 652 omnis
1525 624 1600 653 res
1626 613 1875 654 adducere-

257 688 346 722 tur.
371 681 577 722 Consilio
600 688 737 733 atque
759 694 900 733 opera
929 683 1172 723 cuiusdam
1206 683 1366 723 fratris
1397 685 1543 724 nostri
1575 684 1764 735 quidam
1784 685 1873 735 vir,

258 753 350 793 iam
368 753 424 793 ab
442 765 588 793 vxore
604 753 856 804 seiunctus,
877 764 1016 804 quarn
1033 754 1219 794 omnino
1237 754 1451 795 deserere
1469 755 1604 794 simul
1630 766 1734 795 cum
1755 755 1874 805 filiis,

259 825 315 864 ob
351 824 663 875 suspicionem
697 823 927 870 adulterii,
964 825 1171 875 volebat,
1209 837 1314 865 cum
1350 826 1511 865 eadem
1547 837 1726 866 summa
1761 838 1876 878 pace

260 895 535 935 coniunctus
557 901 639 935 est.
665 894 780 935 Illud
801 895 941 935 etiam
962 901 1005 935 te
1036 907 1127 935 non
1156 896 1300 936 latere
1328 896 1476 947 debet,
1501 895 1623 948 quod
1649 908 1754 937 cum
1784 909 1875 937 mo-

258 965 410 1005 nacho
431 966 631 1016 quodam
653 972 808 1006 actum
830 971 914 1016 est,
938 967 1017 1017 qui
1038 966 1318 1007 discesserat
1354 979 1412 1007 ex
1443 968 1683 1018 coenobio,
1720 968 1766 1008 in
1787 979 1877 1019 quo

258 1037 443 1076 circiter
464 1037 624 1076 decern
661 1048 809 1076 annos
842 1037 987 1077 vitam
1022 1043 1196 1088 egerat,
1230 1049 1334 1078 cum
1369 1039 1603 1079 constanti
1635 1039 1878 1079 voluntate

258 1119 349 1147 non
372 1108 541 1158 agendi
562 1107 617 1147 de
645 1114 830 1148 caetero
865 1108 1174 1148 monasticam
1211 1109 1372 1159 vitam,
1406 1121 1545 1161 quam
1579 1110 1715 1150 factis
1736 1110 1883 1159 etiam*

259 1179 542 1229 declarabat,
562 1179 788 1229 siquidem
810 1178 951 1218 dabat
975 1191 1166 1230 operam
1188 1179 1279 1219 iam
1302 1186 1351 1219 Vt
1372 1180 1460 1220 sibi
1491 1192 1517 1219 a
1540 1180 1730 1220 Summo
1760 1180 1877 1221 Pon-

256 1249 378 1290 tifice
398 1250 583 1290 licentia
605 1250 808 1298 daretur,
833 1262 922 1301 qua
941 1250 1099 1290 liceret
1120 1251 1220 1299 sibi,
1240 1250 1400 1291 habitu
1418 1251 1676 1291 monastico
1694 1252 1876 1302 relicto,

258 1321 538 1361 sacerdotali
560 1322 641 1360 vti.
664 1320 751 1360 Hic
774 1332 879 1361 cum
906 1333 931 1360 a
961 1321 1164 1372 quodam
1188 1322 1339 1372 Patre,
1376 1334 1425 1361 re
1454 1323 1658 1372 cognita,
1691 1334 1878 1374 persua-

258 1393 444 1432 deretur
465 1398 513 1431 vt
543 1392 588 1431 in
617 1392 742 1432 uiam
776 1392 961 1441 rediret,
994 1392 1216 1432 audacter
1249 1393 1485 1444 respondit
1513 1404 1562 1433 se
1587 1394 1712 1433 nullo
1741 1399 1885 1445 pacto

258 1463 302 1503 id
323 1475 424 1503 esse
441 1463 689 1503 facturum.
709 1461 819 1503 Post
841 1463 1016 1514 aliquot
1037 1462 1135 1503 dies
1167 1463 1312 1503 adiuit
1338 1475 1442 1503 eum
1470 1464 1588 1504 alius
1617 1463 1770 1514 Pater,
1801 1465 1879 1516 qui

258 1535 321 1574 ita
344 1545 449 1574 cum
471 1534 547 1573 illo
569 1534 751 1573 locutus
772 1539 855 1583 est,
886 1539 935 1573 vt
968 1534 1171 1574 animum
1208 1534 1305 1574 eius
1337 1534 1393 1574 ab
1431 1535 1556 1574 omni
1592 1535 1682 1574 alia
1705 1535 1879 1592 cogita-

258 1605 381 1645 tione
403 1605 461 1645 ad
483 1604 684 1645 reditum
711 1605 757 1645 in
793 1604 1067 1645 coenobium
1102 1605 1383 1654 traduceret,
1422 1617 1526 1645 cum
1560 1616 1740 1646 summo
1762 1605 1878 1646 desi-

257 1676 384 1717 derio
408 1676 642 1716 baiulandi
664 1687 851 1716 crucem
872 1687 955 1727 pro
977 1675 1178 1716 Christo.
1202 1676 1451 1716 Praeterea
1468 1677 1632 1717 mulier
1650 1676 1878 1728 quaedam

260 1760 285 1788 a
308 1747 410 1787 viro
431 1759 515 1787 suo
539 1747 739 1797 deserta,
764 1747 951 1798 quicum
972 1747 1155 1787 vixerat
1183 1746 1427 1788 duodecim
1455 1759 1617 1798 annos,
1640 1748 1796 1800 nupsit
1819 1749 1879 1788 al-

257 1818 364 1868 teri3
388 1830 414 1858 a
437 1829 527 1869 quo
548 1824 651 1869 post
672 1829 755 1857 sex
784 1828 946 1868 annos,
978 1818 1182 1858 consiliis
1210 1824 1254 1858 et
1288 1818 1502 1869 precibus
1536 1819 1777 1858 cuiusdam
1799 1819 1880 1859 Pa-

257 1890 356 1937 tris,
382 1889 439 1928 ab
462 1900 515 1928 eo
537 1899 717 1928 summa
740 1899 844 1928 cum
865 1900 981 1940 pace
1003 1895 1047 1928 et
1061 1889 1395 1940 tranquillitate
1417 1889 1644 1929 discessit.
1668 1889 1879 1942 Denique

259 1972 349 2000 non
367 1960 550 2000 silentio
567 1959 829 2010 praeteribo
846 1959 970 2010 quod
988 1959 1043 1999 de
1062 1960 1208 2000 altero
1226 1959 1411 2000 homine
1429 1960 1648 2011 intellexi,
1667 1960 1760 2012 qui,
1775 1971 1880 2001 cum

258 2030 437 2083 pridem
458 2042 652 2070 uxorem
688 2030 911 2081 duxisset,
942 2030 1179 2082 profectus
1209 2031 1254 2070 in
1291 2030 1431 2071 aliam
1452 2031 1705 2082 regionem,
1740 2032 1880 2072 aliam

259 2102 404 2142 duxit.
438 2102 525 2141 Hic
553 2101 639 2141 etsi
668 2108 795 2141 certo
826 2101 966 2141 sciret
1002 2101 1127 2141 illam
1156 2103 1415 2142 adulteram
1449 2102 1605 2153 fuisse,
1629 2113 1881 2153 persuasus

264 2179 418 2213 tamen
441 2184 466 2212 a
489 2172 690 2224 quodam
712 2171 863 2222 Patre,
889 2172 977 2212 hac
998 2173 1175 2223 relicta,
1199 2184 1302 2212 eam
1324 2172 1406 2212 iuit
1423 2173 1700 2224 quaesitum.

337 2243 465 2283 Haec
483 2249 602 2293 sunt,
629 2243 878 2283 admodum
900 2243 1191 2283 obseruande
1212 2243 1364 2294 Pater,
1385 2256 1503 2295 quae
1531 2244 1611 2284 tibi
1633 2244 1880 2284 scribenda

259 2315 435 2355 censui.
1733 2323 1737 2325 ·

337 2386 466 2426 Deus
507 2385 612 2437 Opt.
657 2385 781 2426 Max.
821 2385 1154 2426 Paternitatem
1188 2386 1337 2427 Tuam
1367 2387 1618 2436 custodiat,
1661 2392 1705 2426 et
1743 2386 1880 2427 simul

259 2457 410 2498 omnia
433 2463 513 2497 tua
534 2457 728 2497 consilia
749 2458 976 2508 gubernet
998 2463 1041 2497 et
1063 2457 1343 2508 moderetur,
1373 2458 1538 2508 quibus
1570 2458 1789 2498 consulas
1810 2469 1878 2498 sa-

258 2529 343 2568 luti
364 2528 504 2568 totius
526 2527 785 2569 Societatis.
810 2528 933 2568 Bene
961 2530 1081 2568 vale.

340 2599 631 2639 Duodecimo
653 2598 884 2639 Calendas
902 2599 1027 2639 Maii.

341 2670 565 2709 Mandato
588 2670 734 2709 nostri
756 2670 907 2710 Patris
928 2670 1158 2710 Roderici.

343 2812 695 2864 Superscm'plz'o
725 2812 773 2851 ἶφι
805 2797 977 2863 (maria
1000 2812 1212 2863 pagina:
1234 2812 1264 2863 ἦ·
1285 2813 1345 2853 Al
1376 2825 1485 2865 muy
1505 2813 1612 2853 'R.<¹0
1645 2813 1792 2854 Padre
1827 2826 1884 2855 en

261 2883 370 2937 Jesu
392 2883 577 2924 Christo
596 2889 785 2922 nuestro
801 2882 873 2922 Ρ.Ε
894 2884 934 2922 el
952 2883 1155 2923 Maestro
1176 2883 1357 2934 Ignatio
1381 2883 1437 2923 de
1456 2883 1618 2925 Laiola
1637 2884 1762 2934 (sic),
1783 2896 1899 2936 pre-,-

262 2955 410 3006 posito
433 2955 624 3004 general
646 2954 700 2994 de
724 2954 767 2993 la
795 2953 1050 3005 Compafiia
1072 2953 1128 2994 de
1147 2954 1296 3007 Jesus,
1322 2967 1378 2994 en
1398 2955 1562 2996 Roma.

344 3025 452 3064 Alsa
488 3036 648 3064 mmm:
688 3024 800 3063 1556.
826 3023 1022 3064 Gandia.
1050 3024 1424 3074 Quadrimestres
1444 3026 1495 3065 ‘20
1516 3025 1706 3076 Aprilis.
