2020 3342
204 248 276 286 694
823 250 1053 287 APPENDIX
1079 261 1214 287 PRIMA

207 351 277 385 ter
294 346 334 385 ei
356 358 457 386 esse
478 347 663 386 videtur
683 345 711 395 ³,
738 352 786 385 ut
807 358 1047 397 speremus
1068 352 1112 386 et
1134 347 1241 386 hine
1262 358 1354 386 non
1377 358 1543 398 parum
1564 347 1759 398 fruetus,
1782 347 1830 387 in

205 416 277 456 his
292 417 583 468 praesertim,
608 417 686 467 qui
708 417 907 457 aliorum
937 428 1079 457 suasu
1111 429 1137 457 a
1161 417 1293 457 bonis
1310 418 1460 457 solent
1488 417 1740 468 propositis
1762 429 1828 457 re-

205 487 340 534 trahi;
361 487 446 527 hos
467 487 587 527 enim
610 499 702 527 non
723 498 889 538 parum
909 494 1063 528 mouet
1085 488 1160 527 ille
1177 488 1272 528 suis
1290 488 1710 539 adhortationibuS,
1734 489 1826 528 ani-

206 569 333 597 mum
367 557 556 608 addens,
598 558 1029 609 contemnendaque
1062 558 1236 598 docens
1266 570 1586 610 quaecumque
1620 557 1755 610 D[eo]
1783 559 1831 598 in

206 628 294 667 hoe
315 628 525 667 instituto
550 629 729 668 seruire
753 629 989 668 volentem
1014 636 1206 680 possent
1241 629 1507 669 retardare:
1539 630 1721 680 gratiae
1746 629 1830 669 ita—

205 709 293 749 que
309 697 407 748 X.0‚
431 710 521 750 quo
544 699 754 749 authore,
776 699 853 751 qui
869 699 1003 739 nobis
1020 698 1146 752 [non]
1167 700 1419 740 admodum
1435 707 1573 740 antea
1590 700 1830 750 fauebant,

204 769 299 808 iam
318 780 367 809 se
389 770 565 810 amieos
586 771 742 821 palam
762 770 1052 822 profitentur.
1075 770 1214 811 Faxit
1235 772 1334 822 ipse
1356 778 1420 821 ut,
1440 772 1607 823 quibus
1627 772 1830 811 testimo-

206 839 334 879 nium
355 852 448 880 non
469 841 597 880 deest
619 841 675 881 ab
697 841 782 888 his,
807 841 884 892 qui
904 841 1018 882 foris
1040 849 1161 890 sunt,
1200 842 1419 894 propriae
1445 853 1684 893 nunquam
1713 841 1833 882 desit

207 911 519 951 conscientiae
540 911 869 952 testimonium.
894 912 1097 964 Alioqui,
1122 912 1232 963 quid
1262 913 1453 963 prodest
1480 912 1772 953 Emmanueli
1792 912 1833 951 si

205 981 433 1032 laudetur,
456 982 502 1022 in
523 994 613 1034 quo
634 983 732 1034 ipse
754 982 995 1023 ordinatus
1018 989 1101 1033 est,
1126 983 1481 1034 institutumque
1504 982 1756 1033 extollitur,
1784 982 1835 1022 in

205 1064 295 1103 quo
317 1053 744 1104 reprehensibiliter
764 1054 898 1094 uiuit?

286 1122 431 1163 Multa
453 1125 543 1164 alia
565 1130 686 1176 sunt,
712 1137 832 1177 quae
853 1131 1072 1176 operatur
1096 1125 1338 1176 Dominus,
1365 1125 1420 1166 de
1444 1125 1610 1177 quibus
1637 1125 1829 1175 longum

206 1201 329 1235 esset
352 1207 432 1246 per
453 1195 637 1246 singula
668 1196 887 1246 seribere,
918 1197 1194 1247 praesertim
1223 1207 1365 1248 quum
1395 1197 1617 1248 epistolae
1649 1207 1833 1236 mensu—

206 1277 306 1305 ram
328 1265 424 1305 fere
444 1266 611 1306 fuerim
644 1272 1038 1318 praetergressus.
1062 1267 1177 1307 Eam
1203 1268 1345 1318 igitur
1363 1267 1452 1307 hoe
1474 1278 1566 1307 uno
1590 1265 1833 1317 claudens,

205 1336 443 1377 Christum
473 1349 553 1377 oro
577 1349 661 1378 sua
696 1338 743 1378 in
764 1338 898 1378 nobis
920 1339 965 1378 in
994 1339 1093 1378 dies
1131 1339 1253 1378 dona
1276 1339 1492 1389 dignetur
1523 1349 1712 1389 augere,
1738 1349 1835 1389 quo-

206 1409 254 1447 in
274 1407 373 1447 eius
394 1408 531 1448 uinea
550 1409 789 1449 uberiores
809 1409 856 1449 in
879 1408 977 1449 dies
997 1409 1175 1449 fructus
1196 1409 1385 1459 saciant,
1417 1409 1495 1461 qui
1516 1408 1575 1448 ad
1599 1420 1702 1449 eam
1723 1409 1833 1449 licet

206 1478 452 1519 undecima
486 1479 603 1519 hora
636 1480 793 1519 vocati
826 1486 953 1530 sunt,
992 1491 1175 1531 agoque
1211 1480 1390 1530 gratias
1426 1480 1563 1531 quod,
1604 1491 1708 1520 cum
1738 1490 1834 1519 non

206 1549 357 1589 desint
386 1550 465 1601 qui
500 1557 846 1590 murmurantes
867 1551 1023 1590 dicant
1060 1555 1102 1590 et
1136 1556 1278 1601 pares
1308 1550 1421 1590 illos
1455 1550 1588 1590 nobis
1610 1550 1775 1600 fecz‘stt
1803 1549 1837 1601 ¹,

205 1620 456 1671 respondet
478 1632 560 1672 pro
583 1621 679 1661 suis
700 1620 944 1672 Dominus,
970 1622 1102 1662 euius
1123 1623 1321 1672 utinam,
1346 1622 1443 1662 siue
1473 1622 1705 1673 uiuamus,
1730 1621 1835 1662 siuev

207 1691 477 1741 moriamur,
502 1703 684 1742 semper
705 1693 863 1732 simus.
888 1692 1056 1732 Amen.

287 1761 533 1813 Compluti,
558 1763 705 1813 pridie
727 1764 813 1803 eal.
836 1763 1062 1815 Januarii,
1087 1775 1208 1803 anno
1232 1775 1258 1803 a
1281 1762 1454 1804 Christi
1475 1763 1746 1804 Natiuitate.

286 1833 358 1873 Ex
382 1833 532 1873 Patris
554 1834 870 1874 Emmanuelis
893 1834 1238 1884 commissione,

477 1904 528 1944 R.
554 1904 602 1943 P.
625 1904 683 1944 V.
704 1904 922 1955 indignus
943 1904 1063 1944 filius
1084 1911 1129 1944 et
1146 1916 1310 1945 seruus
1333 1905 1377 1944 in
1400 1905 1497 1955 X.0‚

1165 2045 1432 2086 EMMANUEL
1461 2047 1652 2087 inutilis.

289 2258 348 2297 In
380 2262 578 2309 quartae
606 2259 819 2309 paginae
860 2258 1081 2309 margine
1122 2258 1233 2298 haec
1266 2262 1454 2299 tantum
1487 2258 1736 2309 leguntur.
1772 2258 1836 2309 Q⁸

213 2328 444 2379 Complut.
469 2330 568 2368 sine
591 2341 728 2369 anno.

263 2464 274 2484 ¹
316 2465 430 2492 Verba
445 2465 529 2492 haec
546 2465 795 2499 invelliturque
810 2466 847 2491 in
860 2471 916 2491 eos
926 2465 1123 2491 sentientes
1137 2464 1282 2499 esusque
1297 2464 1407 2491 Pater
1420 2465 1453 2491 ei
1465 2471 1541 2492 esse
1555 2465 1699 2492 videtur
1709 2471 1769 2492 nec
1784 2464 1836 2491 hi-

208 2512 324 2546 spanis
339 2512 453 2539 verbis
468 2513 551 2539 bene
567 2513 735 2547 quadrant
750 2520 811 2540 nec
825 2512 1051 2547 perspicuum,
1065 2512 1160 2539 nobis
1174 2513 1308 2546 saltem,
1322 2519 1458 2540 sensum
1471 2512 1598 2540 habere
1610 2512 1780 2541 videntur.

262 2558 277 2579 2
313 2559 447 2593 Matar,
465 2567 521 2594 xx,
539 2560 581 2587 12.
