2020 3342
843 228 925 264 ΑΝ.
957 227 1048 264 1556
1715 226 1762 262 95

132 335 257 368 totas
276 327 372 367 fere
392 331 553 366 noctes
580 325 627 365 in
658 324 869 364 oratione
896 323 1205 374 peruigilans,
1236 333 1371 361 sacro
1402 321 1584 360 vulneri
1616 321 1760 360 domi-

134 399 227 438 nici
253 397 413 438 lateris
441 397 637 443 inclusa,
673 394 835 434 illhinc
869 395 1084 434 Vltimum
1110 403 1306 444 sperans
1340 391 1620 432 remedium:
1651 391 1760 431 dum

136 470 223 509 hoc
246 468 384 508 modo
403 478 451 506 se
468 472 735 518 praeparat,
756 476 864 505 ecce
881 464 1070 504 aduenit
1087 462 1384 514 plenissimus
1402 462 1642 509 iubilaeus‚
1663 472 1762 511 per-

132 539 228 579 ficit
249 537 612 585 confessionem,
637 535 807 586 achpit
834 534 1196 583 absolutionem,
1229 544 1369 584 quam
1401 543 1538 583 spero
1573 531 1671 572 fore
1703 531 1762 571 ad

136 610 390 650 maximam
410 608 534 647 Vitae
555 606 935 647 reformationem
956 611 1000 644 et
1022 615 1185 644 veram
1205 603 1527 655 proximorum
1548 601 1763 642 aedifica-

132 681 324 721 tionem.

218 750 448 790 Dominus
485 748 707 788 Prouisor
727 779 734 798 ‚
776 748 929 787 locum
969 745 1327 796 Archiepiscopi
1366 751 1529 784 tenens
1550 776 1557 793 ,
1599 744 1647 784 in
1687 744 1759 783 his

133 821 353 862 omnibus
374 819 599 859 auxilium
619 818 754 858 nobis
781 817 1035 869 praestitit,
1065 814 1440 856 contradicentes
1468 825 1767 866 compescen-

132 891 212 942 do,
243 889 494 931 animando
526 889 729 929 vicarios
758 894 803 928 et
834 887 1140 927 ecclesiarum
1174 892 1382 926 rectores
1417 885 1476 925 ad
1503 883 1761 925 seruandas

132 962 387 1014 synodales
422 960 856 1011 archiepiscopatus
892 957 1251 998 constitutiones
1289 957 1336 996 in
1375 955 1655 1007 explicanda
1689 956 1763 995 do-

134 1034 292 1074 ctrina
320 1032 576 1073 christiana
608 1030 803 1081 aliisque
834 1029 995 1079 rebus,
1028 1039 1143 1080 quas
1172 1027 1348 1067 sanctis
1377 1026 1563 1066 statutis
1591 1026 1763 1065 habent

134 1102 476 1153 obseruandas3
500 1101 791 1142 exhortando
813 1099 1105 1149 sacerdotes,
1131 1104 1181 1138 vt
1202 1098 1269 1137 sic
1292 1097 1599 1137 ministerium
1633 1108 1768 1136 suum

141 1179 407 1222 exerceant,
431 1185 487 1213 ea
507 1174 757 1224 loquantur
785 1177 829 1210 et
850 1176 1099 1221 operentur
1131 1180 1291 1208 coram
1312 1168 1594 1216 hominibus,
1625 1173 1676 1206 vt
1703 1167 1769 1206 vi-

137 1246 305 1286 dentes
325 1243 585 1295 glorificent
607 1242 808 1291 Patrem,
833 1241 911 1292 qui
932 1241 978 1280 in
1000 1240 1142 1280 coelis
1164 1245 1255 1289 est,
1289 1239 1327 1278 si
1362 1239 1439 1290 qui
1466 1250 1579 1278 vero
1611 1238 1771 1277 auxilii

139 1316 408 1368 egentiores
429 1314 661 1361 videntur,
686 1313 771 1353 hos
793 1313 852 1352 ad
874 1312 1030 1363 aliqua
1059 1310 1320 1362 spiritualia
1349 1309 1574 1349 exercitia
1604 1309 1768 1348 exhor-

142 1388 306 1437 tando,
338 1393 380 1426 et
407 1397 513 1426 cum
541 1396 658 1436 opus
686 1390 755 1424 est
783 1383 1013 1424 sententia
1042 1380 1397 1433 praecipiendO,
1436 1379 1558 1431 quod
1588 1379 1772 1430 quidem

140 1470 237 1499 ‘non
257 1458 342 1498 fuit
364 1457 463 1497 sine
484 1467 656 1506 magno
686 1454 860 1505 fructu;
890 1453 1037 1494 suasit
1071 1453 1193 1493 enim
1221 1452 1338 1491 haec
1369 1451 1467 1502 ipse
1498 1463 1592 1490 non
1621 1451 1772 1490 solum

145 1529 289 1569 verbo
312 1527 393 1568 sed
414 1527 554 1567 etiam
575 1526 805 1577 exemplo:
830 1523 1072 1564 consueuit
1093 1533 1295 1574 namque
1312 1521 1450 1561 simul
1471 1521 1568 1572 ipse
1587 1532 1689 1561 cum
1710 1520 1774 1559 vi-

144 1600 338 1640 sitatore
359 1598 496 1638 huius
517 1596 720 1638 ciuitatis
743 1601 911 1636 octauo
933 1605 1116 1646 quoque
1138 1593 1210 1633 die
1228 1592 1438 1632 confiteri
1455 1591 1669 1631 Patribus
1689 1590 1775 1631 So-

142 1670 346 1720 -cietatis‚
371 1668 606 1709 celebrare
629 1673 785 1707 autem
805 1664 1093 1717 frequentius
1120 1674 1262 1715 quam
1289 1662 1535 1702 dominicis
1567 1668 1611 1701 et
1641 1661 1772 1701 festis

143 1742 328 1791 diebus,
353 1739 475 1792 quod
491 1745 560 1779 est
581 1738 695 1778 satis
712 1747 886 1777 nouum
903 1747 1098 1776 munera
1117 1733 1303 1786 publica
1319 1732 1607 1784 gerentibus3
1627 1743 1774 1783 neque

149 1813 221 1853 his
245 1818 402 1852 tamen
422 1810 597 1850 idcirco
620 1809 667 1849 in
689 1809 782 1848 vllo
805 1806 1090 1856 deficientes,
1114 1805 1196 1845 sed
1223 1805 1322 1856 ipsa
1345 1804 1502 1855 potius
1529 1803 1606 1855 pia
1628 1815 1683 1843 ac
1714 1803 1777 1842 di-

149 1883 313 1934 ligenti
332 1881 623 1932 feruentique
645 1879 874 1919 charitate
895 1882 1193 1928 exequentes,
1217 1881 1261 1915 et
1282 1875 1328 1914 in
1349 1875 1463 1926 ipsis
1479 1875 1583 1925 plus
1600 1881 1775 1925 tempo-

144 1954 212 1994 ·ris
247 1953 383 1994 solito
413 1951 750 2003 impendentes.
790 1948 1082 1989 Infirmorum
1114 1946 1313 1998 denique
1343 1956 1600 1997 pauperum
1630 1944 1783 1984 solici-

146 2032 247 2064 tam
282 2035 444 2064 curam
473 2022 618 2073 gerit,
651 2020 888 2060 visitando
917 2017 1168 2069 hospitalia
1199 2017 1245 2056 in
1277 2016 1443 2067 quibus
1473 2016 1650 2066 iacent,
1681 2016 1781 2054 sub-

150 2094 382 2136 ueniendo
412 2091 774 2133 necessitatibus
803 2097 847 2131 et
878 2087 1165 2130 subleuando
1200 2087 1384 2127 labores
1418 2087 1618 2126 illorum.
1652 2085 1781 2136 Quos

146 2166 297 2206 etiam
327 2165 474 2205 nostri
504 2175 664 2214 saepe,
699 2160 852 2213 quoad
878 2166 1096 2212 possunt,
1131 2159 1293 2198 iuuare
1324 2163 1579 2206 conantur,
1610 2156 1782 2208 partim

147 2234 459 2286 exhortando,
489 2234 663 2286 partim
694 2231 1079 2281 confessionibus,
1104 2229 1349 2279 dirigendo
1376 2228 1629 2278 ministros,
1661 2226 1785 2279 quod

154 2308 352 2347 multum
373 2305 590 2345 conducit
612 2310 662 2344 vt
683 2303 914 2355 patienter
936 2307 979 2341 et
1000 2301 1074 2352 pie
1095 2311 1179 2340 suo
1208 2299 1377 2350 quique
1405 2298 1661 2349 fungantur
1688 2309 1783 2337 mu-

150 2388 280 2417 nere:
303 2376 474 2428 partim
495 2373 732 2415 mittendis
753 2373 855 2413 aliis
877 2372 1032 2412 multis
1053 2370 1284 2410 nobilibus
1305 2376 1349 2409 et
1370 2368 1584 2420 plebeiis,
1619 2368 1695 2419 qui
1718 2368 1784 2407 iu-

155 2453 264 2487 uent
280 2447 517 2487 ministros
534 2445 730 2496 singulis
748 2443 954 2484 vicissim
971 2439 1339 2482 hebdomadibus
1357 2446 1436 2479 aut
1451 2439 1627 2479 diebus:
1647 2438 1692 2478 in
1712 2438 1786 2478 his

152 2518 369 2558 omnibus
390 2529 439 2557 se
460 2523 619 2556 mutuo
643 2515 703 2556 ad
723 2515 917 2555 meliora
940 2512 1217 2553 accendunt:
1242 2511 1358 2550 haec
1377 2509 1548 2549 cedunt
1563 2509 1610 2548 in
1632 2509 1788 2560 proxi-

157 2600 338 2629 morum
360 2586 729 2628 aedificationem
750 2592 794 2625 et
816 2585 861 2625 in
882 2583 1074 2624 Domini
1095 2581 1243 2622 nostri
1263 2581 1480 2632 gloriam.
1500 2579 1569 2620 Sit
1592 2579 1656 2619 illi
1671 2590 1785 2619 sane

154 2660 383 2699 immensa
403 2658 450 2698 in
471 2658 766 2697 saeculorum
788 2656 991 2695 saecula.
1021 2652 1189 2694 Amen.

237 2729 411 2769 Datum
429 2728 623 2780 Hispali,
652 2727 699 2767 12
720 2726 942 2766 calendas
963 2723 1210 2764 Februarii
1231 2734 1353 2762 anno
1376 2722 1491 2762 1556.

369 2799 472 2839 Vflss
491 2798 588 2838 pm
603 2809 768 2838 seruus
789 2796 965 2837 inutilis
988 2795 1034 2835 in
1057 2794 1260 2844 Christo,

1231 2953 1258 2998 ,Γ

1020 3008 1228 3060 JoANNEs
1257 3003 1468 3044 XUAREZ.
