2020 3342
809 242 894 280 AN.
925 242 1015 280 1556
1657 243 1725 280 145

99 344 190 385 illis
211 355 337 384 mors
358 340 681 393 impendisset,
704 345 756 380 vt
777 339 931 390 aliquo
959 350 1017 378 ex
1038 338 1133 378 suis
1155 337 1379 378 molestiis
1401 339 1723 391 angustiisque

99 416 368 455 leuarentur
389 411 580 453 Patrum
602 410 828 452 solamine
852 408 877 447 ¹.

179 484 425 525 Accedunt
445 483 586 522 etiam
606 481 737 522 multi
764 480 1136 532 frequentissime
1157 480 1216 520 ad
1237 480 1415 531 Patres,
1440 481 1620 521 consilii
1650 492 1723 520 ca-

99 555 255 608 piendi
277 554 445 605 gratia,
470 559 609 604 atque
631 551 825 601 animos,
850 562 1062 591 moerore
1092 552 1420 602 aerumnisque
1442 551 1643 591 afflictos
1669 562 1724 590 ac

98 626 351 675 confectOS,
375 623 629 673 releuandi,
653 621 897 662 recreandi
918 627 1056 672 atque
1078 621 1329 661 reficiendi.
1349 621 1520 662 Multas
1539 633 1725 673 quoque

99 695 420 737 confessiones
445 693 691 745 generales
719 692 997 732 audiuerunt
1026 691 1205 742 Patres,
1244 692 1361 732 alias
1391 704 1621 732 annorum
1650 692 1724 732 de-

99 779 214 815 cem,
239 767 355 806 alias
378 764 558 816 Viginti,
582 774 755 814 magna
776 762 962 814 quidem
984 763 1319 814 poenitentium
1336 763 1659 803 consolatione
1681 770 1725 802 et

101 838 288 890 gaudio:
313 837 452 877 iidem
472 835 635 875 Patres
655 834 827 885 multis,
852 834 929 886 qui
956 845 1086 885 spem
1113 833 1209 874 fere
1240 845 1423 874 omnem
1452 834 1724 885 amiserant,

100 921 235 961 opem
263 909 481 956 tulerunt,
516 916 791 956 summaque
819 904 1048 945 charitate
1079 905 1291 945 auxiliati
1318 911 1440 944 sunt:
1469 905 1547 955 qui
1583 905 1727 945 homi-

98 991 197 1029 nes,
221 979 299 1019 vbi
325 978 517 1018 Patrum
549 975 743 1016 consilia
773 981 879 1015 sunt
909 975 1070 1025 secuti,
1103 986 1356 1026 eorumque
1386 975 1605 1015 remediis
1636 977 1724 1027 usi,

100 1051 232 1091 multi
253 1055 359 1090 sunt
381 1047 726 1088 calamitatibus
748 1052 791 1086 et
813 1046 1044 1097 angustiis
1066 1046 1268 1095 liberati,
1293 1046 1531 1098 multaque
1561 1059 1723 1087 conso-

100 1121 273 1162 latione
295 1126 340 1160 et
360 1119 536 1159 laetitia
558 1117 724 1157 affecti.

173 1192 276 1232 Hoc
304 1190 581 1243 praesertim
610 1188 666 1228 de
697 1188 900 1239 quadam
928 1188 1070 1228 nobili
1099 1195 1315 1228 matrona
1347 1188 1593 1229 dicendum
1625 1201 1727 1230 esse

100 1264 332 1313 existimo,
356 1273 490 1313 quae,
513 1260 705 1300 Patrum
726 1259 934 1298 consiliis
956 1259 1336 1310 obtemperando,
1362 1271 1409 1299 se
1426 1260 1579 1309 magis
1600 1260 1727 1311 impii

101 1347 156 1375 ac
197 1333 398 1374 crudelis
436 1331 593 1372 mariti
631 1331 788 1381 gladio
823 1329 1019 1369 interfici
1053 1330 1283 1380 malebat,
1320 1341 1460 1380 quam
1495 1341 1727 1370 summum

103 1405 255 1446 Deum
278 1403 514 1443 offendere
534 1397 822 1453 turpiterque
842 1411 1001 1451 agere:
1024 1412 1164 1451 quam
1185 1400 1373 1440 tandem
1390 1400 1519 1440 Deus
1535 1412 1617 1441 sua
1635 1403 1725 1452 pie·

101 1483 196 1517 tate
219 1488 273 1516 ac
296 1473 541 1515 clementia
564 1484 622 1513 ex
642 1471 765 1512 illius
790 1470 1075 1511 foedissimis
1105 1471 1319 1510 manibus
1350 1471 1621 1512 mirabiliter
1645 1473 1726 1512 eri-

99 1549 213 1600 puit,
243 1558 390 1598 eaque
421 1544 639 1596 angustia
673 1549 717 1583 et
753 1542 1005 1582 afflictione
1036 1542 1266 1582 liberauit:
1303 1554 1422 1593 quae
1450 1543 1589 1583 modo
1621 1555 1726 1583 cum

100 1619 218 1668 aliis,
243 1616 471 1658 eiusmodi
493 1614 839 1655 calamitatibus
861 1620 905 1653 et
925 1613 1303 1653 tribulationibus
1323 1625 1406 1664 per
1428 1613 1590 1653 Patres
1619 1615 1725 1654 libe-

99 1691 228 1741 ratis,
252 1700 422 1729 nomen
443 1686 691 1728 Societatis
712 1684 987 1736 praedicant
1008 1690 1381 1735 propagantque3
1405 1696 1495 1735 qua
1516 1685 1641 1725 fama
1673 1698 1727 1726 ac

99 1772 286 1801 rumore
307 1759 438 1800 multi
459 1757 648 1809 impulsi
669 1756 897 1796 accedunt
920 1755 979 1795 ad
1000 1754 1163 1794 Patres
1185 1761 1235 1794 vt
1256 1767 1341 1795 sua
1368 1762 1563 1806 peccata
1593 1756 1727 1796 conti-

100 1838 299 1881 teantur,
325 1837 367 1871 et
388 1830 434 1870 in
461 1829 548 1869 hoc
578 1827 849 1879 frequenter
880 1831 1185 1877 occupantur.
1215 1825 1457 1866 Dederunt
1482 1832 1726 1877 praeterea

101 1914 293 1955 operam
322 1907 371 1941 vt
401 1900 568 1940 mulier
597 1898 843 1950 quaedam,
876 1909 996 1948 quae
1028 1907 1111 1947 per
1132 1896 1247 1936 duos
1275 1908 1423 1936 annos
1448 1897 1493 1936 in
1522 1899 1726 1948 peccatis

100 1973 264 2023 fuerat,
289 1971 495 2012 maxima
516 1970 715 2020 illorum,
739 1968 816 2020 qui
833 1979 936 2008 eam
954 1974 1198 2015 nouerant,
1219 1967 1542 2007 aedificatione
1560 1969 1723 2020 exiret,

100 2051 241 2095 vtque
261 2049 420 2094 patres
440 2041 560 2090 filiis,
583 2046 758 2080 matres
778 2039 976 2088 filiabus,
1002 2038 1210 2090 aliosque
1231 2039 1486 2089 permultos
1508 2050 1613 2078 cum
1632 2040 1726 2079 suis

100 2115 303 2155 inimicis
325 2113 645 2153 conciliarent.

178 2186 423 2236 Reliquum
446 2189 515 2223 est
535 2188 586 2222 vt
606 2181 659 2221 R.
685 2180 1021 2221 Paternitatem
1052 2186 1180 2220 tuam
1203 2180 1449 2221 certiorem
1471 2181 1527 2220 de
1549 2182 1725 2221 schola·

100 2256 322 2296 sticorum
342 2265 536 2295 numero
563 2253 809 2302 fructuque
838 2250 1025 2290 faciam.
1055 2249 1287 2290 Numerus
1317 2262 1457 2302 porro
1485 2252 1726 2291 scholasti-

101 2338 264 2367 corum
284 2338 377 2366 non
399 2330 467 2365 est
489 2324 602 2364 satis
622 2323 864 2374 frequens,
890 2327 1082 2373 propter
1103 2321 1338 2371 morbum,
1369 2322 1447 2372 qui
1468 2322 1513 2361 in
1535 2323 1622 2362 hac
1644 2323 1728 2362 fuit

104 2397 306 2438 ciuitate.
332 2395 448 2436 Sunt
470 2395 593 2435 enim
610 2394 677 2433 55:
701 2392 869 2433 crescit
890 2398 1062 2442 tamen,
1087 2397 1225 2443 atque
1247 2392 1293 2431 in
1316 2392 1414 2432 dies
1433 2400 1631 2442 augetur
1648 2405 1727 2432 nu-

100 2479 269 2508 merus.
293 2467 492 2507 Fructus
515 2471 669 2505 autem
691 2470 760 2504 est
781 2474 998 2513 magnus,
1022 2463 1264 2513 maiorque
1287 2463 1464 2512 fuisset,
1489 2464 1578 2502 nisi
1611 2464 1728 2503 haec

101 2539 375 2578 calamitosa
396 2544 608 2588 tempora
630 2534 932 2574 obstitissent:
957 2545 1065 2573 nam
1088 2545 1145 2573 ex
1168 2534 1237 2582 iis,
1262 2534 1340 2585 qui
1357 2534 1588 2585 superiori
1605 2545 1727 2573 anno

101 2610 277 2662 primae
313 2607 477 2648 classis
511 2605 805 2658 praeceptori
842 2616 1035 2656 operam
1069 2604 1311 2651 dederunt,
1350 2605 1552 2656 quinque
1584 2617 1727 2645 sexue

99 2680 309 2731 publicas
330 2678 553 2718 lectiones
578 2675 591 2694 ²
615 2675 776 2716 audire
797 2681 1066 2727 coeperunt.
1090 2674 1163 2715 Ex
1183 2675 1238 2714 iis
1266 2683 1422 2715 autem
1450 2676 1527 2715 alii
1549 2676 1638 2715 iuri
1668 2676 1727 2715 ci—

97 2749 191 2799 uili,
216 2750 292 2790 alii
315 2747 636 2800 philosophiae
658 2758 850 2797 operam
872 2745 1083 2786 sedulam
1103 2752 1294 2786 nauant:
1318 2746 1411 2797 qui,
1436 2746 1521 2786 etsi
1553 2746 1725 2786 artium

97 2819 188 2862 hoc
221 2832 344 2860 anno
374 2830 562 2860 cursum
598 2829 739 2869 agere
766 2817 1018 2868 coeperint,
1056 2817 1286 2857 accedunt
1314 2823 1471 2857 tamen
1504 2817 1562 2857 ad
1589 2818 1723 2857 colle-

154 3001 165 3022 ¹
205 3002 292 3029 Vide
305 3002 454 3028 POLANCI
470 3000 674 3033 chronicon,
688 3003 712 3027 t.
727 3009 759 3034 v,
776 3008 853 3034 pag.
871 3000 933 3034 157,
949 3007 980 3026 n.
996 2999 1060 3026 449.

153 3049 168 3070 ²
205 3049 384 3076 “lectiones
399 3048 554 3082 publicas
568 3048 810 3076 universitatis
824 3047 1056 3082 (patavinae)„
1071 3046 1256 3079 PoLANcus,
1275 3047 1294 3073 l.
1311 3054 1347 3078 e..
1358 3055 1436 3082 pag.
1454 3048 1511 3079 159.
1527 3056 1556 3076 n.
1569 3049 1631 3076 251.

314 3105 364 3141 Τ.
386 3117 438 3143 ιν.
1506 3117 1546 3142 ιο
