<?xml version="1.0" encoding="UTF-8"?>
<!DOCTYPE html PUBLIC "-//W3C//DTD XHTML 1.0 Transitional//EN"
    "http://www.w3.org/TR/xhtml1/DTD/xhtml1-transitional.dtd">
<html xmlns="http://www.w3.org/1999/xhtml" xml:lang="en" lang="en">
 <head>
  <title>
</title>
<meta http-equiv="Content-Type" content="text/html;charset=utf-8" />
  <meta name='ocr-system' content='tesseract 3.04.00' />
  <meta name='ocr-capabilities' content='ocr_page ocr_carea ocr_par ocr_line ocrx_word'/>
</head>
<body>
  <div class='ocr_page' id='page_1' title='image "./litteraequadrime16lain_0707.png"; bbox 0 0 2020 3342; ppageno 0'>
   <div class='ocr_carea' id='block_1_1' title="bbox 669 257 1792 295">
    <p class='ocr_par' dir='ltr' id='par_1_1' title="bbox 669 257 1792 295">
     <span class='ocr_line' id='line_1_1' title="bbox 669 257 1792 295; baseline 0.001 -2"><span class='ocrx_word' id='word_1_1' title='bbox 669 258 886 294; x_wconf 77' lang='lat' dir='ltr'>ADDENDA</span> <span class='ocrx_word' id='word_1_2' title='bbox 914 270 954 295; x_wconf 82' lang='lat' dir='ltr'>IN</span> <span class='ocrx_word' id='word_1_3' title='bbox 983 268 1096 295; x_wconf 67' lang='lat' dir='ltr'>tomo</span> <span class='ocrx_word' id='word_1_4' title='bbox 1128 269 1322 295; x_wconf 69' lang='lat' dir='ltr'><strong>SECUNDO</strong></span> <span class='ocrx_word' id='word_1_5' title='bbox 1725 257 1792 295; x_wconf 89' lang='lat'>701</span> 
     </span>
    </p>
   </div>
   <div class='ocr_carea' id='block_1_2' title="bbox 158 351 1792 2594">
    <p class='ocr_par' dir='ltr' id='par_1_2' title="bbox 160 351 1792 1308">
     <span class='ocr_line' id='line_1_2' title="bbox 162 351 1792 406; baseline 0.002 -17"><span class='ocrx_word' id='word_1_6' title='bbox 162 351 412 390; x_wconf 80' lang='lat' dir='ltr'>mentariis</span> <span class='ocrx_word' id='word_1_7' title='bbox 435 351 660 393; x_wconf 87' lang='lat' dir='ltr'>Catonem</span> <span class='ocrx_word' id='word_1_8' title='bbox 686 352 710 402; x_wconf 82' lang='lat'>¹,</span> <span class='ocrx_word' id='word_1_9' title='bbox 734 356 930 394; x_wconf 88' lang='lat' dir='ltr'>selectas</span> <span class='ocrx_word' id='word_1_10' title='bbox 952 355 1173 405; x_wconf 77' lang='lat' dir='ltr'>epistolas</span> <span class='ocrx_word' id='word_1_11' title='bbox 1201 353 1428 406; x_wconf 87' lang='lat' dir='ltr'>quasdam</span> <span class='ocrx_word' id='word_1_12' title='bbox 1457 359 1501 393; x_wconf 90' lang='lat' dir='ltr'>et</span> <span class='ocrx_word' id='word_1_13' title='bbox 1530 353 1792 394; x_wconf 86' lang='lat' dir='ltr'>rudimenta</span> 
     </span>
     <span class='ocr_line' id='line_1_3' title="bbox 160 422 1790 476; baseline 0.002 -16"><span class='ocrx_word' id='word_1_14' title='bbox 160 422 501 472; x_wconf 61' lang='lat' dir='ltr'>&gt;grammatices</span> <span class='ocrx_word' id='word_1_15' title='bbox 524 424 590 463; x_wconf 89' lang='lat' dir='ltr'>eis</span> <span class='ocrx_word' id='word_1_16' title='bbox 610 430 705 464; x_wconf 90' lang='lat' dir='ltr'>toto</span> <span class='ocrx_word' id='word_1_17' title='bbox 728 425 801 465; x_wconf 90' lang='lat' dir='ltr'>die</span> <span class='ocrx_word' id='word_1_18' title='bbox 822 425 1090 476; x_wconf 77' lang='lat' dir='ltr'>ingeminat.</span> <span class='ocrx_word' id='word_1_19' title='bbox 1116 425 1291 465; x_wconf 79' lang='lat' dir='ltr'>Diebus</span> <span class='ocrx_word' id='word_1_20' title='bbox 1313 424 1516 465; x_wconf 81' lang='lat' dir='ltr'>saturnis</span> <span class='ocrx_word' id='word_1_21' title='bbox 1538 424 1694 464; x_wconf 91' lang='lat' dir='ltr'>theses</span> <span class='ocrx_word' id='word_1_22' title='bbox 1717 423 1790 464; x_wconf 93' lang='lat' dir='ltr'>de-</span> 
     </span>
     <span class='ocr_line' id='line_1_4' title="bbox 171 490 1791 545; baseline 0.002 -15"><span class='ocrx_word' id='word_1_23' title='bbox 171 490 434 541; x_wconf 88' lang='lat' dir='ltr'>fenduntur,</span> <span class='ocrx_word' id='word_1_24' title='bbox 460 493 505 533; x_wconf 91' lang='lat' dir='ltr'>in</span> <span class='ocrx_word' id='word_1_25' title='bbox 527 494 692 544; x_wconf 89' lang='lat' dir='ltr'>quibus</span> <span class='ocrx_word' id='word_1_26' title='bbox 714 501 757 534; x_wconf 93' lang='lat' dir='ltr'>et</span> <span class='ocrx_word' id='word_1_27' title='bbox 778 495 833 535; x_wconf 90' lang='lat' dir='ltr'>de</span> <span class='ocrx_word' id='word_1_28' title='bbox 854 497 1163 545; x_wconf 81' lang='lat' dir='ltr'>grammatica</span> <span class='ocrx_word' id='word_1_29' title='bbox 1184 502 1228 535; x_wconf 95' lang='lat' dir='ltr'>et</span> <span class='ocrx_word' id='word_1_30' title='bbox 1245 495 1499 535; x_wconf 86' lang='lat' dir='ltr'>christiana</span> <span class='ocrx_word' id='word_1_31' title='bbox 1516 494 1728 534; x_wconf 88' lang='lat' dir='ltr'>doctrina</span> <span class='ocrx_word' id='word_1_32' title='bbox 1746 501 1791 534; x_wconf 89' lang='lat' dir='ltr'>et</span> 
     </span>
     <span class='ocr_line' id='line_1_5' title="bbox 171 561 1790 617; baseline 0.002 -17"><span class='ocrx_word' id='word_1_33' title='bbox 171 561 474 603; x_wconf 76' lang='lat' dir='ltr'>concionibus</span> <span class='ocrx_word' id='word_1_34' title='bbox 497 571 715 605; x_wconf 87' lang='lat' dir='ltr'>certatur.</span> <span class='ocrx_word' id='word_1_35' title='bbox 740 565 970 605; x_wconf 82' lang='lat' dir='ltr'>Mirantur</span> <span class='ocrx_word' id='word_1_36' title='bbox 990 573 1209 617; x_wconf 86' lang='lat' dir='ltr'>parentes</span> <span class='ocrx_word' id='word_1_37' title='bbox 1226 577 1330 605; x_wconf 91' lang='lat' dir='ltr'>cum</span> <span class='ocrx_word' id='word_1_38' title='bbox 1351 573 1446 605; x_wconf 87' lang='lat' dir='ltr'>tam</span> <span class='ocrx_word' id='word_1_39' title='bbox 1463 565 1662 605; x_wconf 88' lang='lat' dir='ltr'>subitam</span> <span class='ocrx_word' id='word_1_40' title='bbox 1678 563 1790 604; x_wconf 91' lang='lat' dir='ltr'>filio-</span> 
     </span>
     <span class='ocr_line' id='line_1_6' title="bbox 171 634 1789 686; baseline 0.002 -15"><span class='ocrx_word' id='word_1_41' title='bbox 171 642 274 671; x_wconf 88' lang='lat' dir='ltr'>rum</span> <span class='ocrx_word' id='word_1_42' title='bbox 310 634 611 674; x_wconf 77' lang='lat' dir='ltr'>mutationem</span> <span class='ocrx_word' id='word_1_43' title='bbox 639 635 847 685; x_wconf 83' lang='lat' dir='ltr'>uideant,</span> <span class='ocrx_word' id='word_1_44' title='bbox 877 637 1049 676; x_wconf 88' lang='lat' dir='ltr'>abolita</span> <span class='ocrx_word' id='word_1_45' title='bbox 1077 636 1167 676; x_wconf 92' lang='lat' dir='ltr'>sint</span> <span class='ocrx_word' id='word_1_46' title='bbox 1193 637 1475 686; x_wconf 78' lang='lat' dir='ltr'>iuramenta,</span> <span class='ocrx_word' id='word_1_47' title='bbox 1514 635 1789 676; x_wconf 88' lang='lat' dir='ltr'>euanuerint</span> 
     </span>
     <span class='ocr_line' id='line_1_7' title="bbox 171 703 1789 758; baseline 0.002 -16"><span class='ocrx_word' id='word_1_48' title='bbox 171 703 280 751; x_wconf 91' lang='lat' dir='ltr'>ludi,</span> <span class='ocrx_word' id='word_1_49' title='bbox 304 704 564 745; x_wconf 76' lang='lat' dir='ltr'>doctrinam</span> <span class='ocrx_word' id='word_1_50' title='bbox 586 707 791 746; x_wconf 87' lang='lat' dir='ltr'>audiant:</span> <span class='ocrx_word' id='word_1_51' title='bbox 815 718 933 758; x_wconf 86' lang='lat' dir='ltr'>quae</span> <span class='ocrx_word' id='word_1_52' title='bbox 955 708 1001 747; x_wconf 88' lang='lat' dir='ltr'>in</span> <span class='ocrx_word' id='word_1_53' title='bbox 1022 707 1217 758; x_wconf 87' lang='lat' dir='ltr'>singulis</span> <span class='ocrx_word' id='word_1_54' title='bbox 1234 707 1460 746; x_wconf 86' lang='lat' dir='ltr'>classibus</span> <span class='ocrx_word' id='word_1_55' title='bbox 1477 706 1637 746; x_wconf 90' lang='lat' dir='ltr'>diebus</span> <span class='ocrx_word' id='word_1_56' title='bbox 1653 717 1789 746; x_wconf 90' lang='lat' dir='ltr'>vene-</span> 
     </span>
     <span class='ocr_line' id='line_1_8' title="bbox 169 772 1788 825; baseline 0.002 -12"><span class='ocrx_word' id='word_1_57' title='bbox 169 774 233 813; x_wconf 91' lang='lat' dir='ltr'>ris</span> <span class='ocrx_word' id='word_1_58' title='bbox 270 775 511 825; x_wconf 83' lang='lat' dir='ltr'>enodatur,</span> <span class='ocrx_word' id='word_1_59' title='bbox 548 784 592 816; x_wconf 86' lang='lat' dir='ltr'>et</span> <span class='ocrx_word' id='word_1_60' title='bbox 627 778 673 816; x_wconf 93' lang='lat' dir='ltr'>in</span> <span class='ocrx_word' id='word_1_61' title='bbox 700 778 861 818; x_wconf 88' lang='lat' dir='ltr'>diebus</span> <span class='ocrx_word' id='word_1_62' title='bbox 889 778 1132 818; x_wconf 83' lang='lat' dir='ltr'>dominicis</span> <span class='ocrx_word' id='word_1_63' title='bbox 1166 779 1213 817; x_wconf 93' lang='lat' dir='ltr'>in</span> <span class='ocrx_word' id='word_1_64' title='bbox 1247 784 1407 817; x_wconf 87' lang='lat' dir='ltr'>nostro</span> <span class='ocrx_word' id='word_1_65' title='bbox 1434 778 1623 817; x_wconf 87' lang='lat' dir='ltr'>sacello.</span> <span class='ocrx_word' id='word_1_66' title='bbox 1653 772 1788 816; x_wconf 87' lang='lat' dir='ltr'>Hanc</span> 
     </span>
     <span class='ocr_line' id='line_1_9' title="bbox 166 843 1787 899; baseline 0.002 -16"><span class='ocrx_word' id='word_1_67' title='bbox 166 844 366 894; x_wconf 89' lang='lat' dir='ltr'>primum</span> <span class='ocrx_word' id='word_1_68' title='bbox 388 846 625 897; x_wconf 77' lang='lat' dir='ltr'>inceperat</span> <span class='ocrx_word' id='word_1_69' title='bbox 647 849 827 899; x_wconf 86' lang='lat' dir='ltr'>aperire</span> <span class='ocrx_word' id='word_1_70' title='bbox 848 848 897 888; x_wconf 82' lang='lat' dir='ltr'>P.</span> <span class='ocrx_word' id='word_1_71' title='bbox 919 848 1221 895; x_wconf 86' lang='lat' dir='ltr'>Franciscus‚</span> <span class='ocrx_word' id='word_1_72' title='bbox 1245 843 1410 888; x_wconf 86' lang='lat' dir='ltr'>deinde</span> <span class='ocrx_word' id='word_1_73' title='bbox 1430 847 1479 887; x_wconf 88' lang='lat' dir='ltr'>P.</span> <span class='ocrx_word' id='word_1_74' title='bbox 1511 847 1787 887; x_wconf 86' lang='lat' dir='ltr'>Bustaman—</span> 
     </span>
     <span class='ocr_line' id='line_1_10' title="bbox 166 914 1786 970; baseline 0.001 -16"><span class='ocrx_word' id='word_1_75' title='bbox 166 914 273 966; x_wconf 90' lang='lat' dir='ltr'>tius,</span> <span class='ocrx_word' id='word_1_76' title='bbox 298 915 515 968; x_wconf 88' lang='lat' dir='ltr'>deinceps</span> <span class='ocrx_word' id='word_1_77' title='bbox 537 917 584 957; x_wconf 80' lang='lat' dir='ltr'>P.</span> <span class='ocrx_word' id='word_1_78' title='bbox 615 917 892 959; x_wconf 85' lang='lat' dir='ltr'>Benedictus</span> <span class='ocrx_word' id='word_1_79' title='bbox 923 931 1027 959; x_wconf 93' lang='lat' dir='ltr'>cum</span> <span class='ocrx_word' id='word_1_80' title='bbox 1054 930 1233 959; x_wconf 90' lang='lat' dir='ltr'>summo</span> <span class='ocrx_word' id='word_1_81' title='bbox 1259 919 1444 970; x_wconf 89' lang='lat' dir='ltr'>quidem</span> <span class='ocrx_word' id='word_1_82' title='bbox 1474 917 1679 958; x_wconf 90' lang='lat' dir='ltr'>omnium</span> <span class='ocrx_word' id='word_1_83' title='bbox 1708 928 1786 967; x_wconf 87' lang='lat' dir='ltr'>ap-</span> 
     </span>
     <span class='ocr_line' id='line_1_11' title="bbox 166 985 1784 1040; baseline 0.001 -16"><span class='ocrx_word' id='word_1_84' title='bbox 166 985 348 1036; x_wconf 84' lang='lat' dir='ltr'>plausu.</span> <span class='ocrx_word' id='word_1_85' title='bbox 374 986 690 1028; x_wconf 86' lang='lat' dir='ltr'>Concionatus</span> <span class='ocrx_word' id='word_1_86' title='bbox 720 996 788 1029; x_wconf 91' lang='lat' dir='ltr'>est</span> <span class='ocrx_word' id='word_1_87' title='bbox 810 989 858 1029; x_wconf 84' lang='lat' dir='ltr'>P.</span> <span class='ocrx_word' id='word_1_88' title='bbox 882 989 1163 1029; x_wconf 83' lang='lat' dir='ltr'>Franciscus</span> <span class='ocrx_word' id='word_1_89' title='bbox 1191 989 1406 1040; x_wconf 82' lang='lat' dir='ltr'>precibus</span> <span class='ocrx_word' id='word_1_90' title='bbox 1440 987 1658 1039; x_wconf 86' lang='lat' dir='ltr'>Episcopi</span> <span class='ocrx_word' id='word_1_91' title='bbox 1687 987 1715 1037; x_wconf 70' lang='lat'>²,</span> <span class='ocrx_word' id='word_1_92' title='bbox 1739 990 1784 1026; x_wconf 92' lang='lat' dir='ltr'>in</span> 
     </span>
     <span class='ocr_line' id='line_1_12' title="bbox 167 1058 1786 1111; baseline 0.001 -16"><span class='ocrx_word' id='word_1_93' title='bbox 167 1058 339 1107; x_wconf 87' lang='lat' dir='ltr'>templo</span> <span class='ocrx_word' id='word_1_94' title='bbox 361 1059 564 1098; x_wconf 84' lang='lat' dir='ltr'>maximo</span> <span class='ocrx_word' id='word_1_95' title='bbox 587 1065 631 1098; x_wconf 95' lang='lat' dir='ltr'>et</span> <span class='ocrx_word' id='word_1_96' title='bbox 652 1060 698 1099; x_wconf 87' lang='lat' dir='ltr'>in</span> <span class='ocrx_word' id='word_1_97' title='bbox 719 1060 821 1099; x_wconf 88' lang='lat' dir='ltr'>aliis</span> <span class='ocrx_word' id='word_1_98' title='bbox 842 1060 1038 1111; x_wconf 87' lang='lat' dir='ltr'>templis,</span> <span class='ocrx_word' id='word_1_99' title='bbox 1059 1066 1102 1100; x_wconf 90' lang='lat' dir='ltr'>et</span> <span class='ocrx_word' id='word_1_100' title='bbox 1119 1059 1467 1100; x_wconf 86' lang='lat' dir='ltr'>Bustamantius</span> <span class='ocrx_word' id='word_1_101' title='bbox 1484 1070 1589 1099; x_wconf 93' lang='lat' dir='ltr'>cum</span> <span class='ocrx_word' id='word_1_102' title='bbox 1606 1069 1786 1098; x_wconf 86' lang='lat' dir='ltr'>summa</span> 
     </span>
     <span class='ocr_line' id='line_1_13' title="bbox 166 1123 1784 1181; baseline 0.002 -16"><span class='ocrx_word' id='word_1_103' title='bbox 166 1127 372 1166; x_wconf 90' lang='lat' dir='ltr'>omnium</span> <span class='ocrx_word' id='word_1_104' title='bbox 394 1128 702 1169; x_wconf 77' lang='lat' dir='ltr'>admiratione</span> <span class='ocrx_word' id='word_1_105' title='bbox 725 1136 774 1169; x_wconf 85' lang='lat' dir='ltr'>vt</span> <span class='ocrx_word' id='word_1_106' title='bbox 795 1130 942 1181; x_wconf 85' lang='lat' dir='ltr'>plenis</span> <span class='ocrx_word' id='word_1_107' title='bbox 960 1123 1164 1181; x_wconf 57' lang='lat' dir='ltr'>&#39;undique</span> <span class='ocrx_word' id='word_1_108' title='bbox 1185 1130 1274 1170; x_wconf 89' lang='lat' dir='ltr'>uiis</span> <span class='ocrx_word' id='word_1_109' title='bbox 1295 1130 1354 1169; x_wconf 90' lang='lat' dir='ltr'>ad</span> <span class='ocrx_word' id='word_1_110' title='bbox 1375 1141 1454 1169; x_wconf 91' lang='lat' dir='ltr'>eos</span> <span class='ocrx_word' id='word_1_111' title='bbox 1474 1129 1633 1169; x_wconf 71' lang='lat' dir='ltr'>iretur,</span> <span class='ocrx_word' id='word_1_112' title='bbox 1656 1128 1784 1168; x_wconf 88' lang='lat' dir='ltr'>Post-</span> 
     </span>
     <span class='ocr_line' id='line_1_14' title="bbox 167 1198 1779 1251; baseline 0.001 -15"><span class='ocrx_word' id='word_1_113' title='bbox 167 1209 222 1236; x_wconf 85' lang='lat' dir='ltr'>ea</span> <span class='ocrx_word' id='word_1_114' title='bbox 242 1209 291 1237; x_wconf 91' lang='lat' dir='ltr'>se</span> <span class='ocrx_word' id='word_1_115' title='bbox 311 1199 506 1239; x_wconf 88' lang='lat' dir='ltr'>contulit</span> <span class='ocrx_word' id='word_1_116' title='bbox 522 1199 753 1251; x_wconf 84' lang='lat' dir='ltr'>Hispalim</span> <span class='ocrx_word' id='word_1_117' title='bbox 771 1206 815 1240; x_wconf 88' lang='lat' dir='ltr'>et</span> <span class='ocrx_word' id='word_1_118' title='bbox 832 1199 890 1240; x_wconf 89' lang='lat' dir='ltr'>ad</span> <span class='ocrx_word' id='word_1_119' title='bbox 907 1199 1053 1240; x_wconf 88' lang='lat' dir='ltr'>Astae</span> <span class='ocrx_word' id='word_1_120' title='bbox 1071 1200 1355 1250; x_wconf 87' lang='lat' dir='ltr'>aestuarium</span> <span class='ocrx_word' id='word_1_121' title='bbox 1372 1198 1385 1218; x_wconf 76' lang='lat'><strong>³</strong></span> <span class='ocrx_word' id='word_1_122' title='bbox 1402 1199 1555 1249; x_wconf 87' lang='lat' dir='ltr'>Pater,</span> <span class='ocrx_word' id='word_1_123' title='bbox 1574 1199 1779 1250; x_wconf 85' lang='lat' dir='ltr'>inquam,</span> 
     </span>
     <span class='ocr_line' id='line_1_15' title="bbox 165 1266 462 1308; baseline 0 -2"><span class='ocrx_word' id='word_1_124' title='bbox 165 1266 462 1308; x_wconf 88' lang='lat' dir='ltr'>Franciscus.</span> 
     </span>
    </p>

    <p class='ocr_par' dir='ltr' id='par_1_3' title="bbox 158 1337 1782 2594">
     <span class='ocr_line' id='line_1_16' title="bbox 244 1337 1782 1381; baseline 0.001 -4"><span class='ocrx_word' id='word_1_125' title='bbox 244 1337 486 1380; x_wconf 89' lang='lat' dir='ltr'>Remansit</span> <span class='ocrx_word' id='word_1_126' title='bbox 507 1340 581 1380; x_wconf 89' lang='lat' dir='ltr'>hic</span> <span class='ocrx_word' id='word_1_127' title='bbox 601 1340 738 1381; x_wconf 85' lang='lat' dir='ltr'>Pater</span> <span class='ocrx_word' id='word_1_128' title='bbox 760 1341 940 1381; x_wconf 87' lang='lat' dir='ltr'>Natalis</span> <span class='ocrx_word' id='word_1_129' title='bbox 960 1341 1019 1381; x_wconf 84' lang='lat' dir='ltr'>ad</span> <span class='ocrx_word' id='word_1_130' title='bbox 1039 1339 1407 1381; x_wconf 85' lang='lat' dir='ltr'>confirmandum</span> <span class='ocrx_word' id='word_1_131' title='bbox 1427 1339 1628 1380; x_wconf 90' lang='lat' dir='ltr'>ciuitatis</span> <span class='ocrx_word' id='word_1_132' title='bbox 1645 1346 1690 1379; x_wconf 88' lang='lat' dir='ltr'>et</span> <span class='ocrx_word' id='word_1_133' title='bbox 1705 1338 1782 1379; x_wconf 90' lang='lat' dir='ltr'>do-</span> 
     </span>
     <span class='ocr_line' id='line_1_17' title="bbox 165 1408 1781 1462; baseline 0.001 -14"><span class='ocrx_word' id='word_1_134' title='bbox 165 1408 277 1448; x_wconf 90' lang='lat' dir='ltr'>mini</span> <span class='ocrx_word' id='word_1_135' title='bbox 297 1409 491 1462; x_wconf 88' lang='lat' dir='ltr'>Joannis</span> <span class='ocrx_word' id='word_1_136' title='bbox 512 1418 664 1462; x_wconf 89' lang='lat' dir='ltr'>pacta,</span> <span class='ocrx_word' id='word_1_137' title='bbox 690 1419 732 1451; x_wconf 92' lang='lat' dir='ltr'>et</span> <span class='ocrx_word' id='word_1_138' title='bbox 755 1412 998 1462; x_wconf 86' lang='lat' dir='ltr'>scripturis</span> <span class='ocrx_word' id='word_1_139' title='bbox 1020 1419 1062 1451; x_wconf 92' lang='lat' dir='ltr'>et</span> <span class='ocrx_word' id='word_1_140' title='bbox 1093 1411 1216 1451; x_wconf 90' lang='lat' dir='ltr'>notis</span> <span class='ocrx_word' id='word_1_141' title='bbox 1242 1410 1523 1451; x_wconf 86' lang='lat' dir='ltr'>mandanda.</span> <span class='ocrx_word' id='word_1_142' title='bbox 1553 1409 1781 1450; x_wconf 90' lang='lat' dir='ltr'>Dominus</span> 
     </span>
     <span class='ocr_line' id='line_1_18' title="bbox 164 1478 1781 1534; baseline 0.001 -16"><span class='ocrx_word' id='word_1_143' title='bbox 164 1478 304 1519; x_wconf 89' lang='lat' dir='ltr'>etiam</span> <span class='ocrx_word' id='word_1_144' title='bbox 337 1481 540 1533; x_wconf 80' lang='lat' dir='ltr'>joannes</span> <span class='ocrx_word' id='word_1_145' title='bbox 575 1488 820 1534; x_wconf 86' lang='lat' dir='ltr'>postquam</span> <span class='ocrx_word' id='word_1_146' title='bbox 856 1493 934 1522; x_wconf 89' lang='lat' dir='ltr'>aes</span> <span class='ocrx_word' id='word_1_147' title='bbox 970 1482 1172 1522; x_wconf 87' lang='lat' dir='ltr'>alienum</span> <span class='ocrx_word' id='word_1_148' title='bbox 1209 1481 1496 1531; x_wconf 88' lang='lat' dir='ltr'>dissoluerit,</span> <span class='ocrx_word' id='word_1_149' title='bbox 1534 1480 1781 1532; x_wconf 89' lang='lat' dir='ltr'>quotannis</span> 
     </span>
     <span class='ocr_line' id='line_1_19' title="bbox 164 1549 1779 1604; baseline 0.001 -15"><span class='ocrx_word' id='word_1_150' title='bbox 164 1549 287 1590; x_wconf 89' lang='lat' dir='ltr'>mille</span> <span class='ocrx_word' id='word_1_151' title='bbox 308 1550 503 1592; x_wconf 90' lang='lat' dir='ltr'>ducatos</span> <span class='ocrx_word' id='word_1_152' title='bbox 524 1564 604 1604; x_wconf 88' lang='lat' dir='ltr'>per</span> <span class='ocrx_word' id='word_1_153' title='bbox 626 1559 773 1593; x_wconf 87' lang='lat' dir='ltr'>totum</span> <span class='ocrx_word' id='word_1_154' title='bbox 793 1564 905 1593; x_wconf 90' lang='lat' dir='ltr'>suae</span> <span class='ocrx_word' id='word_1_155' title='bbox 927 1553 1051 1593; x_wconf 90' lang='lat' dir='ltr'>vitae</span> <span class='ocrx_word' id='word_1_156' title='bbox 1082 1560 1264 1604; x_wconf 88' lang='lat' dir='ltr'>tempus</span> <span class='ocrx_word' id='word_1_157' title='bbox 1285 1552 1416 1592; x_wconf 88' lang='lat' dir='ltr'>nobis</span> <span class='ocrx_word' id='word_1_158' title='bbox 1438 1558 1507 1592; x_wconf 92' lang='lat' dir='ltr'>est</span> <span class='ocrx_word' id='word_1_159' title='bbox 1532 1551 1779 1603; x_wconf 87' lang='lat' dir='ltr'>pollicitus,</span> 
     </span>
     <span class='ocr_line' id='line_1_20' title="bbox 167 1622 1780 1676; baseline 0.001 -16"><span class='ocrx_word' id='word_1_160' title='bbox 167 1632 501 1674; x_wconf 86' lang='lat' dir='ltr'>speramusque</span> <span class='ocrx_word' id='word_1_161' title='bbox 523 1623 582 1663; x_wconf 91' lang='lat' dir='ltr'>ab</span> <span class='ocrx_word' id='word_1_162' title='bbox 603 1635 656 1664; x_wconf 95' lang='lat' dir='ltr'>eo</span> <span class='ocrx_word' id='word_1_163' title='bbox 679 1624 795 1663; x_wconf 88' lang='lat' dir='ltr'>alias</span> <span class='ocrx_word' id='word_1_164' title='bbox 816 1623 970 1674; x_wconf 89' lang='lat' dir='ltr'>aedes,</span> <span class='ocrx_word' id='word_1_165' title='bbox 995 1624 1042 1664; x_wconf 92' lang='lat' dir='ltr'>in</span> <span class='ocrx_word' id='word_1_166' title='bbox 1062 1624 1228 1676; x_wconf 90' lang='lat' dir='ltr'>quibus</span> <span class='ocrx_word' id='word_1_167' title='bbox 1250 1623 1456 1674; x_wconf 83' lang='lat' dir='ltr'>religiosi</span> <span class='ocrx_word' id='word_1_168' title='bbox 1475 1622 1674 1674; x_wconf 88' lang='lat' dir='ltr'>professi</span> <span class='ocrx_word' id='word_1_169' title='bbox 1704 1622 1780 1662; x_wconf 86' lang='lat' dir='ltr'>ha-</span> 
     </span>
     <span class='ocr_line' id='line_1_21' title="bbox 163 1691 1781 1746; baseline 0.001 -16"><span class='ocrx_word' id='word_1_170' title='bbox 163 1691 310 1732; x_wconf 87' lang='lat' dir='ltr'>bitare</span> <span class='ocrx_word' id='word_1_171' title='bbox 331 1694 511 1744; x_wconf 91' lang='lat' dir='ltr'>possint</span> <span class='ocrx_word' id='word_1_172' title='bbox 533 1693 561 1732; x_wconf 75' lang='lat'>⁴.</span> <span class='ocrx_word' id='word_1_173' title='bbox 586 1693 678 1734; x_wconf 85' lang='lat' dir='ltr'>Sed</span> <span class='ocrx_word' id='word_1_174' title='bbox 698 1706 845 1746; x_wconf 89' lang='lat' dir='ltr'>parua</span> <span class='ocrx_word' id='word_1_175' title='bbox 866 1695 982 1735; x_wconf 89' lang='lat' dir='ltr'>haec</span> <span class='ocrx_word' id='word_1_176' title='bbox 1006 1695 1147 1744; x_wconf 90' lang='lat' dir='ltr'>dices,</span> <span class='ocrx_word' id='word_1_177' title='bbox 1171 1695 1209 1734; x_wconf 92' lang='lat' dir='ltr'>si</span> <span class='ocrx_word' id='word_1_178' title='bbox 1231 1706 1285 1734; x_wconf 89' lang='lat' dir='ltr'>ea</span> <span class='ocrx_word' id='word_1_179' title='bbox 1307 1693 1659 1745; x_wconf 87' lang='lat' dir='ltr'>comparaueris</span> <span class='ocrx_word' id='word_1_180' title='bbox 1676 1704 1781 1733; x_wconf 88' lang='lat' dir='ltr'>cum</span> 
     </span>
     <span class='ocr_line' id='line_1_22' title="bbox 164 1763 1781 1817; baseline 0.001 -16"><span class='ocrx_word' id='word_1_181' title='bbox 164 1763 260 1802; x_wconf 87' lang='lat' dir='ltr'>uita</span> <span class='ocrx_word' id='word_1_182' title='bbox 280 1763 440 1815; x_wconf 90' lang='lat' dir='ltr'>ipsius:</span> <span class='ocrx_word' id='word_1_183' title='bbox 466 1771 691 1805; x_wconf 86' lang='lat' dir='ltr'>mutatum</span> <span class='ocrx_word' id='word_1_184' title='bbox 712 1777 816 1806; x_wconf 92' lang='lat' dir='ltr'>eum</span> <span class='ocrx_word' id='word_1_185' title='bbox 839 1765 1035 1817; x_wconf 84' lang='lat' dir='ltr'>uideres,</span> <span class='ocrx_word' id='word_1_186' title='bbox 1056 1765 1339 1806; x_wconf 89' lang='lat' dir='ltr'>christianae</span> <span class='ocrx_word' id='word_1_187' title='bbox 1355 1764 1595 1815; x_wconf 82' lang='lat' dir='ltr'>religionis</span> <span class='ocrx_word' id='word_1_188' title='bbox 1611 1763 1781 1803; x_wconf 91' lang='lat' dir='ltr'>sollici-</span> 
     </span>
     <span class='ocr_line' id='line_1_23' title="bbox 164 1834 1782 1887; baseline 0.001 -15"><span class='ocrx_word' id='word_1_189' title='bbox 164 1840 275 1883; x_wconf 88' lang='lat' dir='ltr'>tum,</span> <span class='ocrx_word' id='word_1_190' title='bbox 299 1841 343 1874; x_wconf 91' lang='lat' dir='ltr'>et</span> <span class='ocrx_word' id='word_1_191' title='bbox 364 1846 586 1886; x_wconf 87' lang='lat' dir='ltr'>magnum</span> <span class='ocrx_word' id='word_1_192' title='bbox 608 1836 794 1887; x_wconf 88' lang='lat' dir='ltr'>quidem</span> <span class='ocrx_word' id='word_1_193' title='bbox 816 1836 1129 1876; x_wconf 87' lang='lat' dir='ltr'>continentiae</span> <span class='ocrx_word' id='word_1_194' title='bbox 1161 1842 1205 1875; x_wconf 93' lang='lat' dir='ltr'>et</span> <span class='ocrx_word' id='word_1_195' title='bbox 1233 1835 1356 1876; x_wconf 89' lang='lat' dir='ltr'>uitae</span> <span class='ocrx_word' id='word_1_196' title='bbox 1384 1835 1646 1885; x_wconf 84' lang='lat' dir='ltr'>exemplum</span> <span class='ocrx_word' id='word_1_197' title='bbox 1678 1834 1782 1874; x_wconf 88' lang='lat' dir='ltr'>aliis</span> 
     </span>
     <span class='ocr_line' id='line_1_24' title="bbox 163 1897 1782 1958; baseline 0 -15"><span class='ocrx_word' id='word_1_198' title='bbox 163 1905 368 1954; x_wconf 88' lang='lat' dir='ltr'>praebet.</span> <span class='ocrx_word' id='word_1_199' title='bbox 394 1906 519 1945; x_wconf 82' lang='lat' dir='ltr'>Bone</span> <span class='ocrx_word' id='word_1_200' title='bbox 540 1906 682 1957; x_wconf 91' lang='lat' dir='ltr'>Deus,</span> <span class='ocrx_word' id='word_1_201' title='bbox 708 1907 887 1958; x_wconf 92' lang='lat' dir='ltr'>quoties</span> <span class='ocrx_word' id='word_1_202' title='bbox 907 1897 1092 1947; x_wconf 78' lang='lat' dir='ltr'>nostras</span> <span class='ocrx_word' id='word_1_203' title='bbox 1123 1907 1262 1946; x_wconf 90' lang='lat' dir='ltr'>aedes</span> <span class='ocrx_word' id='word_1_204' title='bbox 1287 1905 1571 1957; x_wconf 86' lang='lat' dir='ltr'>frequentat,</span> <span class='ocrx_word' id='word_1_205' title='bbox 1601 1905 1782 1956; x_wconf 91' lang='lat' dir='ltr'>quoties</span> 
     </span>
     <span class='ocr_line' id='line_1_25' title="bbox 163 1975 1781 2029; baseline 0 -14"><span class='ocrx_word' id='word_1_206' title='bbox 163 1987 247 2015; x_wconf 90' lang='lat' dir='ltr'>nos</span> <span class='ocrx_word' id='word_1_207' title='bbox 277 1975 332 2016; x_wconf 93' lang='lat' dir='ltr'>de</span> <span class='ocrx_word' id='word_1_208' title='bbox 363 1976 464 2016; x_wconf 90' lang='lat' dir='ltr'>Deo</span> <span class='ocrx_word' id='word_1_209' title='bbox 492 1978 732 2028; x_wconf 90' lang='lat' dir='ltr'>loquentes</span> <span class='ocrx_word' id='word_1_210' title='bbox 758 1977 901 2028; x_wconf 92' lang='lat' dir='ltr'>audit,</span> <span class='ocrx_word' id='word_1_211' title='bbox 933 1977 1113 2029; x_wconf 91' lang='lat' dir='ltr'>quoties</span> <span class='ocrx_word' id='word_1_212' title='bbox 1141 1977 1383 2017; x_wconf 91' lang='lat' dir='ltr'>nobiscum</span> <span class='ocrx_word' id='word_1_213' title='bbox 1412 1976 1673 2026; x_wconf 90' lang='lat' dir='ltr'>discumbit,</span> <span class='ocrx_word' id='word_1_214' title='bbox 1709 1987 1781 2015; x_wconf 89' lang='lat' dir='ltr'>co-</span> 
     </span>
     <span class='ocr_line' id='line_1_26' title="bbox 161 2047 1778 2100; baseline -0.001 -14"><span class='ocrx_word' id='word_1_215' title='bbox 161 2047 454 2087; x_wconf 88' lang='lat' dir='ltr'>medentibus</span> <span class='ocrx_word' id='word_1_216' title='bbox 474 2047 721 2098; x_wconf 87' lang='lat' dir='ltr'>ministrat,</span> <span class='ocrx_word' id='word_1_217' title='bbox 744 2048 1011 2100; x_wconf 87' lang='lat' dir='ltr'>pauimenta</span> <span class='ocrx_word' id='word_1_218' title='bbox 1029 2048 1191 2088; x_wconf 91' lang='lat' dir='ltr'>domus</span> <span class='ocrx_word' id='word_1_219' title='bbox 1208 2048 1368 2095; x_wconf 85' lang='lat' dir='ltr'>uerrit,</span> <span class='ocrx_word' id='word_1_220' title='bbox 1388 2048 1611 2087; x_wconf 85' lang='lat' dir='ltr'>sacellum</span> <span class='ocrx_word' id='word_1_221' title='bbox 1628 2052 1778 2096; x_wconf 89' lang='lat' dir='ltr'>ornat,</span> 
     </span>
     <span class='ocr_line' id='line_1_27' title="bbox 161 2116 1780 2169; baseline 0 -13"><span class='ocrx_word' id='word_1_222' title='bbox 161 2128 184 2156; x_wconf 91' lang='lat' dir='ltr'>e</span> <span class='ocrx_word' id='word_1_223' title='bbox 220 2117 454 2168; x_wconf 90' lang='lat' dir='ltr'>tapetibus</span> <span class='ocrx_word' id='word_1_224' title='bbox 475 2119 715 2169; x_wconf 88' lang='lat' dir='ltr'>puluerem</span> <span class='ocrx_word' id='word_1_225' title='bbox 735 2120 927 2159; x_wconf 77' lang='lat' dir='ltr'>excutit!</span> <span class='ocrx_word' id='word_1_226' title='bbox 959 2118 1120 2159; x_wconf 90' lang='lat' dir='ltr'>Nonne</span> <span class='ocrx_word' id='word_1_227' title='bbox 1142 2119 1258 2158; x_wconf 90' lang='lat' dir='ltr'>haec</span> <span class='ocrx_word' id='word_1_228' title='bbox 1288 2118 1455 2158; x_wconf 89' lang='lat' dir='ltr'>durum</span> <span class='ocrx_word' id='word_1_229' title='bbox 1474 2116 1667 2157; x_wconf 86' lang='lat' dir='ltr'>fratrem</span> <span class='ocrx_word' id='word_1_230' title='bbox 1689 2127 1780 2156; x_wconf 90' lang='lat' dir='ltr'>mo-</span> 
     </span>
     <span class='ocr_line' id='line_1_28' title="bbox 160 2186 1781 2241; baseline -0.001 -14"><span class='ocrx_word' id='word_1_231' title='bbox 160 2199 270 2227; x_wconf 89' lang='lat' dir='ltr'>uere</span> <span class='ocrx_word' id='word_1_232' title='bbox 290 2189 528 2239; x_wconf 79' lang='lat' dir='ltr'>poterunt?</span> <span class='ocrx_word' id='word_1_233' title='bbox 549 2201 700 2228; x_wconf 89' lang='lat' dir='ltr'>nonne</span> <span class='ocrx_word' id='word_1_234' title='bbox 722 2189 901 2241; x_wconf 88' lang='lat' dir='ltr'>tepidos</span> <span class='ocrx_word' id='word_1_235' title='bbox 923 2190 1150 2237; x_wconf 88' lang='lat' dir='ltr'>excitare,</span> <span class='ocrx_word' id='word_1_236' title='bbox 1182 2196 1225 2228; x_wconf 92' lang='lat' dir='ltr'>et</span> <span class='ocrx_word' id='word_1_237' title='bbox 1252 2188 1544 2228; x_wconf 85' lang='lat' dir='ltr'>currentibus</span> <span class='ocrx_word' id='word_1_238' title='bbox 1577 2186 1781 2227; x_wconf 83' lang='lat' dir='ltr'>calcaria</span> 
     </span>
     <span class='ocr_line' id='line_1_29' title="bbox 158 2255 1782 2312; baseline -0.001 -14"><span class='ocrx_word' id='word_1_239' title='bbox 158 2258 350 2299; x_wconf 83' lang='lat' dir='ltr'>addere?</span> <span class='ocrx_word' id='word_1_240' title='bbox 374 2259 488 2310; x_wconf 86' lang='lat' dir='ltr'>Quis</span> <span class='ocrx_word' id='word_1_241' title='bbox 509 2265 603 2299; x_wconf 91' lang='lat' dir='ltr'>tam</span> <span class='ocrx_word' id='word_1_242' title='bbox 624 2259 905 2308; x_wconf 88' lang='lat' dir='ltr'>incredulus,</span> <span class='ocrx_word' id='word_1_243' title='bbox 929 2261 1006 2312; x_wconf 92' lang='lat' dir='ltr'>qui</span> <span class='ocrx_word' id='word_1_244' title='bbox 1027 2272 1118 2300; x_wconf 90' lang='lat' dir='ltr'>non</span> <span class='ocrx_word' id='word_1_245' title='bbox 1140 2260 1299 2300; x_wconf 88' lang='lat' dir='ltr'>credat</span> <span class='ocrx_word' id='word_1_246' title='bbox 1320 2259 1441 2299; x_wconf 83' lang='lat' dir='ltr'>hanc</span> <span class='ocrx_word' id='word_1_247' title='bbox 1463 2259 1736 2309; x_wconf 83' lang='lat' dir='ltr'>religionem</span> <span class='ocrx_word' id='word_1_248' title='bbox 1768 2255 1782 2275; x_wconf 88' lang='lat'>⁵</span> 
     </span>
     <span class='ocr_line' id='line_1_30' title="bbox 159 2328 1781 2381; baseline -0.001 -12"><span class='ocrx_word' id='word_1_249' title='bbox 159 2341 183 2369; x_wconf 92' lang='lat' dir='ltr'>e</span> <span class='ocrx_word' id='word_1_250' title='bbox 205 2331 335 2369; x_wconf 91' lang='lat' dir='ltr'>coelo</span> <span class='ocrx_word' id='word_1_251' title='bbox 357 2341 459 2370; x_wconf 92' lang='lat' dir='ltr'>esse</span> <span class='ocrx_word' id='word_1_252' title='bbox 481 2330 739 2381; x_wconf 83' lang='lat' dir='ltr'>delapsam?</span> <span class='ocrx_word' id='word_1_253' title='bbox 760 2330 846 2371; x_wconf 88' lang='lat' dir='ltr'>Hic</span> <span class='ocrx_word' id='word_1_254' title='bbox 868 2343 991 2371; x_wconf 90' lang='lat' dir='ltr'>nunc</span> <span class='ocrx_word' id='word_1_255' title='bbox 1013 2331 1131 2371; x_wconf 89' lang='lat' dir='ltr'>uites</span> <span class='ocrx_word' id='word_1_256' title='bbox 1154 2330 1329 2379; x_wconf 83' lang='lat' dir='ltr'>inserit,</span> <span class='ocrx_word' id='word_1_257' title='bbox 1352 2330 1565 2380; x_wconf 85' lang='lat' dir='ltr'>palmites</span> <span class='ocrx_word' id='word_1_258' title='bbox 1586 2329 1633 2369; x_wconf 89' lang='lat' dir='ltr'>in</span> <span class='ocrx_word' id='word_1_259' title='bbox 1652 2328 1781 2369; x_wconf 91' lang='lat' dir='ltr'>India</span> 
     </span>
     <span class='ocr_line' id='line_1_31' title="bbox 159 2399 1781 2453; baseline 0 -14"><span class='ocrx_word' id='word_1_260' title='bbox 159 2407 498 2451; x_wconf 83' lang='lat' dir='ltr'>propagantur,</span> <span class='ocrx_word' id='word_1_261' title='bbox 528 2408 571 2440; x_wconf 91' lang='lat' dir='ltr'>et</span> <span class='ocrx_word' id='word_1_262' title='bbox 592 2401 778 2451; x_wconf 90' lang='lat' dir='ltr'>ignotos</span> <span class='ocrx_word' id='word_1_263' title='bbox 798 2402 994 2452; x_wconf 91' lang='lat' dir='ltr'>populos</span> <span class='ocrx_word' id='word_1_264' title='bbox 1016 2409 1154 2453; x_wconf 88' lang='lat' dir='ltr'>atque</span> <span class='ocrx_word' id='word_1_265' title='bbox 1176 2408 1361 2440; x_wconf 83' lang='lat' dir='ltr'>exteras</span> <span class='ocrx_word' id='word_1_266' title='bbox 1380 2408 1544 2451; x_wconf 90' lang='lat' dir='ltr'>gentes</span> <span class='ocrx_word' id='word_1_267' title='bbox 1566 2400 1624 2440; x_wconf 87' lang='lat' dir='ltr'>ad</span> <span class='ocrx_word' id='word_1_268' title='bbox 1654 2399 1781 2439; x_wconf 88' lang='lat' dir='ltr'>Chri-</span> 
     </span>
     <span class='ocr_line' id='line_1_32' title="bbox 159 2470 1782 2523; baseline -0.001 -12"><span class='ocrx_word' id='word_1_269' title='bbox 159 2471 219 2511; x_wconf 91' lang='lat' dir='ltr'>sti</span> <span class='ocrx_word' id='word_1_270' title='bbox 235 2471 549 2522; x_wconf 89' lang='lat' dir='ltr'>cognitionem</span> <span class='ocrx_word' id='word_1_271' title='bbox 567 2472 707 2512; x_wconf 90' lang='lat' dir='ltr'>ducit.</span> <span class='ocrx_word' id='word_1_272' title='bbox 725 2470 870 2523; x_wconf 85' lang='lat' dir='ltr'>Spero</span> <span class='ocrx_word' id='word_1_273' title='bbox 884 2479 927 2512; x_wconf 93' lang='lat' dir='ltr'>et</span> <span class='ocrx_word' id='word_1_274' title='bbox 944 2472 1161 2513; x_wconf 86' lang='lat' dir='ltr'>Sinarum</span> <span class='ocrx_word' id='word_1_275' title='bbox 1178 2473 1373 2523; x_wconf 87' lang='lat' dir='ltr'>populos</span> <span class='ocrx_word' id='word_1_276' title='bbox 1391 2478 1434 2510; x_wconf 75' lang='lat' dir='ltr'>ct</span> <span class='ocrx_word' id='word_1_277' title='bbox 1451 2470 1782 2522; x_wconf 88' lang='lat' dir='ltr'>Hyperboreas</span> 
     </span>
     <span class='ocr_line' id='line_1_33' title="bbox 159 2541 1777 2594; baseline -0.001 -12"><span class='ocrx_word' id='word_1_278' title='bbox 159 2548 323 2593; x_wconf 89' lang='lat' dir='ltr'>gentes</span> <span class='ocrx_word' id='word_1_279' title='bbox 343 2548 388 2582; x_wconf 92' lang='lat' dir='ltr'>et</span> <span class='ocrx_word' id='word_1_280' title='bbox 410 2541 619 2582; x_wconf 87' lang='lat' dir='ltr'>Molucas</span> <span class='ocrx_word' id='word_1_281' title='bbox 640 2543 815 2582; x_wconf 89' lang='lat' dir='ltr'>insulas</span> <span class='ocrx_word' id='word_1_282' title='bbox 837 2550 881 2582; x_wconf 85' lang='lat' dir='ltr'>et</span> <span class='ocrx_word' id='word_1_283' title='bbox 903 2543 1100 2594; x_wconf 88' lang='lat' dir='ltr'>denique</span> <span class='ocrx_word' id='word_1_284' title='bbox 1123 2542 1412 2591; x_wconf 85' lang='lat' dir='ltr'>Americam,</span> <span class='ocrx_word' id='word_1_285' title='bbox 1443 2552 1560 2592; x_wconf 89' lang='lat' dir='ltr'>quae</span> <span class='ocrx_word' id='word_1_286' title='bbox 1578 2541 1674 2592; x_wconf 89' lang='lat' dir='ltr'>jam</span> <span class='ocrx_word' id='word_1_287' title='bbox 1704 2552 1777 2580; x_wconf 89' lang='lat' dir='ltr'>no-</span> 
     </span>
    </p>
   </div>
   <div class='ocr_carea' id='block_1_3' title="bbox 150 2726 1782 3096">
    <p class='ocr_par' dir='ltr' id='par_1_4' title="bbox 156 2726 1782 2803">
     <span class='ocr_line' id='line_1_34' title="bbox 211 2726 1782 2762; baseline -0.002 -7"><span class='ocrx_word' id='word_1_288' title='bbox 211 2728 218 2747; x_wconf 58' lang='grc' dir='ltr'>ἱ</span> <span class='ocrx_word' id='word_1_289' title='bbox 259 2727 404 2755; x_wconf 77' lang='lat' dir='ltr'>CAToxis</span> <span class='ocrx_word' id='word_1_290' title='bbox 419 2729 518 2754; x_wconf 61' lang='lat' dir='ltr'>dista</span> <span class='ocrx_word' id='word_1_291' title='bbox 527 2728 581 2759; x_wconf 60' lang='lat' dir='ltr'>lta,</span> <span class='ocrx_word' id='word_1_292' title='bbox 598 2728 637 2754; x_wconf 82' lang='lat' dir='ltr'>de</span> <span class='ocrx_word' id='word_1_293' title='bbox 653 2729 772 2762; x_wconf 79' lang='lat' dir='ltr'>quibus</span> <span class='ocrx_word' id='word_1_294' title='bbox 787 2728 922 2762; x_wconf 75' lang='lat' dir='ltr'>saepius</span> <span class='ocrx_word' id='word_1_295' title='bbox 935 2729 965 2755; x_wconf 86' lang='lat' dir='ltr'>in</span> <span class='ocrx_word' id='word_1_296' title='bbox 982 2728 1035 2754; x_wconf 69' lang='lat' dir='ltr'>his</span> <span class='ocrx_word' id='word_1_297' title='bbox 1049 2727 1380 2761; x_wconf 73' lang='lat' dir='ltr'>Quadrimestrtbns</span> <span class='ocrx_word' id='word_1_298' title='bbox 1392 2727 1524 2754; x_wconf 81' lang='lat' dir='ltr'>litteris</span> <span class='ocrx_word' id='word_1_299' title='bbox 1536 2730 1569 2754; x_wconf 90' lang='lat' dir='ltr'>et</span> <span class='ocrx_word' id='word_1_300' title='bbox 1585 2726 1617 2754; x_wconf 89' lang='lat' dir='ltr'>in</span> <span class='ocrx_word' id='word_1_301' title='bbox 1632 2726 1782 2754; x_wconf 73' lang='lat' dir='ltr'>PoLAch</span> 
     </span>
     <span class='ocr_line' id='line_1_35' title="bbox 156 2775 335 2803; baseline 0 -1"><span class='ocrx_word' id='word_1_302' title='bbox 156 2775 335 2803; x_wconf 78' lang='lat' dir='ltr'>Chronico.</span> 
     </span>
    </p>

    <p class='ocr_par' dir='ltr' id='par_1_5' title="bbox 207 2822 1661 2860">
     <span class='ocr_line' id='line_1_36' title="bbox 207 2822 1661 2860; baseline 0 -10"><span class='ocrx_word' id='word_1_303' title='bbox 207 2822 221 2842; x_wconf 68' lang='grc' dir='ltr'><strong>Ξ</strong></span> <span class='ocrx_word' id='word_1_304' title='bbox 258 2822 422 2856; x_wconf 84' lang='lat' dir='ltr'>Leopoldi</span> <span class='ocrx_word' id='word_1_305' title='bbox 439 2824 477 2850; x_wconf 87' lang='lat' dir='ltr'>de</span> <span class='ocrx_word' id='word_1_306' title='bbox 495 2824 648 2850; x_wconf 79' lang='lat' dir='ltr'>Austria.</span> <span class='ocrx_word' id='word_1_307' title='bbox 1659 2852 1661 2860; x_wconf 27' lang='grc' dir='ltr'><em>Α</em></span> 
     </span>
    </p>

    <p class='ocr_par' dir='ltr' id='par_1_6' title="bbox 157 2870 1777 2953">
     <span class='ocr_line' id='line_1_37' title="bbox 209 2870 1777 2907; baseline -0.001 -9"><span class='ocrx_word' id='word_1_308' title='bbox 209 2871 222 2890; x_wconf 75' lang='lat'>³</span> <span class='ocrx_word' id='word_1_309' title='bbox 260 2870 314 2898; x_wconf 86' lang='lat' dir='ltr'>Sic</span> <span class='ocrx_word' id='word_1_310' title='bbox 329 2873 372 2898; x_wconf 88' lang='lat' dir='ltr'>ab</span> <span class='ocrx_word' id='word_1_311' title='bbox 387 2872 535 2905; x_wconf 77' lang='lat' dir='ltr'>antiquis</span> <span class='ocrx_word' id='word_1_312' title='bbox 548 2872 745 2905; x_wconf 86' lang='lat' dir='ltr'>quibusdam</span> <span class='ocrx_word' id='word_1_313' title='bbox 761 2873 972 2906; x_wconf 81' lang='lat' dir='ltr'>appellatam</span> <span class='ocrx_word' id='word_1_314' title='bbox 985 2873 1095 2900; x_wconf 84' lang='lat' dir='ltr'>ferunt</span> <span class='ocrx_word' id='word_1_315' title='bbox 1111 2874 1237 2905; x_wconf 87' lang='lat' dir='ltr'>urbem,</span> <span class='ocrx_word' id='word_1_316' title='bbox 1252 2879 1337 2907; x_wconf 83' lang='lat' dir='ltr'>quae</span> <span class='ocrx_word' id='word_1_317' title='bbox 1353 2878 1440 2898; x_wconf 88' lang='lat' dir='ltr'>nunc</span> <span class='ocrx_word' id='word_1_318' title='bbox 1462 2870 1639 2898; x_wconf 83' lang='lat' dir='ltr'>Saulucar</span> <span class='ocrx_word' id='word_1_319' title='bbox 1652 2870 1695 2897; x_wconf 81' lang='lat' dir='ltr'>de</span> <span class='ocrx_word' id='word_1_320' title='bbox 1710 2870 1777 2897; x_wconf 80' lang='grc' dir='ltr'>Βα-</span> 
     </span>
     <span class='ocr_line' id='line_1_38' title="bbox 157 2918 1485 2953; baseline 0.001 -8"><span class='ocrx_word' id='word_1_321' title='bbox 157 2918 325 2945; x_wconf 72' lang='lat' dir='ltr'>rrameda</span> <span class='ocrx_word' id='word_1_322' title='bbox 341 2919 476 2952; x_wconf 79' lang='lat' dir='ltr'>dicitur,</span> <span class='ocrx_word' id='word_1_323' title='bbox 493 2926 593 2953; x_wconf 85' lang='lat' dir='ltr'>quarn</span> <span class='ocrx_word' id='word_1_324' title='bbox 607 2918 800 2953; x_wconf 82' lang='lat' dir='ltr'>significare</span> <span class='ocrx_word' id='word_1_325' title='bbox 815 2924 908 2947; x_wconf 85' lang='lat' dir='ltr'>certo</span> <span class='ocrx_word' id='word_1_326' title='bbox 922 2921 996 2947; x_wconf 90' lang='lat' dir='ltr'>vult</span> <span class='ocrx_word' id='word_1_327' title='bbox 1012 2920 1206 2948; x_wconf 85' lang='lat' dir='ltr'>litterarum</span> <span class='ocrx_word' id='word_1_328' title='bbox 1221 2921 1341 2947; x_wconf 80' lang='lat' dir='ltr'>harum</span> <span class='ocrx_word' id='word_1_329' title='bbox 1356 2922 1485 2946; x_wconf 83' lang='lat' dir='ltr'>auctor.</span> 
     </span>
    </p>

    <p class='ocr_par' dir='ltr' id='par_1_7' title="bbox 210 2965 1732 3003">
     <span class='ocr_line' id='line_1_39' title="bbox 210 2965 1732 3003; baseline 0.001 -11"><span class='ocrx_word' id='word_1_330' title='bbox 210 2966 223 2985; x_wconf 73' lang='lat'><strong>⁴</strong></span> <span class='ocrx_word' id='word_1_331' title='bbox 260 2965 382 2997; x_wconf 71' lang='lat' dir='ltr'>Aedes,</span> <span class='ocrx_word' id='word_1_332' title='bbox 399 2966 540 2999; x_wconf 84' lang='lat' dir='ltr'>scilicet,</span> <span class='ocrx_word' id='word_1_333' title='bbox 559 2973 645 3000; x_wconf 86' lang='lat' dir='ltr'>quae</span> <span class='ocrx_word' id='word_1_334' title='bbox 661 2966 796 2994; x_wconf 84' lang='lat' dir='ltr'>Domus</span> <span class='ocrx_word' id='word_1_335' title='bbox 806 2967 985 3003; x_wconf 83' lang='lat' dir='ltr'>professa,</span> <span class='ocrx_word' id='word_1_336' title='bbox 999 2968 1054 2994; x_wconf 87' lang='lat' dir='ltr'>vel</span> <span class='ocrx_word' id='word_1_337' title='bbox 1066 2967 1310 3003; x_wconf 83' lang='lat' dir='ltr'>professorum</span> <span class='ocrx_word' id='word_1_338' title='bbox 1327 2967 1494 3001; x_wconf 85' lang='lat' dir='ltr'>appellari</span> <span class='ocrx_word' id='word_1_339' title='bbox 1510 2974 1732 2995; x_wconf 83' lang='lat' dir='ltr'>consuevere.</span> 
     </span>
    </p>

    <p class='ocr_par' dir='ltr' id='par_1_8' title="bbox 150 3012 1779 3096">
     <span class='ocr_line' id='line_1_40' title="bbox 210 3012 1779 3049; baseline 0 -9"><span class='ocrx_word' id='word_1_340' title='bbox 210 3012 224 3032; x_wconf 85' lang='lat'>⁵</span> <span class='ocrx_word' id='word_1_341' title='bbox 263 3013 411 3041; x_wconf 71' lang='lat' dir='ltr'>Vocibus·</span> <span class='ocrx_word' id='word_1_342' title='bbox 426 3014 478 3041; x_wconf 86' lang='lat' dir='ltr'>his</span> <span class='ocrx_word' id='word_1_343' title='bbox 492 3013 583 3041; x_wconf 63' lang='lat' dir='ltr'>lianc</span> <span class='ocrx_word' id='word_1_344' title='bbox 598 3014 817 3048; x_wconf 78' lang='lat' dir='ltr'>religionem,</span> <span class='ocrx_word' id='word_1_345' title='bbox 830 3015 857 3042; x_wconf 89' lang='lat' dir='ltr'>si</span> <span class='ocrx_word' id='word_1_346' title='bbox 873 3022 948 3043; x_wconf 90' lang='lat' dir='ltr'>cum</span> <span class='ocrx_word' id='word_1_347' title='bbox 962 3015 1179 3049; x_wconf 88' lang='lat' dir='ltr'>sequentibus</span> <span class='ocrx_word' id='word_1_348' title='bbox 1194 3015 1426 3046; x_wconf 79' lang='lat' dir='ltr'>conferantur.</span> <span class='ocrx_word' id='word_1_349' title='bbox 1440 3013 1623 3042; x_wconf 83' lang='lat' dir='ltr'>societatis</span> <span class='ocrx_word' id='word_1_350' title='bbox 1634 3013 1713 3047; x_wconf 85' lang='lat' dir='ltr'>Jesu</span> <span class='ocrx_word' id='word_1_351' title='bbox 1728 3021 1779 3040; x_wconf 87' lang='lat' dir='ltr'>re-</span> 
     </span>
     <span class='ocr_line' id='line_1_41' title="bbox 150 3060 638 3096; baseline 0.002 -9"><span class='ocrx_word' id='word_1_352' title='bbox 150 3060 239 3093; x_wconf 59' lang='lat' dir='ltr'>ligio</span> <span class='ocrx_word' id='word_1_353' title='bbox 256 3062 476 3096; x_wconf 82' lang='lat' dir='ltr'>intelligenda</span> <span class='ocrx_word' id='word_1_354' title='bbox 492 3061 638 3089; x_wconf 85' lang='lat' dir='ltr'>videtur.</span> 
     </span>
    </p>
   </div>
  </div>
 </body>
</html>
