2020 3342
224 246 270 283 78
732 245 957 282 LITTERAE
983 254 1340 288 QUADRIMESTRES

220 343 376 382 buona
397 342 585 393 qualita.
609 340 749 381 Molte
769 352 966 392 persone
986 346 1174 380 restano
1196 340 1270 380 nel
1293 340 1468 388 secolo,
1492 340 1618 379 assai
1639 344 1858 390 prompte

219 419 266 452 et
286 412 439 452 habile
463 413 553 452 alla
574 411 863 463 perfettione‚
900 422 984 462 per
1016 422 1109 451 non
1144 410 1318 450 hauere
1340 410 1511 450 luocho
1541 410 1586 450 di
1620 409 1786 450 tenerli
1807 417 1857 450 et

218 483 522 530 essercitarli3
549 483 591 522 al
612 488 730 522 tutto
751 482 1010 534 prouedera
1037 482 1081 521 la
1102 481 1333 532 sapientia
1357 487 1402 521 et
1434 480 1752 521 misericordia
1775 479 1851 520 del

220 553 432 605 Signore.

304 624 379 664 Gli
400 623 588 674 Signori
609 623 653 663 di
674 623 912 663 Macerata
934 622 1022 662 due
1044 623 1166 662 volte
1188 623 1231 662 ci
1251 623 1412 663 hanno
1439 623 1600 663 scritto
1621 622 1855 673 preghan-

218 694 325 734 doci
345 695 411 745 gli
432 694 671 745 vogliamo
699 693 896 751 mandas
917 693 1004 733 due
1026 693 1132 733 delli
1153 693 1303 733 nostri
1334 704 1416 744 per
1452 693 1496 733 X
1531 705 1557 732 o
1590 692 1678 733 XII
1698 692 1855 743 giomi

217 772 327 815 eto,
351 765 429 804 alli
449 765 575 816 quali
594 765 710 804 hora
731 765 769 804 si
786 768 810 804 6
827 763 1060 804 satisfatto
1080 775 1167 804 603
1185 764 1544 804 dimostratione
1561 763 1680 804 della
1696 763 1855 803 buona

222 836 424 885 volonta,
448 847 536 875 con
557 846 784 886 speranza
805 835 851 874 di
873 835 1270 885 accompagnarla
1294 846 1383 874 con
1405 833 1564 874 effetto
1585 839 1760 885 quanto
1777 833 1858 885 13111

221 912 393 957 presto.

299 977 349 1017 In
370 982 531 1027 questo
552 976 734 1026 borgho
759 975 766 993 ¹
790 976 820 1015 11
841 987 1034 1016 numero
1057 975 1173 1016 delle
1194 988 1394 1028 persone
1429 976 1515 1016 che
1542 976 1853 1027 frequentano

221 1048 253 1087 li
273 1047 528 1087 santissimi
548 1047 831 1086 sacramenti
852 1058 912 1086 va
934 1047 1133 1087 tuttauia
1161 1046 1415 1087 crescendo
1438 1052 1482 1087 et
1503 1047 1856 1098 generalmente

223 1118 254 1157 il
270 1118 451 1168 borgho
464 1116 790 1168 migliorando.
809 1117 1013 1157 Alchuni
1030 1117 1238 1158 huomini
1257 1124 1301 1158 et
1317 1117 1486 1168 donne,
1504 1122 1543 1157 si
1561 1116 1633 1157 del
1651 1117 1833 1167 borgho
1845 1149 1855 1165 ,

224 1198 355 1228 come
377 1188 656 1236 fuorastieri,
690 1188 727 1227 si
748 1199 895 1227 sonno
918 1188 1113 1239 disposti
1135 1190 1224 1228 alla
1242 1188 1502 1238 Religione,
1523 1194 1566 1228 et
1586 1189 1665 1239 gia
1686 1188 1857 1238 cinque

224 1259 465 1310 sappiamo
478 1259 637 1298 hauer'
654 1259 874 1299 mandato
892 1260 938 1299 in
953 1259 1242 1300 essecutione
1259 1271 1344 1299 sua
1357 1259 1511 1299 buona
1529 1258 1854 1311 dispositione:

223 1330 347 1380 altri,
371 1330 589 1369 massime
611 1329 780 1369 cittelle
801 1341 893 1368 non
914 1329 1076 1380 poche,
1103 1336 1291 1370 restano
1324 1341 1407 1381 per
1439 1329 1786 1369 manchamenti
1806 1329 1853 1368 di

223 1400 368 1451 dotta;
392 1406 436 1440 et
457 1411 538 1452 per
560 1411 687 1439 esser
704 1400 733 1439 il
753 1401 931 1451 borgho
954 1401 1105 1451 picolo
1128 1412 1220 1440 non
1241 1401 1306 1452 gli
1327 1401 1535 1452 potiamo
1565 1400 1663 1440 dar’
1689 1400 1857 1450 aggiu-

223 1478 287 1511 to.
310 1471 344 1512 Il
365 1471 513 1511 simile
536 1471 709 1510 accade
731 1471 857 1511 circa
879 1473 919 1511 16
941 1470 1092 1511 (10336
1114 1472 1388 1523 peccatrici,
1412 1471 1529 1511 delle
1559 1471 1686 1522 quali
1713 1471 1855 1510 molte

221 1542 464 1582 ritornano
487 1553 574 1582 con
593 1553 713 1593 gran
735 1542 866 1581 dolor
888 1549 1048 1582 nostro
1078 1542 1121 1582 al
1142 1548 1338 1593 peccato
1356 1554 1441 1593 per
1460 1553 1554 1582 non
1575 1548 1766 1582 trouare
1787 1553 1858 1581 re-

227 1613 405 1664 capito:
429 1613 638 1664 sapiamo
660 1624 745 1663 pur
768 1614 852 1653 che
873 1613 931 1653 da
952 1619 1021 1653 tre
1043 1614 1082 1653 si
1103 1614 1205 1653 sian
1223 1614 1478 1664 congionte
1500 1625 1588 1653 603
1610 1613 1747 1664 quelli
1768 1613 1856 1652 che

226 1685 269 1723 16
291 1691 520 1724 16363330
542 1684 588 1723 13
609 1692 816 1735 13666310,
841 1690 885 1723 61
914 1684 1018 1724 31111
1047 1695 1175 1724 esser
1200 1684 1310 1724 stati
1337 1684 1485 1725 mossi
1512 1684 1571 1724 da
1591 1683 1719 1724 Iddio
1742 1696 1768 1724 a
1791 1684 1857 1735 pi-

222 1755 390 1806 gliarle
411 1766 493 1806 per
514 1755 684 1805 moglie
705 1755 752 1794 in
772 1755 1024 1805 penitentia
1046 1754 1092 1795 di
1112 1755 1215 1795 suoi
1233 1756 1435 1806 peccati.
1455 1754 1503 1795 si
1520 1766 1667 1795 sonno
1690 1757 1855 1805 aggiu-

226 1826 310 1865 tati
344 1832 608 1877 appostate‚
641 1825 885 1865 illuminati
919 1825 1132 1876 heretici,
1171 1826 1358 1866 liberati
1399 1825 1413 1844 ³
1448 1825 1721 1877 inspiritati;
1757 1825 1857 1865 dati

224 1896 452 1936 essercitii
474 1896 716 1947 spirituali,
740 1897 918 1936 visitati
938 1896 1121 1936 infermi
1141 1897 1362 1937 etiamdio
1391 1897 1472 1936 alli
1494 1896 1673 1936 castelli
1693 1896 1853 1937 vicini,

223 1967 378 2007 donde
400 1968 488 2006 alle
509 1967 634 2006 volte
667 1967 814 2006 siamo
849 1967 1070 2007 chiamati
1105 1978 1187 2018 per
1222 1967 1461 2007 consolar'
1482 1973 1526 2006 et
1556 1966 1798 2006 confessar
1824 1967 1859 2005 li

223 2038 431 2078 amalati.
454 2037 503 2078 si
524 2049 671 2077 sonno
693 2049 783 2089 qua
805 2038 1052 2088 parimenti
1072 2037 1186 2078 fatte
1207 2038 1332 2078 assai
1353 2049 1491 2089 pace;
1516 2043 1560 2077 et
1581 2043 1654 2077 tra
1673 2038 1700 2076 l'
1722 2038 1857 2086 altre,

223 2107 490 2148 confessata
513 2107 567 2148 de
589 2120 680 2148 vno
711 2108 755 2147 di
789 2109 935 2148 nostri
956 2108 1040 2148 che
1074 2109 1123 2149 fu
1156 2120 1250 2148 vna
1286 2109 1459 2156 donna,
1487 2109 1532 2148 la
1555 2109 1691 2159 quale
1713 2109 1858 2147 molto

224 2185 381 2230 tempo
397 2179 550 2219 hauea
585 2186 883 2230 perseuerato
918 2180 992 2219 nel
1023 2191 1107 2219 suo
1130 2179 1251 2227 odio,
1284 2191 1437 2219 venne
1461 2191 1486 2218 a
1510 2179 1742 2218 ritrouare
1768 2189 1856 2217 sua

222 2250 463 2289 contraria
487 2250 533 2289 in
554 2249 787 2300 presentia
808 2249 853 2289 di
873 2248 952 2289 300
973 2262 998 2289 0
1019 2249 1098 2289 400
1117 2261 1331 2301 persone,
1353 2257 1396 2289 et
1419 2248 1685 2300 gettandosi
1707 2259 1735 2288 a
1751 2248 1858 2288 suoi

226 2320 362 2371 piedi,
385 2320 449 2371 gli
471 2320 702 2360 domando
730 2320 937 2371 perdono
973 2331 1063 2360 con
1084 2326 1211 2360 tante
1246 2321 1471 2360 lachrime
1509 2320 1594 2359 che
1622 2330 1716 2359 non
1737 2320 1857 2358 sola-

227 2397 380 2430 mente
401 2390 429 2430 1'
449 2392 569 2430 altra
590 2391 637 2430 fu
658 2402 911 2441 commosa,
937 2403 1013 2431 ma
1035 2391 1184 2431 anche
1201 2391 1307 2431 tutti
1335 2391 1401 2442 gli
1426 2390 1599 2430 astanti
1626 2401 1714 2429 con
1735 2400 1857 2440 gran

226 2461 531 2501 edificatione.
556 2460 603 2501 Si
625 2473 771 2500 sonno
792 2460 905 2501 fatte
926 2462 1066 2501 molte
1087 2461 1372 2501 restitutioni
1405 2461 1447 2501 d’
1478 2461 1788 2512 importanza,
1811 2468 1859 2499 ct

227 2531 375 2572 anche
397 2532 511 2571 hora
533 2544 589 2571 ne
611 2539 751 2581 tengo
774 2543 867 2571 vna
888 2538 960 2571 tra
981 2533 1021 2571 16
1047 2532 1173 2572 mani
1195 2532 1240 2572 di
1260 2532 1340 2583 13111
1361 2531 1406 2572 (11
1435 2531 1490 2571 Δίί
1519 2530 1533 2550 ⁵
1553 2530 1619 2579 50,
1643 2530 1722 2582 gia
1737 2530 1858 2570 satta

227 2614 307 2654 per
328 2602 544 2652 maggior
566 2608 711 2653 parte,
736 2603 822 2641 che
843 2613 937 2641 non
959 2606 982 2642 e
1013 2603 1193 2653 poccho
1222 2603 1268 2642 in
1299 2608 1466 2654 questo
1494 2608 1649 2652 tempo
1683 2600 1743 2641 ad
1762 2612 1860 2640 vna

227 2683 429 2724 persona
446 2683 636 2723 pouera.

309 2741 390 2783 Col
410 2742 542 2781 fauor
566 2741 610 2780 (11
634 2741 873 2792 Monsig.¹'e
904 2743 933 2782 11
953 2750 1267 2794 gouernatore
1287 2741 1301 2761 4
1321 2743 1360 2783 si
1381 2755 1531 2783 sonno
1554 2741 1731 2782 uisitati
1748 2741 1857 2781 tutti

285 2902 294 2920 ¹
334 2899 498 2926 Laureti.

283 2947 296 2965 ’ἔ
335 2946 398 2974 Hie
424 2947 586 2980 scriptum
609 2952 683 2974 erat
699 2948 908 2979 illuminatis
931 2948 1000 2983 sed,
1025 2949 1086 2975 hoc
1111 2948 1231 2982 deleto,
1253 2949 1390 2983 scripsit
1405 2948 1572 2977 Polancus
1595 2949 1762 2977 liberati.

282 2993 294 3011 ³
337 2994 447 3026 Scutz',
462 2998 609 3021 scutata.

284 3041 297 3060 ⁴
335 3040 471 3073 Gaspar
487 3039 525 3066 de
542 3040 670 3068 1306115,
