2020 3342
885 260 920 298 A
928 273 965 299 N.
997 261 1087 300 1556
1724 266 1794 303 ¹253

167 356 375 407 audiunt,
400 357 730 408 complurimos
759 363 1059 408 aegrotantes
1087 370 1142 398 ac
1166 358 1448 399 xenodochii
1479 371 1708 412 pauperes
1730 362 1792 401 in-

168 426 337 478 uisum,
362 432 406 467 et
432 426 706 468 confitentes
734 427 941 478 audiunt,
973 429 1111 469 morti
1147 429 1312 469 uicinis
1334 436 1521 481 praesto
1544 437 1664 482 sunt,
1690 432 1793 472 illos

169 508 253 537 sua
288 509 431 549 opera
461 510 515 538 eo
546 504 753 550 tempore
788 499 1057 539 necessaria
1087 499 1302 539 adiuturi.
1341 500 1391 540 In
1425 502 1660 542 exercitiis
1682 514 1793 543 uero

169 567 452 620 domesticis,
481 576 575 609 tam
596 569 835 610 litterariis
859 581 999 621 quam
1034 570 1367 621 spiritualibus,
1398 572 1611 612 eumdem
1639 584 1792 614 serua-

168 650 269 679 mus
291 639 516 689 ordinem,
540 640 750 680 eamdem
773 640 1047 681 adhibemus
1069 641 1372 692 diligentiam;
1399 654 1667 695 omnesque,
1691 644 1792 685 Deo

166 710 335 762 gloria,
364 711 590 762 valemus,
619 711 782 763 paucis
817 712 1041 763 exceptis,
1075 712 1120 752 in
1156 712 1320 764 quibus
1349 713 1501 754 adhuc
1523 714 1793 756 morborum

167 780 397 833 quaedam
418 781 618 833 uestigia
644 782 1075 834 deprehenduntur,
1105 783 1395 834 postulantes
1422 791 1636 826 sanctam
1658 792 1790 826 tuam

165 859 503 905 paternamque
539 853 585 893 in
621 852 806 894 Christo
848 853 1236 894 benedictionem.
1275 853 1420 905 Vale,
1464 855 1601 896 Pater
1637 857 1790 897 obser-

164 923 469 964 uandissime.

245 994 494 1047 Compluti,
518 995 742 1036 Kalendis
763 996 874 1037 Maii
907 996 1021 1037 1556.

325 1065 447 1107 Rodae
475 1066 577 1107 P‚tis
606 1066 658 1108 T

453 1149 620 1179 seruus
641 1138 861 1179 minimus
882 1151 938 1180 ac
959 1139 1313 1190 indignissimus
1336 1140 1381 1180 in
1400 1140 1603 1181 Christo.

510 1209 579 1249 Ex
600 1210 928 1250 commissione
949 1210 1103 1250 Patris
1120 1210 1334 1262 Carrillo,

1389 1353 1618 1396 RIPALDA.

930 1781 1017 1834 D]

232 2008 277 2046 Ρ.
297 2008 491 2055 Joannes
511 2008 564 2047 de
586 2009 922 2047 Valderrabano

278 2074 397 2112 Patri
414 2073 584 2121 Ignatio
605 2074 658 2112 de
677 2073 863 2121 Loyola.

324 2139 472 2177 Monte
492 2139 648 2186 Regali
664 2138 949 2186 (Monterey),
973 2140 988 2176 1
1013 2140 1115 2187 Maji
1137 2140 1226 2178 1556
1243 2142 1267 2177 ¹.

927 2296 1024 2373 ulis

240 2493 347 2545 Muy
371 2493 471 2533 R.d0
496 2493 645 2534 Padre
667 2500 856 2534 nuestro
878 2506 934 2534 en
955 2494 1073 2546 Xpo.

238 2563 399 2605 Gratia
422 2570 466 2605 et
486 2577 580 2616 pax
601 2564 773 2605 Christi
796 2571 882 2605 etc,

238 2634 448 2687 Despues
479 2647 566 2687 que
594 2646 679 2686 por
706 2636 939 2676 mandado
968 2636 1023 2676 de
1055 2638 1097 2676 la
1129 2636 1399 2677 obediencia
1429 2636 1485 2676 de
1517 2643 1705 2676 nuestro
1736 2636 1783 2675 P.

157 2706 411 2747 Francisco
433 2705 446 2724 ²
468 2713 671 2747 estamos
693 2708 820 2758 aqui,
846 2718 933 2758 que
955 2710 1071 2747 avra
1091 2719 1150 2747 Vn
1171 2718 1268 2747 mes
1290 2718 1378 2759 que
1399 2707 1551 2758 llegue'
1579 2719 1639 2758 yo
1671 2719 1699 2758 y
1723 2718 1782 2746 un

157 2776 378 2817 hermano
402 2779 429 2817 a
451 2784 546 2817 este
569 2777 765 2828 collegio
794 2788 945 2818 nuevo
978 2778 1032 2818 de
1055 2778 1210 2817 Monte
1232 2777 1348 2829 Rey,
1378 2790 1408 2829 y
1437 2783 1564 2818 otros
1587 2777 1671 2817 dos
1700 2776 1780 2816 Pa-

207 2937 217 2957 ¹
255 2937 503 2972 Autographae
519 2938 643 2972 duplici
660 2938 748 2972 folio,
771 2938 879 2972 primo
896 2946 926 2965 n.
949 2938 1012 2971 376,
1034 2939 1143 2965 altero
1167 2946 1230 2965 non
1250 2943 1439 2966 numerato.
1464 2938 1570 2964 -Vere
1594 2937 1783 2971 quadrime-

154 2988 242 3011 stres
253 2992 318 3012 non
329 2990 416 3017 sunu
426 2985 484 3012 sed
497 2985 575 3019 quia
587 2985 665 3012 novi
678 2985 775 3019 hujus
788 2984 931 3019 Collegii
943 2985 1040 3013 initia
1052 2990 1226 3018 enarrant,
1236 2986 1358 3013 futuris
1371 2985 1678 3020 quadrimeszribus
1692 2984 1782 3010 viam

159 3035 325 3059 sternunt.
348 3046 350 3048 ·

209 3080 221 3098 ·-'
260 3079 296 3108 P.
313 3079 518 3107 Franciscus
533 3080 571 3106 de
590 3079 702 3114 Borja.
