2020 3342
255 200 327 240 570
771 200 995 241 LITTERAE
1021 212 1378 248 QUADRIMESTRES

410 522 660 551 Praecedentes
675 523 842 559 Alphonsi
858 524 1057 553 Hernandez
1073 526 1210 553 litterae
1227 532 1246 552 a
1262 525 1298 553 P.
1314 524 1460 552 Polanco
1476 524 1676 553 emendatae
1693 523 1715 552 ¹.

1025 629 1109 733 fils

337 798 603 841 Admodum
625 800 725 841 R.de
755 800 908 842 Pater.

339 870 504 911 Gratia
526 878 570 912 et
591 884 685 923 pax
701 872 892 924 Christi,
913 879 1001 913 etc.

345 942 402 982 Ut
423 943 644 983 exordiar
665 943 723 983 ab
745 944 1007 985 animarum
1028 943 1257 996 profectu,
1282 944 1341 984 ad
1361 955 1495 995 quem
1516 954 1651 983 omne
1672 948 1885 982 nostrum

200 1058 202 1060 v
258 1013 524 1064 consilium,
561 1014 766 1055 studium
801 1021 939 1066 atque
980 1015 1270 1065 diligentiam
1305 1014 1639 1055 conferendam
1672 1012 1885 1053 ducimus

258 1085 411 1135 quoad
433 1091 595 1125 nostra
615 1086 847 1136 fragilitas
868 1086 1056 1137 patitur,
1078 1086 1357 1126 medicinam
1374 1085 1462 1125 illis
1480 1085 1713 1125 salubrem
1731 1084 1886 1124 nitun-

257 1159 339 1196 tm'
359 1156 411 1195 Izi
422 1160 591 1207 patres
614 1156 797 1208 afferre,
821 1157 1164 1198 confessionem
1184 1157 1402 1197 nimirum
1423 1166 1701 1207 sacramque
1722 1155 1886 1195 eucha-

258 1227 451 1278 ristiam,
477 1228 535 1268 ad
563 1240 703 1280 quam
732 1230 1005 1270 sumendam
1037 1229 1255 1280 frequens
1286 1228 1526 1269 hominum
1557 1238 1612 1267 ac
1642 1226 1886 1266 mulierum

257 1299 503 1339 multitudo
539 1300 597 1340 ad
632 1312 717 1340 nos
752 1300 964 1351 confluit,
997 1308 1100 1341 tam
1135 1300 1296 1340 diebus
1329 1299 1528 1350 feriatiS,
1566 1310 1704 1350 quam
1740 1297 1885 1347 festis,

258 1370 636 1423 frequentiorque
664 1372 728 1422 (ut
756 1371 988 1422 existimo)
1016 1371 1065 1411 in
1093 1372 1192 1411 dies
1222 1371 1427 1412 accedet.
1457 1370 1587 1410 Haec
1617 1369 1739 1410 enlm
1767 1380 1888 1409 com-

259 1442 528 1482 municandi
548 1442 826 1494 frequentia,
851 1450 958 1483 ante
980 1443 1232 1483 aduentum
1252 1448 1463 1483 nostrum
1484 1453 1629 1493 prope
1660 1440 1886 1490 inaudita,

260 1513 388 1564 viget
409 1513 502 1553 iam
523 1525 550 1553 a
571 1514 872 1566 plurimisque
893 1515 1120 1565 probatur
1142 1514 1311 1554 mirum
1333 1514 1378 1553 in
1397 1513 1599 1563 modum;
1618 1517 1890 1564 stupescunt

260 1584 467 1636 plerique
489 1595 594 1624 cum
616 1584 774 1624 vident
795 1596 897 1635 nos,
922 1586 1046 1625 nulla
1068 1596 1150 1636 spe
1171 1585 1310 1636 pretii
1331 1590 1410 1624 aut
1431 1583 1659 1624 mercedis
1681 1582 1888 1632 adducti,

260 1654 630 1695 confessionibus
670 1657 864 1708 aliisque
904 1657 1052 1697 solitis
1092 1655 1339 1696 Societatis
1384 1661 1572 1695 nostrae
1620 1653 1890 1695 ministeriis

259 1738 455 1766 vacare:
493 1727 610 1767 adeo
645 1728 768 1767 enim
803 1728 1039 1767 contraria
1077 1727 1367 1768 consuetudo
1403 1727 1477 1766 lzic
1509 1725 1807 1776 z‘nuczluerczt,
1842 1713 1891 1765 ut

261 1798 468 1837 nonnulli
489 1798 772 1838 arbitrentur
794 1810 885 1838 non
908 1806 1034 1838 recte
1056 1804 1358 1850 peccatorum
1375 1798 1570 1838 nexibus
1587 1809 1636 1837 se
1653 1797 1888 1846 liberatOS,

259 1869 348 1908 nisi
369 1869 564 1920 pecunia
587 1870 917 1910 intercesserit.
942 1869 1036 1909 Nec
1059 1869 1224 1910 desunt
1246 1870 1324 1920 qui
1347 1869 1504 1909 dicant
1526 1868 1738 1909 crebrius
1760 1878 1809 1907 se
1832 1867 1891 1907 ad

259 1939 605 1980 confessionem
627 1951 917 1990 accessuros,
941 1941 981 1980 si
1003 1941 1216 1992 pecunia,
1237 1951 1355 1991 quae
1377 1940 1495 1980 solui
1517 1941 1649 1989 solet,
1671 1939 1761 1979 illis
1782 1943 1891 1989 sup-

252 2014 457 2062 peteret,·
488 2011 519 2051 ii
546 2022 674 2061 uero,
699 2011 887 2062 cognita
909 2011 957 2050 in
986 2011 1072 2051 lmc
1095 2015 1238 2062 parte
1269 2011 1427 2051 nostri
1450 2009 1663 2050 instituti
1690 2009 1891 2059 ratione,

261 2094 353 2122 non
375 2093 483 2122 raro
506 2081 799 2122 confitentur.
823 2081 918 2122 Nec
942 2083 1092 2122 solum
1115 2082 1239 2122 domi
1262 2088 1341 2122 aut
1363 2082 1408 2121 in
1425 2081 1623 2122 ecclesia
1641 2080 1893 2120 confessio·

261 2153 395 2193 nibus
431 2152 673 2193 audiendis
709 2158 929 2202 vacatur,
966 2153 1048 2192 sed
1079 2153 1135 2193 ab
1167 2153 1373 2204 aegrotis
1401 2152 1541 2192 etiam
1564 2163 1702 2203 saepe
1729 2150 1894 2191 Patres

262 2230 582 2264 accersuntur.
607 2223 951 2274 Nonnunquam
973 2230 1016 2263 et
1039 2224 1094 2263 ab
1117 2224 1203 2273 his,
1228 2223 1307 2275 qui
1329 2223 1373 2262 in
1396 2222 1665 2263 triremibus
1692 2233 1891 2262 commo-

261 2302 439 2335 rantur:
463 2295 508 2334 in
530 2295 602 2334 his
623 2293 676 2334 R.
700 2294 749 2334 P.
773 2294 949 2334 Doctor
978 2295 1164 2345 Loarte,
1189 2295 1447 2335 accersitus
1465 2306 1492 2333 a
1519 2293 1663 2333 nobili
1691 2293 1893 2345 quodam

262 2377 318 2406 ac
353 2365 543 2416 insigni
574 2365 692 2414 viro,
729 2365 962 2416 integram
997 2366 1122 2406 vitae
1159 2366 1280 2405 illius
1314 2366 1481 2405 seriem
1519 2364 1568 2404 in
1603 2364 1893 2405 confessione

265 2436 457 2477 audiuit.
482 2436 613 2475 Idem
638 2448 771 2487 opem
794 2437 896 2476 tulit
917 2436 1004 2475 alsi
1021 2436 1163 2476 nobili
1181 2437 1297 2486 viro,
1317 2437 1371 2476 de
1389 2436 1520 2476 cuius
1537 2435 1720 2476 animae
1738 2434 1894 2474 salute

263 2508 468 2548 omnium
486 2507 584 2547 fere
605 2508 801 2547 scientia
830 2508 1179 2558 desperabatur.
1213 2507 1331 2548 Nam
1360 2519 1467 2547 cum
1494 2507 1650 2547 multis
1681 2506 1894 2546 tentatio-

263 2590 374 2618 num
395 2578 611 2618 fluctibus
632 2591 658 2618 a
680 2578 906 2618 daemone
925 2579 1199 2629 agitaretur,
1220 2590 1274 2618 eo
1293 2577 1511 2618 redactus
1528 2584 1612 2628 est,
1630 2583 1679 2617 ut
1698 2583 1895 2617 mortem

264 2649 350 2689 sibi
373 2649 667 2689 consciscere
688 2649 973 2699 decerneret,
996 2649 1221 2699 optimum
1242 2650 1341 2689 lore
1363 2649 1450 2690 sibi
1471 2647 1759 2700 persuadens
1777 2659 1895 2688 mor-

266 2727 362 2761 tem
402 2726 620 2771 oppetere
640 2750 648 2768 ,
688 2731 746 2759 ne
784 2720 923 2759 toties
962 2719 1113 2759 Deum
1157 2720 1363 2770 peccatis
1410 2721 1679 2759 lacesseret.
1721 2718 1897 2759 Nactus

266 2792 409 2841 igitur
439 2790 639 2842 quadam
669 2790 742 2830 die
771 2791 1082 2839 occasionem,
1105 2791 1232 2830 solus
1253 2791 1299 2830 in
1320 2790 1542 2830 abditiori
1563 2790 1729 2829 domus
1762 2797 1896 2841 parte

265 2863 416 2902 cultro
453 2861 678 2912 pennario
719 2862 1000 2911 grauissima
1037 2861 1123 2901 sibi
1159 2862 1353 2901 uulnera
1389 2861 1570 2901 inflixit.
1612 2860 1699 2900 Dei
1740 2869 1895 2900 tamen

319 2974 327 2994 ¹
370 2974 497 3007 Verba,
516 2974 649 3001 italicis
663 2974 921 3002 characteribus
945 2979 1074 3006 notata.
1092 2980 1167 3002 sunt
1184 2982 1269 3008 quae
1291 2981 1391 3002 manu
1413 2974 1550 3009 propria
1567 2975 1599 3002 in
1621 2974 1830 3008 archetypas
1845 2973 1897 3001 lit-

280 3029 358 3051 eras
376 3022 506 3050 induxit
526 3021 703 3051 Polaticus.
