2020 3342
266 257 333 293 116
770 255 995 293 LITTERAE
1021 267 1379 300 QUADRIMESTRES

345 351 695 403 Superscmptio
731 351 779 391 in
814 355 987 402 quarta
1015 352 1228 403 pagina:
1257 351 1289 403 †
1324 352 1384 392 Al
1419 353 1561 393 molto
1593 352 1693 393 R.d⁰
1724 355 1770 393 in
1802 354 1886 395 Χ.ο

267 423 417 463 Padre
436 423 466 462 il
486 422 635 462 Padre
657 421 716 461 M.
739 422 922 473 Ignatio
945 422 1000 462 de
1021 423 1217 473 Loyola,
1238 422 1481 473 Preposito
1513 422 1743 464 Generale
1765 424 1886 465 della

267 492 452 544 Comp.a
473 493 516 532 di
538 493 663 545 Jesu.

342 563 453 603 Alia
472 575 641 604 manu:
664 563 778 604 1556.
803 563 1019 603 Ferrara.
1044 563 1388 614 Quadrimestri
1410 563 1457 603 di
1476 564 1500 603 7
1521 564 1566 604 di
1586 564 1800 606 Febraio.

456 917 706 944 Praecedentes
721 917 892 944 Ambrosii
913 917 1068 944 Pullicini
1082 917 1220 944 litterae
1234 918 1340 945 latino
1355 925 1509 945 sermone
1524 917 1676 944 donatae

850 973 881 997 et
895 970 1047 997 nonnihil
1062 974 1245 998 exornatae
1264 971 1287 997 ¹.

1008 1096 1125 1184 Jh†us

331 1272 432 1313 Pax
469 1273 657 1313 Domini
696 1274 843 1313 nostri
882 1273 992 1325 Jesu
1037 1273 1210 1314 Christi
1250 1274 1309 1313 sit
1349 1285 1532 1325 semper
1571 1274 1618 1314 in
1660 1274 1879 1314 cordibus

261 1344 446 1384 nostris.
466 1343 630 1384 Amen.

334 1415 542 1455 Peractis
575 1420 773 1466 quatuor
808 1415 1063 1462 mensibus,
1101 1427 1254 1455 meum
1284 1427 1386 1456 esse
1419 1416 1688 1466 uidebatur,
1724 1416 1799 1455 cui
1833 1415 1880 1455 id

254 1486 461 1526 muneris
483 1486 539 1525 ab
567 1485 828 1525 obedientia
864 1486 1130 1537 impositum
1163 1487 1330 1537 fuerat,
1355 1487 1411 1527 de
1447 1487 1587 1527 rebus
1623 1498 1743 1538 quae
1772 1492 1880 1527 acta

251 1563 358 1597 sunt
378 1557 432 1596 R.
455 1556 505 1596 P.
528 1556 579 1596 T.
609 1557 909 1615 renunciare:
933 1556 1070 1608 quod,
1108 1569 1164 1597 ne
1199 1557 1256 1597 ab
1278 1557 1427 1598 officio
1456 1557 1710 1608 discedam,
1734 1557 1878 1598 habes

254 1639 373 1679 quae
400 1627 652 1678 contigere.

334 1698 587 1749 Accepisti,
609 1704 658 1737 ut
679 1699 857 1749 opinor,
896 1698 1081 1750 quantis
1108 1699 1155 1738 in
1190 1698 1336 1738 turbis
1371 1699 1502 1739 hisce
1540 1699 1702 1739 diebus
1724 1700 1875 1740 nostri

254 1768 539 1808 Mutinenses
574 1775 897 1819 uersarentur,
934 1780 1028 1808 non
1058 1768 1178 1809 clam
1212 1768 1349 1808 modo
1387 1769 1560 1809 inuidis
1598 1770 1875 1821 quibusdam

250 1839 418 1890 ubique
437 1840 647 1879 locorum
666 1839 927 1879 maledictis
947 1839 1203 1890 dilacerati,
1234 1840 1315 1880 sed
1342 1841 1497 1891 palam
1525 1852 1707 1892 quoque
1734 1852 1874 1892 super

253 1909 622 1950 aedificationem
661 1910 770 1950 noui
820 1909 1041 1961 Collegii‚
1090 1910 1263 1950 indicta
1310 1911 1388 1951 lite
1437 1922 1533 1950 non
1577 1910 1875 1952 mediocriter

249 1981 519 2032 διαὸεὸλτ,μμένοι
547 1980 576 2030 ²3
601 1992 718 2032 quae
740 1992 845 2020 cum
866 1981 928 2020 ita
951 1993 999 2020 se
1025 1981 1271 2030 haberent,
1301 1980 1438 2021 finem
1469 1981 1542 2031 (ne
1570 1981 1723 2021 dicam
1751 1982 1873 2033 prin-

250 2051 436 2103 cipium,
461 2051 535 2091 cui
562 2063 610 2091 se
632 2051 855 2091 audacter
877 2051 1127 2091 admodum
1152 2063 1410 2103 opposuere
1441 2052 1666 2102 uniuersi,
1696 2059 1740 2093 et
1761 2065 1876 2093 non-

250 2122 364 2162 nihil
385 2122 524 2162 etiam
544 2122 800 2172 profecere)
836 2123 1008 2162 nostris
1042 2122 1382 2162 ennoimatibus
1419 2121 1432 2140 ³
1467 2123 1644 2163 nullum
1673 2123 1772 2163 fore
1792 2135 1874 2175 pu-

249 2193 441 2233 tandum
462 2198 577 2233 erat:
600 2192 645 2232 id
666 2199 822 2233 autem
842 2205 899 2232 ne
920 2193 1126 2233 eueniret
1147 2205 1285 2244 quam
1312 2192 1470 2233 sedulo
1501 2194 1561 2233 sit
1588 2194 1869 2245 enitendum,

246 2265 321 2304 uel
340 2264 574 2304 mediocre
595 2264 816 2303 iudicium
835 2264 972 2304 facile
993 2265 1216 2315 consequi
1237 2269 1402 2315 potest.
1427 2264 1511 2304 His
1539 2264 1682 2315 igitur
1706 2265 1765 2305 ad
1786 2277 1871 2305 nos

250 2335 416 2385 allatis,
448 2335 493 2374 in
515 2346 618 2374 eam
649 2346 810 2374 curam
829 2339 926 2374 toto
955 2341 1145 2386 pectore
1172 2335 1439 2374 incumbere
1468 2346 1561 2374 non
1590 2334 1766 2375 distulit
1787 2335 1870 2375 Pa-

248 2412 316 2445 ter
336 2412 495 2445 noster
514 2405 685 2446 Rector
705 2403 734 2455 ¹²,
758 2417 814 2445 ne
836 2405 955 2445 forte
978 2406 1168 2445 obtusae
1191 2405 1313 2445 uires
1334 2405 1724 2457 procrastinando
1749 2406 1866 2446 adeo

246 2482 601 2527 exacuerentur,
624 2482 687 2527 ut,
712 2487 829 2528 quae
851 2487 973 2516 nunc
994 2476 1216 2516 mediocri
1233 2477 1480 2516 conamine
1497 2487 1524 2515 a
1542 2476 1707 2528 quouis
1724 2477 1864 2517 etiam

242 2554 409 2598 tyrone
439 2547 663 2597 perfringi
693 2552 897 2598 possent,
934 2552 1089 2586 tamen
1124 2547 1455 2586 corroboratae
1490 2558 1548 2586 ne
1583 2558 1609 2586 a
1645 2552 1869 2587 ueterano

245 2618 430 2668 quidem
452 2617 648 2667 retundi;
672 2617 753 2657 sed
774 2617 833 2657 ad
852 2617 1012 2656 Ill.mum
1039 2615 1219 2656 Ducem
1236 2614 1250 2634 ⁵
1266 2623 1489 2668 tanquam
1506 2616 1868 2657 munitissimam

243 2700 400 2728 arcem
435 2688 728 2738 confugiens,
765 2687 1011 2739 patefactis
1045 2688 1230 2727 illorum
1271 2687 1644 2727 cauillationibus
1680 2688 1866 2728 solitum

293 2872 301 2892 ί
345 2871 594 2905 Autographae
610 2872 733 2906 duplici
753 2873 840 2904 folio,
857 2880 910 2899 nn.
927 2873 962 2899 87
977 2876 1009 2899 et
1024 2872 1067 2898 88.

293 2921 306 2939 ²
347 2919 511 2946 infamati.

294 2967 308 2985 3
345 2967 623 3000 cogitationibus?

291 3015 305 3034 4
345 3015 381 3041 P.
396 3014 544 3047 Joannes
560 3015 589 3041 le
606 3015 776 3042 Pelletier,

297 3063 309 3081 ³·
348 3062 513 3089 Hercules
527 3061 557 3089 II
573 3062 612 3089 de
627 3062 720 3089 Este.
