2020 3342
845 236 927 273 ΑΝ.
966 235 1057 272 1556
1720 234 1770 273 93

138 349 165 376 a
187 337 351 388 ganeis
373 336 419 376 in
447 335 612 387 quibus
641 333 959 382 luxuriantur,
993 332 1108 371 alios
1138 343 1164 371 a
1195 331 1423 381 tabernis,
1454 331 1625 370 omissa
1653 337 1764 372 tunc

139 407 296 447 illicita
322 405 601 454 venditione,
631 404 896 444 educentes.

213 478 320 527 Eos,
344 477 422 528 qui
443 482 652 516 extrema
673 474 902 526 supplicia
924 473 1130 525 pendunt
1148 479 1193 513 et
1215 472 1292 524 qui
1310 473 1438 523 ipsos
1457 472 1761 522 comitantur,

136 548 195 588 :td
234 547 565 599 poenitentiam
609 553 654 586 et
699 545 1062 585 nouissimorum
1103 543 1375 584 memoriam
1422 543 1668 583 exhortari
1706 543 1765 583 de

134 630 263 658 more
285 624 368 658 est.
391 617 508 658 Tam
529 617 692 657 crebra
714 622 759 655 et
789 622 885 655 tarn
917 620 1217 666 praematura
1238 620 1307 654 est
1329 613 1609 654 concionum
1640 612 1760 653 effla—

134 689 315 740 gitatiO,
352 695 402 728 vt
437 686 693 739 oportuerit
728 685 996 736 significare
1024 697 1117 724 non
1146 696 1247 724 esse
1279 684 1414 724 nobis
1441 689 1600 724 tantae
1637 684 1764 725 vitae

135 766 412 811 conceptam
446 770 591 810 spem,
627 769 717 809 quo
753 757 949 797 liberum
984 762 1106 796 esset
1142 755 1276 795 nobis
1311 755 1551 806 proximas
1580 760 1764 795 tantum

134 830 406 880 concedere,
437 841 496 869 ex
522 828 688 880 quibus
724 827 912 879 aliquae
944 827 990 866 in
1025 826 1325 866 monasteriis
1351 825 1689 865 monachorum
1718 831 1763 865 et

133 901 403 942 monialium
423 901 610 941 habitae
631 905 752 940 sunt.

210 971 281 1012 De
313 971 657 1011 confessionum
685 969 946 1021 frequentia
979 974 1023 1008 et
1056 969 1209 1009 fructu
1241 968 1288 1008 in
1309 967 1688 1007 restitutionibus
1717 973 1764 1007 et

133 1042 254 1082 vitae
273 1041 606 1082 reformatione
627 1040 737 1081 illud
759 1041 909 1080 solum
930 1039 1153 1089 dixerim,
1183 1039 1307 1090 quod
1335 1050 1442 1078 cum
1477 1038 1523 1078 in
1551 1038 1761 1089 peccatis

131 1115 416 1153 inueteratos
445 1123 500 1152 ac
530 1111 625 1152 fere
660 1112 936 1162 desperatae
972 1110 1136 1150 salutis
1172 1110 1353 1149 animos
1389 1109 1447 1149 ad
1483 1120 1569 1148 nos
1603 1107 1759 1149 trahat

130 1183 371 1233 Dominus,
393 1183 440 1222 in
470 1182 541 1222 his
571 1182 852 1222 mutationes
883 1181 1107 1221 dexterae
1138 1191 1249 1220 suae
1283 1179 1342 1219 ad
1364 1179 1684 1219 confusionem
1714 1185 1759 1219 et

131 1254 497 1295 humiliationem
519 1260 727 1293 nostram
749 1253 881 1292 nobis
905 1252 1122 1292 ostendit.

206 1324 508 1364 Praecedenti
532 1334 689 1363 mense
713 1323 929 1363 Octobris
951 1322 1065 1362 anni
1086 1322 1200 1370 1555,
1219 1321 1487 1360 {mulsimus
1507 1325 1516 1346 ¹
1534 1320 1584 1360 P.
1604 1319 1754 1371 Magr.

129 1395 338 1447 Baptista
361 1400 405 1435 et
427 1405 514 1445 ego
536 1394 549 1413 ²
570 1393 741 1434 fratres
762 1400 964 1443 nostros,
991 1393 1068 1444 qui
1089 1399 1196 1432 sunt
1218 1392 1264 1431 in
1286 1391 1457 1443 oppido
1492 1391 1757 1442 Santlucar3

127 1478 325 1518 cumque
346 1477 429 1517 per
450 1465 496 1505 id
516 1465 740 1515 temporis
761 1471 883 1504 esset
907 1464 1079 1503 classis
1100 1463 1238 1503 istinc
1269 1463 1327 1502 ad
1349 1462 1482 1502 indos
1513 1462 1756 1512 nauigatu-

126 1549 194 1588 ra,
217 1537 387 1577 fuimus
415 1536 529 1576 satis
554 1536 770 1586 occupati
795 1535 1112 1575 concionibus
1140 1534 1198 1574 ad
1225 1534 1555 1584 nauigaturos,
1584 1538 1680 1572 tam
1709 1532 1755 1572 in

124 1609 258 1649 litore
280 1619 418 1659 quam
440 1607 486 1646 in
507 1607 706 1647 ecclesia
735 1605 977 1655 habendis,
1010 1613 1054 1644 et
1082 1604 1480 1653 confessionibus,
1506 1615 1625 1654 quae
1653 1614 1757 1642 sese

124 1679 393 1728 offerebant,
417 1677 673 1728 audiendis3
693 1677 907 1728 denique,
929 1688 1034 1716 curn
1054 1676 1146 1716 iam
1163 1675 1331 1715 milites
1359 1687 1504 1714 naues
1526 1673 1758 1714 ascendis-

122 1757 238 1800 sent,
275 1750 476 1801 plurium
510 1749 717 1800 ipsorum
745 1747 1065 1788 confessiones
1095 1746 1387 1791 audiuimus.
1422 1745 1499 1796 qui
1526 1746 1661 1796 plane
1689 1744 1755 1784 vi—

120 1822 348 1861 debantur
369 1821 544 1872 absque
566 1819 857 1860 confessione
878 1819 984 1858 vela
1008 1818 1176 1858 daturi.
1195 1817 1368 1857 Illhinc
1393 1816 1606 1856 venimus
1629 1815 1753 1866 oppi—

121 1893 230 1933 dum
249 1892 415 1941 Xerez,
441 1904 466 1931 a
487 1903 577 1942 quo
598 1897 694 1931 tam
716 1890 881 1930 deuote
904 1895 1102 1940 excepta
1127 1895 1195 1928 est
1220 1888 1352 1928 verbi
1397 1887 1544 1927 diuini
1575 1886 1753 1937 praedi-

120 1963 256 2013 catio,
280 1970 344 2012 vt,
369 1962 753 2002 conuenientibus
774 1961 1052 2012 primatibus
1074 1959 1228 2010 populi
1251 1965 1294 1998 et
1316 1959 1371 1998 de
1396 1959 1484 1997 hoc
1504 1958 1756 1997 consulen-

119 2035 254 2085 tibus,
284 2034 436 2073 visum
462 2032 621 2082 fuerit,
654 2032 712 2072 ad
741 2031 973 2072 sedandas
1004 2032 1146 2082 (quae
1177 2036 1283 2070 sunt
1324 2030 1444 2069 inter
1481 2029 1608 2080 ipsos
1638 2028 1751 2068 anti-

120 2105 254 2157 quae)
277 2105 504 2144 factiones
525 2111 568 2143 et
591 2102 871 2154 extirpanda
895 2104 988 2142 alia
1009 2107 1220 2153 peccata,
1244 2102 1459 2140 Vltimum
1488 2099 1586 2139 fore
1608 2110 1748 2138 reme—

121 2176 260 2226 dium,
286 2176 325 2215 si
346 2177 422 2226 qui
444 2187 502 2214 ex
523 2174 757 2215 Societate
780 2174 825 2213 in
850 2174 950 2224 ipsa
975 2173 1167 2213 ciuitate
1188 2171 1463 2218 resederint,
1489 2170 1610 2222 quod
1640 2177 1751 2209 tunc

119 2253 384 2298 coeperunt,
410 2253 454 2286 et
476 2257 596 2285 nunc
618 2245 833 2295 flagitare
855 2249 1178 2295 perseuerant;
1204 2243 1260 2283 de
1282 2243 1395 2291 hoC,
1421 2242 1559 2281 dante
1590 2240 1749 2280 Domi—

118 2330 200 2365 ΠΟ,
240 2317 409 2357 certior
444 2317 525 2356 fies
557 2317 615 2365 si,
647 2316 810 2355 eodem
847 2315 1055 2363 fauente,
1090 2314 1148 2353 ad
1181 2313 1396 2353 eflectum
1433 2323 1509 2351 res
1538 2311 1550 2329 ⁵
1586 2323 1748 2362 perue-

120 2390 255 2429 nerit.

197 2458 476 2499 Scholastici
498 2459 699 2509 quidam,
724 2457 801 2508 qui
823 2457 995 2496 ibidem
1017 2456 1099 2495 sub
1132 2455 1377 2505 disciplina
1410 2453 1625 2504 Magistri
1656 2452 1744 2493 Ga-

120 2531 272 2582 sparis
293 2530 447 2581 Lopez
469 2530 732 2579 theologiae
754 2528 1050 2576 incumbunt,
1078 2538 1170 2566 non
1191 2525 1490 2565 mediocriter
1513 2530 1618 2563 sunt
1651 2524 1747 2562 ani>

116 2601 228 2640 mati
249 2601 306 2640 ad
331 2601 561 2640 virtutem.
588 2599 829 2640 Venerunt
854 2598 1063 2638 nonnulli
1085 2597 1243 2636 statim
1260 2608 1316 2635 ex
1335 2596 1446 2646 ipsis
1464 2595 1510 2634 in
1528 2594 1743 2645 spiritua-

112 2672 231 2711 libus
253 2671 557 2720 exercitandi,
586 2670 768 2710 venturi
791 2680 955 2709 omnes
979 2653 1204 2719 paulatim
1225 2667 1263 2706 si
1290 2666 1518 2706 Dominus
1548 2664 1743 2713 dederit;

167 2807 175 2824 ⁴
217 2808 447 2837 vistlanc'tnus
462 2807 627 2841 scriptum
643 2812 718 2833 erat
735 2814 754 2833 a
778 2806 925 2833 Xuarez.

163 2855 177 2873 ²
216 2854 277 2887 Qui
301 2854 439 2881 tandem
460 2855 480 2881 ii
503 2854 607 2887 fuere,
629 2854 684 2888 qui
709 2857 842 2880 nostros
865 2852 953 2886 apud
981 2851 1155 2877 Sanlncar
1175 2850 1338 2883 degentes
1363 2848 1571 2875 inviserunt?
1590 2847 1627 2874 P.
1655 2848 1741 2873 enim

113 2902 343 2929 Gundisalvus
358 2901 536 2933 Gonzalez.
552 2909 666 2935 supra,
687 2909 766 2935 pag.
781 2901 825 2934 87,
850 2901 907 2927 ait:
929 2900 976 2926 “el
1003 2899 1039 2925 P.
1063 2898 1221 2931 Baptista
1236 2906 1257 2932 y
1275 2904 1346 2932 yo„;
1365 2904 1449 2923 nunc
1466 2901 1579 2923 autem
1605 2894 1687 2922 dicit
1707 2895 1740 2922 Ρ.

113 2948 258 2977 Xuarez:
274 2949 329 2976 ⁸⁶1³.
345 2949 453 2982 Magr.
469 2948 628 2982 Baptista
649 2954 683 2976 et
705 2947 1012 2982 eg0.„-P01„ANcus
1027 2947 1059 2973 in
1078 2945 1253 2978 Chronico,
1276 2948 1299 2971 t.
1315 2953 1346 2977 v,
1373 2951 1402 2971 n.
1421 2944 1497 2977 1348,
1513 2943 1635 2970 nodum
1653 2949 1741 2969 SCln-

114 2996 194 3023 dens
211 2996 338 3023 scribit:
356 2996 496 3023 “Patres
511 2995 680 3023 Gonzalez
695 2999 728 3023 et
746 3002 882 3022 :uareL
898 3015 912 3027 „

168 3044 181 3062 5
222 3050 278 3071 res
292 3044 443 3070 additum
459 3050 478 3070 a
494 3043 654 3070 Polanco.
