2020 3342
884 251 966 288 AN.
996 250 1087 289 1555
1698 252 1768 289 507

146 349 392 390 lenissimis
413 349 610 398 flatibus,
636 355 792 388 aestus
809 349 1049 389 molestiae
1065 353 1452 399 temperarentur.
1474 347 1609 387 Vnde
1630 358 1765 398 spero

147 432 233 461 nos
255 420 491 461 uberiores
511 431 570 459 ex
591 419 762 460 scholis
784 431 924 471 quam
945 420 1143 460 antehac
1164 419 1342 459 fructus
1364 425 1684 470 percepturos.

226 492 328 533 Non
359 498 516 532 tamen
550 497 702 542 potest
737 491 826 531 dici
854 491 977 542 quod
1004 503 1061 531 ex
1090 491 1161 531 his
1188 490 1359 531 scholis
1386 490 1562 530 nullum
1590 489 1768 530 laboris

147 563 294 603 nostri
313 561 515 603 fructum
537 562 809 613 ceperimus,
834 563 925 602 imo
948 562 1031 602 fuit
1053 573 1236 614 semper
1263 561 1590 613 amplissimuS,
1623 566 1672 601 ut
1700 572 1771 600 ar-

144 640 367 684 gumento
397 640 501 673 sunt
529 633 811 673 sanctissimi
839 634 1226 674 scholasticorum
1257 643 1424 683 mores,
1457 643 1573 684 quos
1601 631 1770 671 hebdo-

147 705 383 745 madariae
419 704 734 745 confessiones
774 711 817 744 et
856 705 1048 745 crebrae
1088 690 1437 745 communiones
1475 703 1768 755 potissimum

146 788 374 817 exornare
394 776 623 816 uidentur.
648 775 833 827 Quanta
855 782 1009 816 autem
1031 776 1089 816 sit
1111 776 1156 815 in
1179 776 1278 815 istis
1299 775 1355 814 ab
1379 775 1497 824 aliis,
1517 774 1593 826 qui
1615 774 1770 813 rarius

146 853 224 887 aut
256 847 406 887 coacti
434 852 614 887 tantum
641 846 930 897 confitentur,
964 858 1146 887 morum
1173 846 1442 896 diuersitas,
1476 846 1567 885 iam
1596 845 1766 895 saepis-

145 918 258 957 sime
281 918 460 969 experti
481 929 653 958 sumus:
676 930 762 958 nec
783 918 936 957 minus
957 917 1001 957 hi
1024 917 1269 968 proficiunt
1291 917 1336 957 in
1359 917 1516 956 literis
1542 915 1662 956 Nam
1689 927 1770 956 eos

143 1000 326 1040 semper
347 989 579 1029 doctiores
601 989 838 1039 habemus,
862 989 939 1040 qui
961 988 1145 1029 student
1171 1000 1263 1028 una
1295 1000 1399 1028 curn
1428 986 1768 1028 honestissimis

143 1059 398 1111 disciplinis
418 1059 638 1111 pietatem
659 1060 957 1111 coniungere.
982 1059 1165 1100 Caeteri
1186 1059 1294 1099 dum
1315 1071 1364 1099 se
1380 1058 1656 1099 lucrifacere
1673 1063 1764 1098 stu-

145 1129 232 1171 diis
253 1131 341 1171 hoc
362 1136 544 1182 tempus
565 1136 743 1182 putant,
773 1131 894 1182 quod
927 1131 1004 1171 alii
1035 1130 1281 1170 salubriter
1312 1129 1574 1170 confitendo
1597 1140 1766 1181 expen-

147 1201 274 1251 dunt,
298 1201 385 1241 hoc
407 1201 733 1242 detrimentum
762 1201 1010 1253 accipiunt,
1036 1201 1159 1253 quod
1186 1201 1249 1241 illi
1271 1201 1442 1251 statim,
1474 1200 1768 1241 confessione

148 1273 374 1321 absoluta,
400 1273 458 1313 ad
479 1272 623 1313 libros
644 1273 838 1313 redeunt
860 1272 997 1325 (quod
1026 1272 1340 1313 conscientiae
1361 1273 1573 1312 stimulus
1594 1272 1768 1313 nullam

147 1343 352 1395 patiatur
379 1343 599 1395 temporis
626 1344 854 1384 iacturam
883 1343 1013 1394 fieri),
1042 1343 1117 1384 isti
1145 1349 1300 1384 autem
1329 1343 1504 1383 lusibus
1535 1349 1613 1383 aut
1635 1343 1764 1393 iocis,

147 1414 295 1454 inutili
312 1414 494 1466 leuique
509 1425 722 1454 sermone
739 1415 885 1454 bonas
897 1413 1038 1454 horas
1051 1415 1322 1466 plerumque
1338 1415 1458 1454 male
1471 1420 1764 1455 consumunt:

145 1497 202 1525 ex
230 1485 315 1535 his,
340 1485 415 1537 qui
437 1485 645 1525 crebrius
673 1491 969 1526 sacramenta
996 1485 1269 1538 percipiunt,
1300 1491 1406 1525 sunt
1426 1485 1657 1537 permulti,
1688 1486 1766 1537 qui

144 1567 437 1608 summopere
459 1562 681 1607 exoptant
709 1557 754 1596 in
784 1556 1064 1597 Societatem
1093 1556 1293 1607 admitti3
1324 1562 1370 1597 at
1397 1568 1490 1597 non
1515 1556 1766 1608 recipimus

142 1627 231 1668 nisi
264 1627 357 1667 iam
390 1627 467 1667 diu
503 1627 740 1679 probatos,
771 1633 814 1668 et
844 1628 921 1679 qui
950 1640 1031 1680 per
1057 1639 1221 1680 preces
1248 1628 1444 1668 humiles
1472 1628 1700 1668 instanter
1722 1634 1766 1669 et

143 1698 361 1739 ardenter
381 1698 427 1739 id
448 1704 623 1750 petunt,
654 1710 710 1739 ne
732 1705 907 1750 postea,
936 1700 1029 1740 levi
1056 1700 1195 1740 flante
1223 1700 1533 1740 tentationum
1555 1704 1712 1750 uento,
1737 1711 1764 1740 a

146 1770 385 1822 proposito
406 1770 641 1810 recedant.
666 1770 877 1822 Quinque
900 1771 1078 1822 egregii
1096 1769 1291 1822 juuenes
1323 1771 1416 1823 (qui
1439 1784 1464 1811 a
1487 1772 1630 1812 multo
1653 1777 1763 1812 tem·

144 1853 257 1893 pore
292 1841 425 1881 nobis
460 1853 509 1881 se
544 1841 799 1892 adiungere
834 1848 1104 1882 constanter
1139 1842 1460 1893 decreuerant)
1496 1843 1763 1894 nuperrime

142 1919 247 1953 sunt
269 1913 484 1963 ingressi,
507 1913 552 1952 in
573 1913 738 1964 quibus
759 1913 910 1953 elucet
936 1925 1031 1954 non
1051 1913 1301 1954 mediocris
1322 1926 1428 1965 spes
1449 1920 1492 1954 et
1514 1914 1763 1966 probitatis

141 1991 185 2025 et
205 1985 482 2025 sanctitatis:
503 1996 700 2036 quorum
718 1996 851 2034 unus,
872 1985 1101 2025 senatoris
1117 1985 1469 2026 Panhormitani
1486 1985 1620 2036 filius
1640 1986 1764 2037 peni-

139 2062 213 2096 tus
233 2055 474 2096 immemor
495 2056 681 2106 generis
703 2056 788 2103 sui,
812 2067 907 2095 non
924 2067 1059 2096 secus
1083 2067 1132 2096 se
1153 2056 1272 2096 inter
1293 2056 1462 2096 fratres
1484 2057 1620 2108 gerit,
1646 2068 1700 2097 ac
1726 2057 1763 2097 si

140 2126 346 2167 omnium
369 2125 551 2166 infimus
572 2132 616 2166 et
646 2126 901 2166 uilissimus
928 2133 1063 2167 esset.
1097 2126 1293 2179 Quintus
1322 2128 1481 2168 ultimo
1514 2127 1760 2177 admissus,

141 2210 287 2238 annos
307 2204 444 2238 natus
465 2198 652 2238 circiter
672 2197 738 2244 22,
770 2197 975 2238 doctoris
998 2198 1239 2239 cuiusdam
1260 2198 1395 2250 filius,
1427 2211 1453 2239 a
1480 2211 1625 2251 puero
1647 2211 1761 2240 sem-

140 2281 221 2320 per
237 2268 364 2309 suita
383 2269 554 2309 nostris
576 2269 814 2309 institutus
832 2269 878 2308 in
895 2269 1040 2310 literis
1057 2270 1228 2320 latinis,
1249 2270 1435 2321 graecis
1453 2276 1496 2311 et
1513 2270 1759 2321 hebraicis,

140 2346 183 2380 et
207 2340 308 2380 aliis
330 2341 559 2381 scientiis:
583 2340 663 2381 sed
686 2341 857 2393 pietate
889 2340 1004 2381 adeo
1034 2341 1231 2391 insignis
1252 2348 1336 2391 est,
1368 2348 1417 2381 ut
1447 2354 1500 2382 ea
1532 2342 1577 2382 in
1609 2349 1761 2382 aetate

139 2411 334 2452 similem
352 2412 397 2451 in
413 2412 501 2452 hac
521 2412 633 2452 vrbe
654 2424 748 2452 non
770 2413 996 2452 inuenias.
1020 2412 1136 2453 Sunt
1158 2419 1402 2464 praeterea
1420 2414 1643 2464 nonnulli,
1668 2425 1760 2454 ma-

139 2493 233 2533 gno
255 2483 484 2524 desiderio
506 2483 757 2535 aliquando
778 2484 965 2524 tandem
987 2483 1168 2524 admitti
1184 2490 1502 2536 expectantes,
1523 2497 1546 2525 e
1563 2497 1759 2536 quorum

138 2565 331 2595 numero
349 2561 417 2595 est
438 2554 626 2606 quidam
646 2555 955 2606 legisperitus,
976 2555 1062 2606 uir,
1085 2562 1134 2596 ut
1157 2561 1323 2606 aetate,
1348 2556 1411 2596 ita
1430 2556 1634 2597 moribus
1655 2568 1757 2607 gra-

138 2625 223 2675 uis,
248 2625 324 2677 qui
345 2637 370 2665 a
393 2625 572 2666 duobus
595 2626 728 2666 annis
749 2626 967 2667 continuo
989 2627 1132 2667 sensit
1149 2626 1332 2668 diuinos
1354 2628 1581 2679 quosdam
1601 2627 1758 2668 instin-

138 2701 253 2746 ctus,
279 2695 337 2735 ad
366 2696 453 2736 hoc
484 2703 695 2737 nostrum
715 2697 976 2738 institutum
1003 2699 1288 2750 sequendum
1315 2711 1364 2740 se
1386 2700 1688 2751 impellentes,
1715 2707 1758 2740 et

137 2777 257 2806 nunc
279 2767 423 2807 multo
444 2767 813 2808 uehementiores
831 2780 879 2808 se
897 2769 942 2808 in
960 2769 1057 2809 dies
1074 2770 1169 2821 pati
1186 2769 1313 2811 dicit:
1336 2782 1479 2822 quare
1497 2783 1590 2811 non
1607 2771 1756 2822 segni-

136 2843 205 2878 ter
227 2838 323 2888 agit
346 2838 468 2890 apud
488 2837 689 2889 Patrem,
715 2840 1002 2880 obsecrando
1024 2846 1073 2881 ut
1102 2841 1148 2881 in
1169 2841 1357 2882 domum
1380 2849 1588 2883 nostram
1611 2843 1757 2893 possit

137 2909 477 2960 quamprimum
499 2909 695 2959 admitti;
718 2911 841 2961 quod
861 2911 924 2951 illi
945 2912 1214 2963 propediem
1236 2913 1411 2964 absque
1433 2914 1587 2965 aliqua
1609 2915 1756 2964 repul-

138 2990 189 3019 sa
218 2979 514 3031 concedetur,
545 2981 620 3020 ubi
648 2981 853 3022 animum
880 2984 1017 3033 paulo
1047 2983 1349 3034 frequentiori
1384 2985 1676 3024 confessione
1713 2992 1755 3025 et

139 3051 460 3091 communione
484 3063 537 3092 ac
559 3052 875 3103 spiritualibus
895 3053 1272 3096 meditationibus
1289 3054 1593 3097 confirmabit.
