2020 3342
261 232 327 268 17‘2
763 230 988 270 LITTERAE
1016 242 1371 276 QUADRIMESTRES

259 335 395 370 antea
417 329 690 381 capz'tal2·0rz‘
709 328 717 347 ¹
742 329 864 378 odio,
886 329 975 369 hoc
996 329 1327 370 incredibiliori
1344 341 1504 370 amore
1520 341 1605 370 nos
1623 330 1759 370 modo
1777 341 1878 381 pro-

259 407 531 453 sequuntur:
554 401 632 452 qui
651 401 786 441 nobis
806 401 934 452 prius
951 400 1271 449 detrahebant,
1291 412 1413 440 nunc
1435 406 1644 441 nostrum
1664 401 1878 441 acerrimi

259 477 365 511 sunt
400 472 688 521 defensores3
726 472 896 523 quique
930 471 1167 522 negabant
1200 472 1538 523 frequentanda
1566 477 1876 522 sacramenta,

260 548 370 593 puta
395 541 735 582 confessionem
763 548 807 582 et
834 542 1229 592 communionem,
1260 553 1383 582 nunc
1412 542 1614 582 maximo
1646 541 1787 582 animi
1809 553 1876 581 ar-

258 613 370 652 dore
393 624 483 652 non
507 614 656 653 solum
679 613 755 652 illa
785 613 886 664 ipsa
912 611 1229 664 frequentant,
1260 613 1339 652 sed
1369 613 1484 652 alios
1512 613 1650 652 etiam
1678 612 1737 652 ad
1757 611 1879 652 idem

259 684 580 724 cohortantur.
604 682 781 723 Verum
802 695 859 723 ne
889 683 1010 735 quod
1038 684 1187 735 primo
1216 683 1367 723 fuerat
1396 682 1639 723 dicendum
1668 683 1879 723 omisisse

259 755 514 805 videamur,
540 755 675 805 quale
695 754 910 795 habuerit
931 754 1018 794 hoc
1040 755 1287 804 collegium
1315 754 1579 803 exordium,
1612 754 1775 805 paucis
1807 766 1878 794 ac-

258 826 374 877 cipe.

334 896 568 948 Principio
591 897 713 937 enim
733 896 853 936 ΚΑΜ
868 896 916 936 P.
946 896 1181 954 Philippus
1205 896 1443 946 Cassinus,
1468 908 1581 936 cura
1599 901 1642 936 et
1660 896 1876 947 precibus

255 967 450 1007 illustris
471 969 483 985 “·’
507 967 640 1008 Sueri
661 967 716 1008 de
738 967 872 1018 Vega
895 968 988 1019 (qui
1009 968 1146 1008 huius
1166 968 1371 1008 ciuitatis
1388 973 1457 1007 est
1474 967 1696 1018 praeses),
1721 978 1879 1007 mense

257 1038 413 1078 Martii
438 1038 551 1088 1555,
576 1044 626 1078 vt
646 1037 818 1078 Rector
839 1038 974 1079 huius
995 1039 1104 1079 noui
1125 1038 1309 1089 collegii
1330 1044 1466 1088 esset,
1491 1038 1661 1078 missus
1681 1044 1751 1078 est
1769 1050 1777 1078 :
1801 1038 1878 1078 hic

256 1109 412 1149 statim
433 1109 479 1149 in
496 1121 676 1149 summo
693 1109 864 1160 templo
881 1109 1084 1161 incoepit
1101 1109 1385 1159 concionari,
1405 1115 1455 1149 vt
1471 1120 1588 1160 opus
1605 1108 1692 1149 hoc
1709 1109 1879 1148 condu-

257 1180 384 1219 cibile
405 1179 418 1198 ⁵
438 1180 580 1220 futuri
602 1181 787 1231 collegii
808 1181 1021 1221 omnibus
1043 1181 1368 1230 innotesceret,
1393 1185 1437 1220 et
1458 1191 1547 1231 quo
1565 1179 1702 1219 simul
1718 1191 1879 1220 omnes

255 1251 391 1291 huius
407 1251 535 1291 vrbis
552 1251 732 1290 incolae
751 1252 922 1302 omnia,
941 1262 1059 1302 quae
1077 1264 1102 1291 a
1121 1251 1254 1291 nobis
1270 1251 1316 1290 in
1333 1262 1413 1290 eos
1431 1257 1585 1291 essent
1604 1250 1878 1290 collocanda

256 1334 449 1362 munera
483 1323 667 1374 pietatis
702 1328 1028 1373 agnoscerent.
1067 1322 1199 1373 Quod
1235 1327 1393 1362 noster
1423 1321 1471 1361 P.
1502 1321 1675 1362 Rector
1705 1332 1879 1373 magno

257 1394 461 1433 omnium
484 1395 712 1445 applausu
727 1393 1058 1445 praestczzcz'sse
1080 1392 1093 1411 ⁴
1109 1393 1340 1433 neminem
1357 1393 1483 1433 latet.
1509 1392 1766 1433 Mirabatur
1782 1392 1879 1432 vni-

256 1475 392 1504 uersa
416 1465 582 1504 ciuitas
604 1464 727 1515 quod
747 1471 882 1504 extra
903 1471 1083 1516 tempus
1104 1464 1281 1504 XL.mae
1300 1462 1313 1481 ⁵
1332 1469 1453 1504 esset
1483 1463 1559 1515 qui
1581 1464 1751 1515 populo
1773 1475 1878 1504 con-

258 1535 539 1575 cionaretur.
563 1535 676 1575 Erat
698 1535 822 1575 enim
843 1535 931 1575 hoc
952 1546 1190 1585 nunquam
1212 1540 1349 1574 antea
1371 1534 1538 1574 visum.
1558 1534 1650 1574 Vbi
1667 1545 1780 1574 vero
1802 1546 1878 1586 po-

255 1607 390 1657 pulus
413 1606 503 1656 (cui
525 1606 682 1646 nescio
704 1605 810 1657 quid
832 1606 1018 1657 pietatis
1047 1618 1186 1657 supra
1216 1612 1428 1645 caeteros
1456 1606 1628 1645 siculos
1656 1618 1682 1645 a
1712 1611 1881 1645 natura

255 1677 467 1717 videmus
489 1677 692 1727 insitum)
714 1676 931 1727 fructum,
957 1677 1034 1728 qui
1056 1689 1114 1716 ex
1135 1676 1222 1716 Dei
1244 1688 1457 1716 sermone
1478 1676 1701 1727 procedit,
1726 1676 1880 1728 coepit

255 1754 562 1799 praegustare
582 1747 814 1798 (mirabile
834 1746 848 1766 ⁶
869 1747 1027 1797 dictu),
1051 1759 1195 1798 vsque
1214 1747 1329 1787 adeo
1348 1747 1495 1787 creuit
1512 1747 1752 1787 hominum
1769 1748 1880 1788 mul-

255 1819 418 1868 titudo,
444 1830 561 1870 quae
584 1818 641 1858 ad
664 1819 913 1858 conciones
936 1819 995 1858 P.
1020 1819 1238 1858 Rectorz's
1261 1818 1546 1867 confluebat,
1570 1825 1619 1858 vt
1647 1830 1753 1859 cum
1784 1825 1879 1859 tan-

256 1896 330 1929 tae
353 1890 516 1929 turbae
537 1891 760 1940 templum
782 1901 933 1941 capax
954 1902 1047 1929 non
1064 1897 1200 1939 esset,
1221 1897 1501 1941 cogerentur
1520 1890 1730 1929 homines
1748 1895 1880 1930 extra

256 1962 477 2012 templum
498 1968 638 2011 stare,
663 1972 778 2012 quos
799 1967 867 2001 tot
890 1961 1140 2011 aliquando
1162 1960 1303 2001 fuisse
1326 1961 1541 2011 vidimus,
1565 1967 1615 2001 vt
1637 1967 1878 2001 transeun-

255 2032 377 2072 tibus
397 2033 622 2072 transitus
644 2032 981 2072 occluderetur.
1007 2030 1290 2082 Saepissime
1316 2032 1512 2071 Illustris
1543 2031 1555 2050 ⁷
1583 2030 1779 2081 Suerus,
1805 2033 1884 2083 qui

257 2103 424 2143 author
446 2110 528 2153 est,
555 2110 603 2143 vt
626 2103 902 2143 Paternitati
922 2102 980 2142 V.
1005 2115 1098 2142 non
1129 2104 1261 2152 latet,
1293 2103 1427 2142 huius
1456 2102 1649 2153 Collegii
1677 2103 1732 2153 (si
1753 2102 1884 2142 illum

256 2186 398 2215 vnum
422 2175 627 2215 omniurn
647 2175 877 2215 bonorum
898 2174 1141 2213 authorem
1159 2174 1481 2225 excipiamus),
1503 2180 1545 2213 et
1564 2174 1728 2224 reliqui
1744 2173 1882 2214 huius

257 2245 461 2285 ciuitatis
482 2251 690 2286 rectores
712 2245 941 2285 affuerunt
963 2245 1279 2294 concionibus,
1304 2256 1361 2284 ex
1383 2245 1547 2296 quibus
1564 2256 1656 2284 non
1677 2245 1767 2284 nisi
1785 2256 1877 2284 ma-

257 2317 361 2367 gnis
383 2328 487 2356 cum
508 2317 763 2368 lachrymis
785 2317 1112 2356 discesserunt.
1138 2315 1257 2366 Quid
1275 2315 1330 2355 de
1348 2316 1522 2366 aliquot
1540 2316 1762 2355 nobilium
1780 2327 1876 2355 mu-

258 2388 422 2428 lierum
444 2388 719 2427 admiranda
752 2387 923 2438 pietate
951 2387 1247 2427 recenseam?
1274 2398 1392 2438 quae
1419 2386 1511 2426 R.0li
1540 2385 1588 2425 Ρ.
1620 2386 1841 2437 Philippi
1866 2385 1881 2405 ⁸

259 2459 375 2499 adeo
400 2466 659 2498 commotae
681 2464 788 2498 sunt
809 2459 1114 2508 sermonibus,
1134 2465 1183 2498 vt
1206 2470 1296 2497 non
1319 2463 1615 2509 sumptuosas
1632 2458 1782 2497 solum
1801 2469 1877 2497 ve-

260 2536 352 2570 stes
382 2536 428 2569 et
462 2530 666 2580 reliquos
701 2529 912 2580 corporis
947 2535 1137 2569 ornatus
1173 2529 1456 2580 deponerent
1475 2560 1482 2579 ,
1518 2540 1683 2568 verum
1717 2528 1876 2577 etiam,

259 2601 381 2653 quod
401 2601 476 2640 hic
497 2612 733 2651 nunquam
754 2600 904 2640 fuerat
922 2601 1088 2651 visum,
1108 2599 1293 2640 fuerunt
1311 2600 1573 2649 nonnullae,
1593 2611 1727 2651 quae,
1748 2600 1874 2639 omni

314 2714 322 2733 ¹
366 2714 479 2746 magis
495 2714 652 2747 capitali.
670 2713 856 2740 PoLAxcus.

315 2762 327 2780 2
347 2756 436 2788 ‘virt'
451 2761 590 2788 addidit.
607 2760 790 2787 PorANcus.

313 2809 326 2827 ³
364 2809 527 2843 perutile.
544 2808 593 2835 ID.

360 2858 596 2891 praestitisse.
612 2855 659 2883 In.

368 2904 668 2938 Quadragesimae.

368 2954 508 2979 mirum.
520 2951 706 2978 POLANCUs.

366 3000 538 3027 Dominus
553 2999 681 3026 addidit
699 2998 863 3027 Polancus

368 3047 537 3076 Rectorss.
553 3045 601 3074 ID.

312 2858 329 3066 2462OEss
