2020 3342
289 248 356 287 198
781 251 1006 288 LITTERAE
1033 261 1227 294 QUADRIM
1234 260 1388 288 &STREs

286 347 654 399 longanimitatis
677 349 891 389 ostendit:
915 348 999 389 fuit
1021 348 1143 389 enim
1164 349 1242 400 qui
1264 360 1345 400 pcr
1367 347 1609 389 duodecim
1633 360 1779 389 annos
1799 349 1909 389 inte-

286 430 397 470 gros
420 430 529 459 vere
551 419 793 460 confessus
815 431 907 460 non
928 420 1092 469 fuerat,
1117 419 1223 471 quia
1245 419 1291 459 in
1319 419 1523 459 animum
1550 420 1797 460 induxerat
1830 421 1910 460 ali·

288 501 378 541 qua
398 498 593 542 peccata
615 491 796 531 silentio
820 490 1132 541 supprimere:
1155 490 1240 530 fuit
1262 490 1400 540 alius,
1425 491 1500 542 qui
1523 503 1602 542 per
1632 491 1909 542 quatuorde-

289 561 379 601 cim
400 573 547 601 annos
568 573 617 601 se
639 573 876 613 nunquam
904 561 1169 601 confessum
1197 561 1339 603 fuisse
1367 562 1645 612 testabatur,
1680 562 1797 601 alius
1829 574 1910 613 per

290 640 502 683 quatuor.
527 631 766 683 Quaedam
788 633 965 682 mulier,
990 644 1107 684 quae
1129 645 1209 684 per
1227 633 1467 673 duodecim
1487 641 1635 672 annos
1651 633 1696 672 in
1714 639 1908 683 peccato

289 703 477 742 mortali
495 703 677 742 detenta
696 693 995 753 retinebatur,
1015 715 1095 755 per
1114 703 1201 743 Dei
1217 704 1420 754 gratiam
1437 715 1595 743 omnes
1612 704 1657 743 in
1674 710 1911 754 posterum

291 773 515 825 peccandi
537 774 810 814 occasiones
832 775 1106 825 amputauit:
1132 775 1260 814 multi
1283 775 1360 814 alii
1380 775 1697 814 confessiones
1718 785 1911 825 genera-

290 844 357 884 les
378 844 586 884 fecerunt
617 855 721 884 cum
743 845 948 885 maximo
980 845 1238 885 animarum
1267 857 1458 885 suarum
1488 845 1714 896 profectu.
1743 845 1791 885 P.
1824 844 1910 885 Re—

291 921 394 955 ctor
417 915 427 934 ¹
449 915 494 955 in
517 916 712 966 singulis
733 916 894 956 diebus
920 916 1163 957 dominicis
1195 917 1239 956 in
1266 917 1451 968 publico
1486 928 1676 956 carcere
1710 917 1914 956 ciuitatis

292 986 503 1026 detentos
532 986 713 1037 visitat,
746 999 917 1039 eosque
949 988 1179 1028 continuis
1210 988 1512 1028 concionibus
1541 987 1806 1039 frequenter
1838 988 1913 1028 ad-

291 1057 528 1105 hortatur,
559 1065 603 1098 et
632 1058 890 1099 inueterata
920 1059 1146 1110 nimisque
1172 1059 1384 1099 medullis
1413 1059 1553 1098 infixa
1578 1059 1681 1098 odia
1704 1059 1815 1098 facit
1837 1060 1913 1099 ali-

292 1129 478 1180 quando
515 1129 767 1169 dimittere:
805 1130 849 1170 in
878 1130 964 1170 hac
994 1131 1134 1170 etiam
1164 1130 1525 1181 quadragesima
1557 1142 1703 1181 nuper
1731 1136 1911 1179 exacta,

293 1200 472 1252 aliquas
493 1200 655 1241 habuit
676 1202 928 1241 conciones
949 1202 994 1241 in
1016 1202 1193 1241 duobus
1221 1202 1404 1252 templis
1426 1201 1562 1241 huius
1591 1201 1807 1241 ciuitatis.
1832 1200 1915 1241 Pa-

293 1278 364 1312 ter
401 1272 540 1312 etiam
576 1271 760 1324 Gaspar
794 1272 1073 1313 Hernandez
1105 1272 1119 1290 ⁹
1155 1273 1432 1324 quibusdam
1472 1273 1715 1312 dominicis
1755 1272 1915 1312 diebus

292 1343 498 1383 eiusdem
519 1343 906 1395 quadragesimae
934 1344 979 1383 in
1008 1344 1249 1395 oppidulo,
1283 1343 1405 1395 quod
1432 1344 1732 1383 Bellimarum
1760 1342 1773 1361 ⁵
1808 1343 1914 1383 dici-

291 1420 380 1465 tur,
406 1414 785 1454 concionabatur.
811 1413 859 1454 P.
884 1415 1025 1454 etiam
1046 1414 1256 1454 Victoria
1280 1413 1294 1432 ⁴
1315 1426 1406 1454 non
1429 1414 1594 1454 mnltfs
1615 1415 1670 1453 ab
1700 1414 1807 1453 inde
1828 1413 1915 1453 die-

293 1485 377 1524 bus
398 1496 538 1536 quam
559 1485 648 1524 lmc
669 1497 717 1524 se
738 1485 936 1525 contulit
967 1484 995 1535 ³³,
1019 1486 1179 1525 habuit
1211 1492 1305 1525 tres
1328 1486 1576 1525 conciones
1608 1495 1778 1536 magno
1812 1496 1917 1524 cum

293 1557 519 1608 applausu
540 1557 717 1608 populi:
741 1564 927 1597 caetera
958 1557 1133 1607 omnia,
1164 1568 1282 1608 quae
1314 1556 1370 1595 ad
1401 1568 1505 1596 eum
1536 1557 1780 1608 pertinent,
1815 1556 1915 1595 lon-

292 1627 399 1678 gius
420 1640 477 1667 ex
499 1628 595 1667 eius
618 1628 763 1668 literis
786 1639 1058 1678 cognosces.
1084 1627 1283 1667 Proinde
1304 1627 1418 1667 nihil
1442 1627 1604 1667 attinet
1623 1627 1820 1678 amplius
1838 1627 1918 1667 im·

293 1699 484 1749 morari,
508 1700 718 1739 valemus
741 1710 915 1747 omnes,
940 1705 1034 1738 tam
1062 1697 1225 1738 Patres
1253 1710 1393 1749 quam
1422 1698 1608 1747 fratres;
1643 1697 1829 1739 Christo
1860 1699 1918 1738 sit

292 1770 441 1811 honor
462 1777 506 1810 et
533 1770 699 1821 gloria.

374 1840 542 1881 Sumus
563 1848 719 1881 autem
739 1853 932 1882 numero
955 1853 1114 1882 omnes
1141 1841 1515 1894 quatuordecim,
1540 1840 1700 1881 decem
1728 1841 1916 1890 fratres,

293 1912 457 1953 Patres
477 1924 589 1953 vero
611 1918 825 1964 quatuor,
850 1913 927 1964 qui
949 1925 976 1952 a
997 1919 1040 1953 te
1061 1912 1106 1952 id
1127 1913 1295 1953 obnixe
1312 1918 1488 1964 petunt,
1509 1918 1557 1952 ut
1574 1912 1619 1952 in
1639 1912 1731 1952 tuis
1749 1911 1918 1952 oratio-

293 1984 428 2024 nibus
449 1984 596 2024 nostri
618 1984 889 2024 memoriam
914 1984 1071 2034 facias,
1097 1990 1139 2024 et
1156 1985 1364 2035 piissimo
1383 1983 1613 2023 seruatori
1632 1988 1791 2022 nostro
1809 1983 1914 2032 hoc,

294 2055 401 2094 licet
431 2055 650 2105 exiguum
673 2061 802 2094 tuum
825 2055 970 2106 ovile,
996 2055 1323 2094 commendare
1346 2066 1438 2094 non
1465 2054 1674 2103 desinas,
1698 2053 1920 2104 idipsum-

296 2137 382 2177 que
403 2125 576 2165 nostris
604 2126 893 2165 charissimis
923 2126 970 2165 in
1000 2125 1185 2166 Christo
1216 2126 1324 2178 Jesu
1356 2124 1572 2165 Patribus
1603 2124 1920 2175 fratribusque

297 2196 434 2236 isthic
464 2197 862 2237 commorantibus
897 2197 1129 2247 iniungas,
1166 2204 1215 2235 ut
1250 2208 1411 2236 eorum
1447 2196 1737 2235 orationibus
1776 2195 1922 2234 adiuti

295 2267 606 2319 promptiores
623 2268 980 2319 viuacioresque
1003 2267 1254 2307 efficiamur
1277 2268 1334 2307 ad
1356 2267 1679 2317 exequendum
1700 2266 1920 2318 quicquid

296 2345 460 2379 sancta
482 2339 615 2379 nobis
634 2339 889 2379 iniunxerit
920 2339 1197 2379 obedientia.
1230 2338 1368 2378 Faxit
1391 2338 1511 2378 idem
1534 2337 1763 2377 Dominus
1794 2343 1843 2377 vt
1875 2337 1920 2376 in

297 2410 524 2461 omnibus,
555 2422 673 2461 quae
702 2410 760 2450 ad
787 2410 832 2450 id
866 2410 1112 2461 pertinent,
1151 2409 1494 2449 sanctissimam
1531 2409 1631 2448 eius
1662 2419 1919 2459 agnoscere

297 2482 588 2521 voluntatem
610 2481 854 2532 possimus,
879 2492 1088 2532 eamque,
1113 2480 1263 2531 quoad
1285 2480 1382 2520 fieri
1405 2480 1568 2531 possit,
1595 2479 1814 2530 operibus
1845 2478 1918 2518 ad-

298 2552 504 2603 implere.
529 2552 653 2592 Bene
674 2553 778 2591 vale
801 2552 847 2592 in
869 2551 1056 2592 Christo
1078 2551 1201 2604 Jesu.

356 2785 367 2806 ¹
405 2785 442 2812 P.
458 2784 594 2819 Gaspar
610 2785 648 2812 de
666 2785 836 2812 Acebedo.

355 2832 370 2852 2
406 2832 481 2865 Ipse
498 2832 693 2859 litterarum
708 2831 868 2864 scriptor.

355 2879 368 2899 3
406 2879 575 2913 Villimar,
591 2879 670 2906 olim
685 2879 787 2906 etiam
803 2879 930 2906 dictum
943 2879 1116 2906 Bellimar.

355 2927 368 2947 ⁴
407 2927 440 2954 Ρ.
457 2926 604 2960 joannes
619 2927 657 2953 de
673 2926 840 2954 Victoria.
856 2927 942 2954 Vide
960 2927 1083 2954 cartas
1098 2927 1140 2953 de
1156 2926 1227 2953 San
1245 2925 1398 2959 Ignacio,
1413 2930 1435 2953 t.
1453 2933 1498 2959 v1,
1514 2932 1593 2959 pag.
1609 2925 1660 2952 195
1674 2928 1705 2951 et
1724 2924 1782 2951 196.

355 2975 369 2994 ⁵
406 2974 651 3001 praecedentia
674 2975 788 3003 verba.
812 2974 940 3001 italicis
961 2974 1076 3001 verbis
1096 2977 1225 3002 notata.
1242 2981 1304 2999 non
1327 2977 1400 2999 sunt
1426 2973 1456 2998 in
1479 2972 1694 3006 autographo
1719 2972 1843 3003 deleta,
1865 2971 1920 2998 sed

305 3026 437 3049 tantum
452 3022 575 3048 lineam
591 3022 716 3048 habent
732 3021 818 3048 infra
837 3022 983 3053 ductam,
1000 3025 1033 3048 et
1050 3028 1149 3054 super
1162 3021 1335 3050 illamaec,
1349 3021 1465 3053 ignota
1482 3027 1582 3046 manu
1595 3024 1740 3046 exarata
1753 3020 1919 3049 leguntur:

308 3069 416 3096 multo
428 3071 505 3103 post
521 3076 625 3096 sunm
638 3070 682 3095 ad
699 3076 759 3095 1105
776 3069 980 3095 aduentum.
