2020 3342
856 233 938 270 AN.
970 233 1061 270 1556
1696 235 1765 271 615

139 335 318 370 tensem
339 337 383 370 et
404 329 592 370 Petrum
613 329 937 370 Coloniensem
962 329 988 379 ¹,
1012 335 1060 369 ut
1077 329 1108 369 ii
1123 329 1510 381 Praeceptoribus
1528 332 1703 370 nostris
1720 331 1766 370 in

138 400 502 441 Humanioribus
541 400 706 441 studiis
741 406 785 440 et
819 400 1092 440 Rhetoriccs
1127 400 1415 451 professione
1451 400 1624 440 auxilio
1661 413 1765 440 esse

138 471 331 523 possint.
356 470 479 512 Nulli
496 471 617 511 enim
636 471 709 511 hic
728 470 786 511 ad
803 471 1048 511 lectionem
1064 471 1205 510 ullam
1222 471 1527 510 admittuntur
1544 471 1589 510 in
1608 471 1763 511 huius-

137 541 318 582 cemodi
339 541 573 592 Collegiis,
597 542 676 593 qui
697 553 790 581 non
810 541 938 593 prius
960 541 1218 591 magisterii
1247 541 1450 592 gradum
1485 542 1763 581 conscende-

136 618 258 652 runt.
290 611 407 653 Sunt
434 613 622 663 insuper
653 612 731 652 alii
760 611 850 652 duo
881 613 1072 652 iuuenes
1102 611 1377 662 Lotharingi
1408 612 1610 652 maxime
1647 613 1761 663 spei,

136 683 214 735 qui
243 683 332 723 hoc
360 695 518 723 mense
545 684 590 723 in
621 682 901 724 Societatem
930 689 1036 723 sunt
1067 683 1272 733 admissi,
1297 694 1458 722 uerum
1481 684 1558 733 qui
1587 683 1643 722 ob
1675 684 1764 723 loci

133 754 267 794 istius
287 755 529 805 angustias
551 754 756 794 nondum
777 754 823 794 in
845 753 983 793 aedes
1005 760 1190 793 nostras
1212 754 1513 804 recipiuntur.
1550 753 1759 794 Adduxit

133 831 376 877 praeterea
397 837 455 864 ex
482 825 634 876 patria
656 836 742 864 sua
763 824 996 864 Henricus
1021 823 1035 842 ²
1065 836 1207 864 unum
1234 823 1247 842 ⁵
1276 825 1577 875 cognatulum
1606 836 1758 875 suum,

132 906 327 947 puerum
355 895 579 947 optimum
608 902 651 935 et
678 896 913 935 sincerum
941 895 1151 946 omnino,
1185 902 1393 935 staturae
1420 895 1638 935 Rumoldi
1669 896 1760 936 Me-

131 966 415 1007 chliniensis.
444 965 621 1006 Nobilis
652 972 806 1006 autem
834 966 922 1016 ille,
953 966 1009 1006 de
1041 977 1131 1017 quo
1165 966 1482 1017 superioribus
1519 967 1663 1006 literis
1698 967 1757 1007 ad

131 1036 184 1077 R.
229 1036 285 1077 V.
322 1037 633 1088 perscriptum
667 1037 855 1077 memini
888 1034 917 1086 ⁴,
955 1036 1106 1076 studia
1141 1037 1348 1076 literaria
1384 1048 1637 1088 aggressus
1673 1045 1756 1087 est,

130 1120 249 1160 quae
270 1107 311 1148 ei
331 1119 415 1159 pro
438 1107 559 1148 uotis
578 1114 703 1148 recte
724 1108 993 1156 succedunt,
1019 1113 1062 1147 et
1084 1108 1129 1146 in
1158 1107 1415 1147 humilitate
1444 1114 1623 1148 tantum
1652 1120 1755 1159 pro-

129 1179 288 1228 mouit,
313 1186 361 1219 ut
381 1178 595 1219 uideatur
617 1179 717 1230 ipsa
739 1175 996 1219 humilitas.

207 1249 487 1290 Franciscus
508 1249 801 1300 Hemerulus‚
824 1249 870 1289 in
892 1250 1093 1301 patriam
1116 1250 1367 1301 profectus,
1392 1262 1466 1290 res
1494 1262 1603 1290 suas
1633 1262 1754 1291 com-

127 1321 259 1373 ponit
281 1321 338 1361 ob
359 1320 519 1360 fratris
541 1321 610 1360 sui
632 1320 807 1360 obitum
828 1319 856 1371 ⁵,
881 1320 958 1372 qui
979 1321 1021 1360 ei
1041 1321 1267 1360 hactenus
1288 1321 1333 1360 in
1355 1321 1442 1360 illis
1465 1321 1662 1370 obstitit,
1688 1334 1756 1361 re-

126 1403 364 1442 uersurus,
388 1392 453 1432 uti
474 1403 734 1443 speramus,
757 1397 864 1431 ante
885 1391 1004 1431 festa
1024 1391 1259 1431 Natalitia.

202 1463 303 1515 Ego
325 1474 509 1515 quoque
532 1462 602 1503 his
623 1462 784 1502 diebus
805 1473 863 1502 ex
884 1462 1034 1513 patria
1058 1462 1173 1502 redii
1194 1460 1222 1511 ⁰,
1248 1463 1306 1502 ad
1328 1475 1483 1513 quam,
1509 1470 1555 1502 ut
1587 1475 1751 1514 paren-

123 1540 219 1575 tum
241 1545 450 1575 meorum
472 1533 652 1574 animos
674 1534 926 1584 placarem,
950 1545 976 1572 a
998 1532 1050 1573 R.
1075 1533 1123 1573 P.
1148 1533 1393 1574 Leonardo
1416 1534 1586 1574 missus
1608 1534 1672 1573 fui
1705 1535 1751 1574 in

122 1616 213 1657 qua
233 1616 328 1645 non
348 1616 499 1656 pauca
520 1604 750 1644 Dominus
771 1603 1067 1655 operabatur.
1090 1603 1208 1643 Nam
1237 1610 1334 1644 tota
1363 1604 1536 1645 familia
1565 1611 1744 1655 nostra,

122 1675 232 1717 mihi
253 1675 482 1726 confessa,
506 1675 760 1715 maximam
780 1674 903 1714 uitae
924 1674 1148 1726 pristinae
1170 1674 1541 1714 emendationem
1562 1676 1749 1726 pollice-

121 1747 272 1797 batur,
295 1753 339 1787 et
360 1746 556 1798 singulis
585 1746 820 1786 mensibus
849 1745 1210 1786 communicare.
1242 1745 1392 1785 Mater
1422 1758 1524 1785 mea
1553 1746 1749 1797 singulis

121 1818 364 1859 dominicis
386 1818 546 1858 diebus
578 1823 680 1869 post
708 1815 959 1856 aduentum
986 1828 1137 1856 meum
1166 1817 1511 1856 communicare
1533 1817 1747 1868 instituit,

120 1896 164 1930 et
186 1889 265 1930 alii
287 1889 414 1929 multi
436 1888 646 1929 similiter
668 1887 815 1928 uitam
835 1893 1015 1927 mutare
1042 1887 1301 1927 instituunt.

197 1960 327 2001 Haec
355 1966 477 2010 sunt,
508 1958 560 1999 R.
592 1958 749 2007 Pater,
780 1970 899 2009 quae
928 1958 983 1998 de
1013 1958 1101 1998 hoc
1129 1951 1286 1998 mense
1313 1959 1559 1999 scribenda
1589 1971 1746 2000 occur-

167 2145 178 2165 ¹
218 2144 423 2172 “Henricum
445 2144 630 2172 Somaiium
653 2147 686 2171 et
709 2143 845 2178 saepius
865 2144 1076 2171 nominatum
1103 2143 1241 2170 Petrum
1262 2143 1465 2177 Hauptum.„
1488 2144 1547 2177 Io.,
1572 2145 1666 2174 ibid,
1692 2152 1747 2171 an-

118 2196 190 2220 not.
203 2192 231 2219 3.

166 2240 180 2260 ²
221 2239 406 2268 “Henricus
422 2240 606 2276 Dionysius
620 2241 673 2274 (ex
688 2239 940 2273 Noviomago).„
954 2239 1016 2274 ID.,
1029 2240 1127 2272 ibid„
1142 2243 1257 2266 annot.
1269 2240 1295 2265 4.

165 2289 180 2309 ³
217 2288 282 2316 Ubi
298 2288 536 2323 autographae
551 2288 678 2315 habent
694 2295 817 2319 unum,
832 2295 874 2314 ex
889 2287 1087 2322 apographo
1102 2287 1284 2321 exscripsit
1304 2287 1452 2319 Hiixsm,
1469 2289 1600 2314 noster.

166 2337 181 2357 4
216 2335 271 2363 “In
286 2336 592 2371 quadrimestribus
607 2336 745 2369 litteris,
761 2342 905 2369 quarum
925 2335 1024 2369 infra,
1040 2342 1071 2362 n.
1088 2335 1148 2369 189,
1167 2335 1388 2368 meminimus,
1410 2335 1535 2361 dicitur
1557 2336 1611 2362 hic
1635 2336 1731 2362 domi

114 2390 182 2411 nus
195 2384 238 2411 de
253 2383 432 2417 Hymmen
453 2384 664 2418 (dominium
690 2383 780 2410 illud
794 2383 904 2409 situm
923 2385 975 2410 est
991 2386 1103 2417 prope
1117 2382 1375 2415 Noviomagunz
1393 2382 1428 2408 z‘n
1446 2382 1616 2409 Gneldrz'a
1631 2383 1743 2416 [Hem-

112 2431 258 2465 men?]>.„
271 2430 422 2465 ΗΑκεΕΝ,
439 2433 463 2459 l.
481 2439 521 2463 c..
538 2436 653 2458 annot.
668 2431 695 2463 5,
711 2431 874 2458 lectorem
884 2430 1063 2458 remittens
1079 2430 1121 2457 ad
1141 2429 1303 2464 paginam
1323 2430 1384 2463 282,
1401 2430 1456 2456 lin.
1473 2430 1499 2461 6,
1514 2430 1571 2457 ubi
1593 2430 1677 2457 hacc
1698 2432 1741 2457 le-

111 2483 248 2513 guntur:
264 2478 444 2506 “Libenter
460 2479 690 2513 intelligemus
705 2485 747 2505 an
752 2497 804 2505 .....
821 2477 865 2505 sit
880 2478 912 2505 in
928 2477 1100 2505 Societate
1117 2482 1149 2505 et
1165 2478 1231 2508 ille.
1246 2478 1285 2504 de
1302 2484 1366 2511 quo
1379 2477 1515 2511 scripsit
1529 2484 1570 2504 m.
1583 2477 1730 2510 Jonnncs

111 2526 197 2560 quod
213 2527 245 2553 in
260 2526 437 2554 exercitiis
452 2527 670 2559 versabatur,
687 2525 862 2553 cuiusdam
877 2526 940 2553 loci
956 2533 1060 2560 prope
1072 2525 1321 2559 Noviomagum
1337 2524 1519 2555 dominus...

165 2573 178 2593 5
217 2574 318 2608 “Agit
335 2574 373 2601 de
394 2574 459 2601 hoc
480 2573 657 2607 Polancus,
675 2580 717 2600 ex
728 2573 976 2600 commissione
998 2573 1113 2601 Patris
1134 2573 1272 2608 Lnynez
1294 2571 1472 2599 Generalis
1494 2571 1637 2603 Viearii.
1658 2572 1739 2599 scri-

111 2622 193 2648 bens
207 2621 332 2648 litteris
351 2620 478 2648 Romae
493 2621 558 2648 25.*²
572 2620 774 2648 Novembris
790 2620 889 2653 hujus
904 2621 982 2647 anni
998 2621 1088 2648 datis
1104 2621 1145 2647 ad
1161 2620 1391 2652 Hemerolum,
1408 2620 1538 2654 quibuS,
1554 2620 1643 2646 inter
1656 2619 1736 2650 alia,

109 2668 234 2696 dicitur
250 2668 336 2702 quod
353 2668 491 2703 Laynez
505 2673 710 2696 conventum
735 2668 882 2696 Sanctae
903 2668 1084 2695 Gertrudis
1109 2668 1341 2695 Coloniensem
1354 2667 1564 2694 (monialium
1582 2667 1617 2694 Ο.
1638 2667 1669 2692 8.
1688 2667 1739 2696 D.)

109 2715 323 2750 ‘participem
339 2716 421 2743 facit
437 2716 583 2743 omnium
597 2717 761 2743 bonorum
775 2715 1005 2750 spiritualium
1022 2715 1205 2743 Societatis
1218 2720 1403 2743 nostrae...
1420 2714 1501 2742 Tria
1515 2722 1624 2748 grana
1640 2716 1738 2740 bene-

108 2763 199 2790 dicta
212 2763 273 2790 tibi
288 2764 395 2790 mittit
411 2767 510 2797 pater
526 2763 687 2795 vicarius,
702 2764 859 2798 quamvis
879 2764 965 2791 satis
986 2765 1090 2791 simus
1112 2763 1282 2793 exhausti.
1302 2763 1353 2789 his
1373 2763 1578 2796 praesertim
1594 2770 1677 2795 quac
1695 2762 1734 2787 nd

108 2811 240 2838 animas
256 2810 490 2838 defunctorum
503 2811 670 2839 iuvandas
681 2811 902 2845 peculiariter
918 2811 1106 2845 conserunt,
1122 2819 1164 2838 ex
1179 2812 1299 2845 quibus
1319 2817 1422 2837 unum
1442 2810 1600 2839 mittitur.
1618 2814 1649 2835 et
1672 2810 1735 2835 duo

107 2866 147 2885 ex
162 2859 406 2892 communibus,
423 2866 509 2893 quae
522 2863 636 2886 tamen
650 2859 722 2892 ipsa
735 2866 894 2892 magnam
910 2858 978 2885 vim
990 2859 1117 2886 habent
1133 2859 1175 2886 ad
1188 2858 1320 2885 animas
1337 2857 1609 2889 iuvandas·(v111,
1626 2857 1679 2883 sol.
1691 2858 1734 2887 0³]

108 2905 224 2940 orig.).
241 2905 442 2934 Hemerolus
457 2907 554 2934 domo
569 2914 629 2934 sua
647 2906 820 2933 Coloniam
836 2906 937 2933 rediit
955 2907 1017 2933 15³²
1031 2905 1145 2933 Martii
1164 2907 1240 2939 1557;
1256 2906 1389 2940 accepit
1408 2910 1522 2932 autem
1538 2913 1577 2931 cx
1594 2913 1673 2930 suae
1691 2905 1734 2930 {a

108 2953 222 2981 miliae
236 2954 333 2981 bonis
347 2954 568 2988 septuaginta
590 2961 770 2981 aureorum
787 2953 951 2988 (Guldeu)
966 2961 1112 2981 annuum
1134 2954 1290 2981 reditum,
1304 2960 1389 2987 quae
1413 2952 1667 2979 Coloniensibus
1685 2951 1733 2983 Je-

107 2999 205 3028 suitis
220 3007 280 3035 per
295 3000 603 3029 Carthusianorum
618 3001 770 3028 Priorem
786 3001 1008 3028 solvebantur
1022 3002 1080 3033 (tv,
1096 3001 1152 3028 fol.
1170 3001 1230 3033 118,
1245 3000 1381 3034 Orig.).„
1396 2999 1453 3030 lo..
1471 3000 1564 3031 ibid..
1580 3004 1692 3025 annot.
1705 2999 1729 3024 6.

158 3046 174 3067 ὃ
209 3047 459 3076 Mechliniensis
475 3048 594 3077 Coster
609 3052 696 3077 erat.
