2020 3342
223 231 225 239 ’
242 234 311 270 120
754 235 983 273 LITTERAE
1010 244 1368 278 QUADRIMESTREs

246 331 680 383 licitationibusque
702 333 923 384 consequi
944 338 1171 384 potuerat,
1195 331 1445 383 aliquando
1465 332 1707 383 potiretur:
1731 344 1881 383 quare·

255 414 347 443 non
373 403 568 454 probam
590 403 793 455 aliquam
815 409 893 443 aut
914 403 1123 443 honestis
1142 402 1350 442 moribus
1374 402 1629 453 mulierem,
1653 415 1679 443 a
1708 404 1880 455 quibus.

244 474 332 514 sibi
366 486 460 514 non
482 473 775 514 satisfactum
799 474 855 513 iri
874 473 1180 525 praesciebat,
1213 473 1272 513 ad
1292 472 1381 513 hoc
1401 473 1585 513 facinus
1612 474 1873 514 obeundum

247 545 436 595 delegit,
461 545 560 595 sed,
584 550 807 595 tanquam
830 544 887 584 ab
901 543 1060 583 inferis
1076 543 1260 594 furiam,
1279 555 1328 583 se
1345 543 1732 595 impudentiorem
1748 556 1878 585 scor--

247 623 346 655 tum
369 627 427 655 ex
447 615 661 666 lupanari
682 614 918 665 excitauit,
944 626 1062 666 quae
1078 614 1279 654 efficeret
1295 620 1345 654 ut
1364 614 1453 654 sibi
1469 615 1764 655 iuuenculam
1779 628 1872 656 mo-

244 686 455 737 rigeram
490 686 700 726 dulcibus
731 685 903 736 uerbis,
936 692 980 725 et
1010 685 1398 736 promissionibus
1425 686 1654 736 redderet3
1686 686 1767 726 sed
1796 686 1879 727 illa

248 768 358 796 cum
391 757 688 808 acquiescere
718 756 903 796 illorum
933 756 1162 796 uoluntati
1190 756 1430 807 noluisset,
1458 756 1539 796 sed
1566 757 1880 797 confessionis.

243 839 264 867 s
280 833 550 868 aeramento
572 833 795 878 tanquam
816 828 979 878 clypeo
1001 832 1255 878 assumpto,
1288 833 1332 866 et
1353 826 1485 866 ducis
1505 827 1576 866 sui
1601 827 1876 867 confessarii

247 899 442 938 consilio
464 904 687 950 tanquam
708 898 853 938 lorica
874 897 1049 947 induta,
1073 897 1323 937 fortissime
1344 897 1586 948 dimicans,
1610 909 1703 937 non
1726 899 1878 938 solum-

248 981 297 1010 se
320 969 470 1021 ipsam
494 982 519 1009 a
540 970 748 1020 periculo
770 968 953 1020 eripuit,
977 968 1058 1008 sed
1074 968 1315 1008 mulierem
1332 979 1528 1020 quoque,
1548 968 1789 1008 daemonis
1804 980 1877 1008 sa-

244 1041 463 1089 tellitem,
497 1040 583 1080 sibi
612 1039 848 1091 captiuam
875 1039 998 1089 fecit,
1027 1044 1071 1078 et
1102 1037 1159 1078 ad
1187 1038 1527 1078 confessionem
1553 1039 1723 1089 coegit:
1751 1039 1879 1078 unde

243 1117 380 1162 capta
404 1110 507 1161 fuit,
532 1122 650 1162 quae
673 1121 840 1162 capere
870 1109 1113 1150 circuibat:
1134 1120 1193 1149 ex
1222 1120 1312 1160 quo
1334 1109 1392 1148 sit
1422 1109 1485 1149 illi
1504 1110 1608 1149 laus
1634 1116 1678 1149 et
1703 1110 1875 1160 gloria,

249 1182 329 1232 qui
348 1182 394 1221 in
416 1181 753 1222 immanissimo
777 1181 993 1221 conflictu
1018 1186 1061 1220 et
1078 1192 1208 1220 arma
1230 1186 1275 1220 et
1289 1180 1414 1220 uires
1434 1180 1541 1220 huic
1563 1180 1748 1232 quidem
1769 1192 1871 1231 sup-

240 1253 491 1304 peditauit,
516 1253 580 1292 illi
602 1264 714 1292 uero
738 1251 924 1292 ademit.
950 1251 1326 1302 Quotusquisque
1346 1257 1591 1302 praeterea
1612 1250 1874 1302 Collegium·

244 1330 466 1364 nostrum
488 1324 675 1374 adeunt,
700 1324 775 1375 qui
796 1322 1045 1363 inconfessi
1066 1322 1445 1374 proficiscuntur?
1466 1322 1537 1362 uis
1559 1322 1720 1362 audire
1740 1323 1870 1362 sedu-

246 1395 440 1445 litatem,
465 1407 604 1446 quam
625 1395 773 1434 nostri
793 1395 901 1434 huic
923 1394 988 1434 rei
1011 1394 1056 1433 in
1076 1393 1278 1434 Domino
1296 1393 1612 1433 adhibuerint?
1628 1394 1718 1433 uis?
1738 1405 1870 1434 uene-

238 1472 346 1505 runt
369 1466 704 1517 discipulorum
726 1477 902 1516 eorum,
926 1465 1004 1517 qui
1025 1466 1158 1505 nobis
1175 1464 1287 1505 dant
1304 1476 1511 1516 operam,
1531 1471 1749 1516 parentes
1764 1477 1879 1504 non*

237 1537 355 1577 nulli
377 1549 548 1588 pueros
567 1548 690 1587 suos,
710 1542 758 1576 ut
777 1537 920 1576 moris
937 1542 1020 1586 est,
1040 1535 1424 1586 commendaturi,
1448 1542 1492 1575 et
1513 1536 1748 1576 exhortati
1764 1547 1873 1576 con-

236 1607 357 1647 fessi
379 1613 504 1648 sunt:
529 1614 829 1647 accesserunt
854 1607 973 1646 fabri
1000 1607 1208 1657 murarii,
1238 1607 1404 1658 quibus
1428 1607 1554 1647 domi
1582 1613 1771 1647 nostrae
1793 1607 1875 1647 ali«

239 1678 353 1729 quid
377 1678 703 1718 fabricandum
725 1685 837 1725 erat;
863 1684 906 1717 et
928 1678 1199 1728 priusquam
1219 1678 1544 1728 recessissent,
1574 1677 1878 1718 solidioribus

235 1749 473 1800 lapidibus
495 1750 581 1789 sibi
602 1750 790 1789 domum
812 1748 1077 1789 condidere:
1109 1760 1339 1800 pauperes
1366 1748 1595 1799 adierunt,
1619 1749 1868 1800 eleemosy-

235 1831 323 1859 nas
345 1821 553 1871 petituri,
578 1826 622 1860 et
643 1826 842 1871 utroque
861 1820 962 1860 cibo
984 1820 1169 1860 fuerunt
1186 1819 1363 1860 refecti:
1387 1820 1644 1859 accersitus
1661 1819 1869 1871 agricola

234 1896 283 1929 ut
309 1890 438 1930 uites
459 1890 581 1930 horti
611 1897 810 1942 putaret,
843 1897 886 1930 et
908 1903 1000 1930 non
1032 1897 1138 1930 ante
1160 1891 1375 1931 discessit
1401 1902 1539 1942 quam
1560 1896 1755 1942 peccata
1784 1902 1868 1930 sua

235 1961 544 2011 resecuisset;
569 1961 827 2001 conductus
857 1962 1022 2012 auriga
1044 1962 1101 2001 ad
1130 1961 1394 2001 uehendum
1415 1962 1600 2012 lateres,
1622 1967 1868 2012 postquam

236 2043 294 2071 cu
313 2043 441 2072 rrum
464 2044 597 2072 suum
618 2033 824 2084 pondere
854 2033 1069 2081 leuasset,
1093 2032 1305 2083 protinus
1334 2032 1518 2072 animae
1539 2032 1869 2083 impedimenta

238 2103 481 2153 exposuit:
513 2114 607 2142 non
637 2103 832 2154 denique
854 2103 967 2154 ipsis
998 2103 1317 2153 caminitergis
1346 2103 1571 2154 parcitur,
1602 2102 1789 2153 quando
1811 2114 1869 2142 ex

236 2172 333 2212 illis
358 2172 464 2223 duo,
489 2185 594 2213 cum
614 2180 800 2213 nostros
822 2174 1031 2213 caminos
1052 2179 1408 2224 expurgassent,
1433 2185 1542 2213 suos
1562 2184 1743 2225 quoque
1764 2184 1867 2213 con-

237 2243 458 2283 fessionis
480 2251 773 2284 sacramento
795 2244 1127 2284 absterserunt.

326 2313 416 2353 Sed
448 2315 564 2354 haec
596 2315 767 2354 dixisse
797 2315 1040 2362 sufficiant,
1072 2315 1108 2354 si
1136 2315 1273 2355 modo
1303 2315 1347 2354 id
1376 2315 1546 2354 addam
1574 2314 1628 2354 R.
1664 2314 1865 2363 Patrem,

238 2396 412 2435 nempe
434 2384 695 2435 Rectorem,
714 2386 926 2425 omnibus
948 2385 1108 2425 diebus
1129 2385 1274 2435 festis,
1294 2385 1433 2424 etiam
1452 2385 1523 2436 iis,
1547 2396 1662 2436 quos
1683 2396 1764 2436 per
1785 2385 1867 2424 Ec—

244 2455 436 2494 clesiam
459 2456 696 2495 celebrare
717 2467 808 2495 non
831 2462 1054 2505 tenemur,
1079 2455 1210 2495 Pauli
1233 2455 1439 2506 epistolis
1466 2455 1752 2506 exponendis
1772 2455 1866 2494 dili-

237 2525 567 2574 gentissimam
589 2537 779 2576 operam
801 2537 977 2565 nauare
999 2538 1052 2565 ea
1075 2537 1179 2565 cum
1211 2526 1408 2565 utilitate
1431 2527 1494 2573 (ut
1516 2525 1763 2576 censetur),
1787 2525 1871 2565 sed>

235 2595 559 2647 frequentiore
592 2608 829 2646 consessu,
853 2608 992 2647 quam
1023 2596 1340 2647 superioribus
1367 2596 1515 2636 literis
1544 2596 1787 2647 scripsisse
1806 2596 1869 2635 ui-

238 2666 365 2705 deor.
393 2666 443 2705 Id
467 2666 617 2716 ipsum
640 2678 822 2718 quoque
844 2678 948 2706 cum
970 2666 1169 2706 caeteris
1189 2666 1329 2705 rebus
1349 2666 1564 2705 omnibus
1585 2666 1746 2706 testari
1768 2678 1871 2717 pos·

239 2748 354 2785 sem,
391 2737 519 2787 quod
551 2736 606 2775 de
637 2736 930 2776 confessione
961 2743 1003 2776 et
1033 2736 1357 2776 communione
1378 2736 1525 2775 lll.¹¹1ae
1551 2735 1695 2776 Ducis
1728 2735 1738 2755 ¹
1768 2736 1872 2776 toti«

237 2818 384 2858 usquc
408 2807 610 2846 familiae
630 2819 741 2846 suae
763 2807 1057 2847 scribendum
1087 2814 1224 2846 esset.

294 3034 303 3054 ³
343 3034 508 3062 Renatae.
