2020 3342
187 212 233 248 ,¹30
683 208 910 245 LITTERAE
937 215 1295 249 QUADRIMESTRES

188 309 233 348 in
255 318 387 347 usum
405 304 850 346 communicantium
867 302 1128 353 expositum
1147 308 1358 340 seruetur
1376 312 1515 351 super
1532 300 1683 350 altari,
1710 310 1813 338 cum

188 378 354 418 debitis
370 376 674 417 luminaribus
702 380 747 414 et
767 373 984 425 pretiosis
1002 372 1289 412 ornamentis
1306 371 1352 410 in
1381 382 1603 422 magnum
1625 371 1812 422 applau-

187 460 289 489 sum
311 454 354 488 et
386 446 756 487 aedificationem
790 444 948 495 populi
982 442 1307 482 honestissime
1342 448 1640 491 exornatum;
1676 441 1812 480 simili

188 520 328 560 etiam
349 518 595 558 deuotione
616 523 660 556 et
681 522 851 555 ornatu
879 520 1090 565 portatur
1119 513 1178 552 ad
1206 512 1415 552 infirmos
1436 518 1533 551 tota
1561 511 1812 551 comitante

187 589 373 637 vicinia,
399 589 444 628 in
466 600 556 640 qua
578 586 803 635 infirmus,
826 586 888 625 ad
918 596 1051 635 quem
1079 585 1314 634 defertur,
1337 583 1471 623 iacet.

266 660 465 711 Quidam
488 671 545 699 ex
565 658 706 698 nobili
722 669 894 708 genere
922 657 1058 696 huius
1089 655 1308 704 ciuitatis,
1341 654 1532 705 propria
1568 654 1811 705 repudiata

188 743 347 781 uxore,
371 742 429 770 ex
459 741 549 781 qua
571 736 666 769 tres
699 731 973 778 susceperat
993 725 1182 776 liberos,
1204 731 1273 765 tot
1295 736 1444 764 annos
1475 736 1581 764 cum
1602 724 1813 764 adultera

189 801 372 850 mansit,
396 805 447 840 ut
477 804 520 840 et
546 800 601 839 ab
629 798 714 838 illa
744 798 938 838 totidem
970 797 1242 847 susciperet3
1280 795 1540 835 adulteram
1573 795 1746 843 reiecit,
1771 801 1815 834 et

175 872 302 924 fillis
323 872 515 911 honeste
537 869 796 919 collocatis,
817 867 1059 908 confessus
1080 874 1165 917 est,
1190 873 1233 906 et
1251 878 1357 906 cum
1376 878 1521 905 uxore
1539 872 1709 905 manet.
1729 865 1816 905 Vir

188 943 374 995 quidam
395 954 486 982 una
508 952 613 981 curn
634 951 794 989 uxore,
819 939 976 987 filiam,
1001 949 1139 989 quam
1162 938 1332 977 habent
1366 937 1553 976 unicam
1580 935 1816 985 (horribile

189 1014 344 1064 dictu),
368 1013 415 1052 in
439 1011 750 1052 concubinam
768 1009 992 1049 dederant
1009 1008 1194 1048 cuidam
1212 1008 1443 1057 Praelato‚
1468 1007 1545 1059 qui
1562 1007 1816 1047 liberaliter

188 1084 367 1135 puellae
390 1094 495 1123 cum
515 1081 786 1133 parentibus
809 1080 933 1120 vitae
955 1079 1224 1119 necessaria
1245 1078 1557 1124 ministrabat,
1580 1078 1627 1117 in
1649 1083 1814 1117 semet-

188 1156 338 1206 ipsum
357 1155 500 1194 totius
521 1152 710 1193 sceleris
732 1151 969 1201 accipiens
992 1150 1231 1199 delictum,
1256 1150 1359 1189 illos
1387 1160 1578 1188 securos
1603 1154 1647 1189 et
1668 1161 1694 1188 a
1711 1159 1812 1200 pec-

189 1232 294 1266 cato
316 1226 494 1266 alienos
516 1224 791 1273 affirmabat;
822 1222 978 1262 audito
1008 1232 1121 1260 vero
1150 1220 1196 1260 in
1225 1220 1448 1260 concione
1480 1219 1731 1268 contrario,
1755 1219 1814 1259 ad

189 1296 531 1337 confessionem
568 1299 798 1334 venerunt
819 1304 826 1333 :
867 1293 1044 1344 puella,
1092 1291 1279 1331 reiectis
1320 1291 1531 1330 omnibus
1572 1290 1729 1340 donis,
1767 1290 1810 1330 in

189 1367 444 1419 lachrymis
465 1373 508 1406 et
530 1366 695 1417 spiritu
716 1365 837 1404 bono
858 1363 1055 1414 proficit.
1079 1361 1183 1402 Duo
1206 1362 1281 1401 alii
1299 1363 1421 1401 ultra
1443 1367 1642 1412 quatuor
1664 1372 1813 1400 annos

189 1440 234 1478 in
255 1437 563 1478 concubinatu
582 1437 814 1485 vixerunt3
835 1435 912 1474 alii
934 1434 1025 1474 duo
1045 1433 1290 1473 duodecim
1312 1439 1390 1472 aut
1413 1431 1636 1472 tredecim
1666 1443 1814 1471 annos

190 1510 248 1550 ad
268 1509 543 1549 scandalum
563 1508 828 1555 multorum,
852 1505 935 1556 qus
953 1505 1110 1544 statim
1138 1502 1458 1543 ecclesiastico
1489 1509 1729 1542 transacto
1752 1502 1814 1541 in-

189 1580 397 1628 terdicto,
422 1578 720 1619 matrimonia
749 1588 851 1616 cnm
883 1574 1150 1615 concnbsm’s
1186 1574 1477 1623 contrahent,
1511 1573 1634 1625 quod
1657 1573 1816 1613 Domi—

188 1663 274 1691 nus
295 1651 354 1690 ad
376 1662 507 1690 suam
528 1649 729 1700 gloriam
750 1648 1048 1699 ipsorumque
1069 1646 1267 1685 salutem
1289 1644 1356 1684 ess
1380 1644 1637 1684 concedere
1657 1643 1814 1694 digne-

188 1730 276 1772 tur,
292 1722 366 1762 cui
385 1733 458 1761 me
476 1732 567 1760 una
585 1731 690 1760 cum
707 1725 803 1758 toto
817 1718 954 1757 huius
971 1722 1159 1756 nostrae
1173 1715 1425 1756 Societatis
1440 1722 1588 1765 coetu,
1609 1714 1708 1754 R.de
1733 1714 1815 1754 Pa-

189 1800 271 1839 ter,
297 1793 430 1833 unice
453 1790 782 1831 commendare
804 1788 1025 1839 digneris,
1050 1798 1240 1839 quaeso.

269 1863 566 1913 Culenborgi,
592 1862 649 1901 ad
673 1860 863 1901 Calend.
886 1860 1079 1912 Januar.

645 1932 703 1971 V.
731 1931 776 1970 Ρ.
800 1941 964 1970 seruus
986 1928 1207 1978 indignus
1682 1953 1702 1972 ,.

1165 2069 1418 2109 ARNOLDUS
1450 2069 1637 2108 Hffizms.
