2020 3342
207 239 284 279 692
833 241 1065 280 APPENDIX
1091 253 1226 280 PRIMA

287 339 396 390 Egit
417 345 461 379 et
480 339 526 379 id
548 340 716 379 iterum
736 338 784 378 P.
809 338 1119 379 Prouincialis
1140 338 1241 390 ipso
1263 351 1421 379 mense
1443 339 1708 390 Decembri;
1729 352 1837 381 cum

208 410 332 450 enim
353 410 428 450 hic
449 410 653 450 secundo
676 421 782 449 cum
802 421 966 450 socero
1001 415 1138 459 esset,
1174 410 1357 450 curauit
1383 409 1522 451 Pater
1553 410 1611 451 ad
1641 422 1691 451 se
1712 412 1838 452 uenti-

209 487 278 521 ret
301 481 310 498 ¹
334 493 360 520 a
381 481 674 531 Vallisoleto,
698 492 757 520 ex
778 481 945 532 quibus
966 481 1223 521 maximum
1239 481 1342 532 quis
1363 493 1458 521 non
1475 477 1843 523 emolumentum

207 552 380 602 speret?
404 552 494 591 imo
516 563 628 591 uero
651 552 753 602 quis
773 563 869 591 non
889 552 1071 592 uideat?

286 622 368 662 Est
390 623 514 672 apud
534 634 620 662 nos
641 622 821 663 Doctor
843 621 1043 673 Salinas,
1068 623 1145 674 qui
1167 623 1224 662 ab
1250 623 1429 674 aliquot
1450 623 1545 663 iam
1563 623 1697 663 annis
1718 622 1837 664 fece--

209 699 279 733 rat
299 693 537 744 exercitia,
562 700 606 733 et
630 694 736 734 licet
759 695 816 734 ad
853 694 943 734 alia
980 694 1192 745 aspirare
1228 694 1480 743 uideretur,
1505 700 1555 734 ut
1589 695 1738 734 solent
1759 695 1839 746 qui

207 776 291 804 sua
313 764 370 804 ad
391 763 529 804 finem
550 765 701 805 studia
728 765 1062 816 perduxerunt,
1094 765 1270 804 ambire
1300 765 1479 805 scilicet
1508 765 1839 805 canonicatum

207 841 286 875 aut
307 836 447 875 aliam
468 834 757 886 dignitatem,
791 848 882 876 non
912 836 1063 887 potuit
1091 842 1248 876 tamen
1282 837 1323 876 ei
1347 836 1578 885 resistere,
1610 836 1687 887 qui
1714 836 1844 876 intus

206 906 407 946 uocabat
428 907 487 946 ad
508 919 607 957 nos,
631 907 723 946 imo
745 907 804 946 ad
825 918 888 946 se.
914 907 956 947 Is
981 907 1139 957 igitur,
1165 907 1440 946 humilitatis
1463 907 1687 958 probatus
1715 907 1845 947 domi

205 984 249 1016 et
270 977 553 1017 exercitatus
574 978 860 1025 ministeriis,
897 978 1076 1018 scilicet
1111 977 1338 1029 coquinae
1375 984 1419 1017 et
1454 977 1702 1027 refectorii,
1726 989 1838 1017 suae

205 1048 338 1087 nobis
363 1054 406 1087 et
427 1047 699 1088 humilitatis
721 1058 765 1088 et
791 1048 1044 1099 patientiae
1079 1056 1464 1099 caeterarumque
1492 1048 1718 1088 virtutum
1745 1060 1837 1088 non

205 1118 438 1158 mediocre
458 1119 671 1170 praebuit
692 1120 969 1169 exemplum.
994 1119 1107 1159 Erat
1132 1120 1206 1159 hic
1232 1118 1519 1170 Seguntinus
1541 1120 1736 1169 collega,
1760 1118 1839 1159 ubi

205 1196 249 1228 et
269 1188 442 1229 Rector
462 1189 629 1239 fuerat,
654 1196 697 1229 et
719 1191 811 1241 qui,
836 1196 959 1230 teste
980 1189 1186 1230 Doctorc
1214 1189 1404 1238 Torres,
1439 1189 1667 1229 canonico
1695 1189 1772 1229 illo
1794 1194 1840 1229 et

205 1259 353 1310 primo
376 1260 662 1311 Theologiae
684 1261 953 1312 professore
977 1260 1246 1312 Seguntiae,
1271 1267 1314 1300 et
1336 1261 1623 1312 experientia
1646 1260 1841 1300 Theolo-

203 1330 330 1381 giam
350 1332 496 1382 possit
518 1332 697 1382 publice
720 1332 944 1383 profiteri,
969 1332 1137 1384 quique
1169 1332 1284 1372 adeo
1314 1331 1540 1371 sermonis
1568 1331 1771 1382 gratiam
1791 1331 1839 1371 in

203 1402 353 1442 sacris
375 1403 678 1443 concionibus
700 1403 901 1454 accepit,
927 1415 1016 1454 qua
1037 1403 1130 1443 iam
1152 1403 1246 1443 iam
1266 1402 1471 1442 futurum
1491 1409 1589 1442 erat
1612 1409 1660 1442 ut
1681 1402 1740 1442 ad
1761 1402 1838 1442 ali-

204 1483 345 1523 quam
366 1473 640 1523 dignitatem
660 1480 1036 1524 promoueretur‚
1060 1474 1148 1513 nisi
1167 1473 1423 1513 obstitisset
1441 1472 1564 1524 quod
1582 1472 1641 1512 ad
1658 1473 1839 1512 maiora

202 1542 430 1583 Dominus
447 1544 662 1584 vocabat.
681 1545 1017 1594 Interpretatur
1039 1544 1170 1584 nobis
1197 1544 1460 1594 theologiae
1487 1543 1748 1590 lectionem,
1774 1542 1830 1582 de

204 1625 294 1664 qua
316 1614 361 1654 in
383 1615 701 1666 superioribus
722 1614 832 1665 dixi,
853 1627 1084 1667 quamque
1106 1615 1300 1655 audiunt
1321 1624 1365 1654 et
1385 1614 1555 1654 fratres
1586 1613 1772 1664 plurimi
1794 1618 1841 1652 et

204 1684 367 1724 Patres
395 1686 584 1737 aliquot.

283 1756 388 1795 Fuit
405 1756 476 1796 his
498 1757 709 1808 proxime
731 1757 892 1797 diebus
914 1757 959 1796 in
982 1754 1222 1796 exercitiis
1243 1755 1733 1806 licentiatusquidam,
1759 1756 1838 1807 qui

208 1839 233 1865 a
255 1827 404 1866 tribus
426 1833 469 1866 et
493 1828 691 1878 amplius
714 1828 848 1867 annis
872 1834 915 1866 et
938 1827 1119 1867 admitti
1143 1827 1347 1878 postulat
1375 1826 1569 1866 summis
1599 1833 1642 1866 et
1670 1826 1839 1877 impor-

207 1897 331 1937 tunis
351 1898 581 1948 precibuS,
618 1905 662 1938 et
695 1905 1051 1949 perseueranter
1085 1904 1282 1949 spectat,
1322 1897 1518 1937 obtinuit
1540 1897 1578 1936 is
1600 1897 1692 1937 hoc
1714 1909 1836 1937 anno

207 1968 361 2008 locum
384 1969 502 2008 inter
525 1977 723 2020 quatuor
754 1976 798 2008 et
819 1970 1011 2019 triginta
1033 1969 1079 2008 in
1114 1969 1327 2018 licentiis,
1364 1974 1416 2008 ut
1439 1967 1611 2017 dicunt,
1636 1974 1837 2017 sextum,

207 2050 343 2089 quem
364 2040 455 2079 iam
477 2041 692 2080 existimo
722 2040 964 2080 nobiscum
994 2051 1282 2088 mansurum,
1315 2051 1401 2079 nec
1427 2039 1720 2090 probandum
1745 2039 1840 2078 diu-

208 2109 313 2160 tius3
338 2111 425 2150 hoc
453 2112 574 2150 enirn
604 2112 749 2162 ipsius
770 2111 817 2161 (Ρ)
841 2113 852 2130 ²
882 2118 925 2150 et
956 2111 1248 2151 constantiae
1277 2116 1321 2150 et
1351 2110 1604 2161 patientiae
1631 2109 1838 2149 debetur.

287 2181 429 2221 Venit
451 2182 613 2222 eodem
635 2182 693 2221 ad
710 2194 796 2222 nos
818 2189 1026 2233 tempore
1044 2182 1235 2233 quidam
1254 2181 1514 2232 Magisterii
1531 2182 1692 2220 laurea
1707 2181 1838 2220 deco-

208 2258 352 2300 ratus,
377 2253 531 2292 animo
553 2253 612 2293 ad
633 2254 840 2293 seculum
862 2265 954 2292 non
977 2253 1146 2292 iterum
1166 2252 1405 2301 redeundi,
1429 2252 1507 2303 qui
1525 2251 1712 2291 tertium
1730 2251 1840 2290 hinc

207 2323 360 2362 locum
382 2324 427 2362 in
449 2324 646 2363 licentiis
681 2324 800 2363 inter
822 2331 917 2363 tres
939 2330 983 2363 et
1024 2323 1217 2374 triginta
1253 2323 1419 2362 merito
1448 2323 1664 2373 adeptus,
1687 2321 1841 2372 primo

209 2394 376 2444 dignus
398 2406 423 2433 a
446 2395 656 2445 plurimis
677 2395 984 2441 existimatum
1008 2395 1177 2445 quique
1200 2394 1246 2433 in
1265 2394 1468 2445 quadam
1486 2393 1727 2432 literarum
1751 2392 1841 2436 col-

209 2465 477 2514 luctatione,
507 2477 646 2516 quam
683 2465 1023 2516 oppositionem
1055 2472 1241 2514 vocant,
1276 2465 1334 2504 ad
1369 2466 1635 2514 ingressum
1665 2463 1838 2502 theolo-

208 2535 302 2585 gici
324 2535 534 2586 Collegii‚
566 2543 790 2587 quantum
821 2536 936 2575 alios
967 2536 1013 2575 in
1047 2547 1103 2575 ea
1139 2547 1209 2585 re,
1248 2535 1303 2574 de
1339 2547 1430 2586 qua
1465 2534 1839 2584 experimentum

208 2606 490 2655 sumebatur,
515 2607 776 2655 excederet,
801 2614 1051 2657 antequam
1074 2606 1132 2645 ad
1155 2617 1238 2645 nos
1266 2605 1462 2653 veniret,
1496 2604 1672 2644 fecerat
1694 2604 1840 2643 mani-

208 2676 393 2715 festum.
416 2676 552 2716 Hunc
569 2688 697 2727 ergo,
717 2677 794 2716 ubi
816 2684 948 2727 pater
969 2676 1028 2716 ad
1045 2688 1131 2715 nos
1152 2676 1337 2715 venisse
1357 2675 1596 2726 comperit,
1623 2675 1711 2714 huc
1730 2685 1835 2714 eum

211 2759 237 2785 a
253 2747 494 2797 proposito
511 2753 817 2787 reuocaturus
834 2747 1048 2796 accessit,
1068 2747 1190 2798 quod
1208 2753 1256 2786 ut
1274 2752 1430 2796 posset
1447 2744 1643 2795 efficere,
1660 2744 1834 2784 nullum

265 2904 273 2921 ⁰
315 2904 367 2931 Sic
384 2905 563 2939 perspicue
580 2907 612 2933 in
627 2906 687 2933 Ms.
703 2906 950 2933 Existimamus
965 2910 1079 2932 tamen
1094 2904 1307 2931 scribendum
1325 2904 1370 2931 ad
1386 2911 1464 2931 eum
1477 2904 1613 2930 venire.

263 2951 277 2970 2
314 2952 389 2979 Vox
405 2953 487 2979 haec
505 2954 619 2987 ipsius
634 2953 816 2987 respondet
833 2953 907 2979 voci
919 2960 961 2979 su
977 2960 1062 2986 quae
1079 2956 1130 2979 est
1145 2952 1177 2978 in
1193 2951 1335 2985 hispano
1351 2951 1516 2984 exemplo;
1532 2950 1589 2976 sed
1611 2950 1643 2976 in
1666 2949 1738 2984 ejus
1761 2950 1836 2976 loco

209 2999 263 3026 hic
280 2999 310 3026 in
328 3000 434 3026 latino
458 3001 656 3034 apographo
681 3004 731 3027 est
755 3001 871 3034 aptus,
891 3007 965 3026 cum
988 2999 1258 3026 abbreviationis
1279 3006 1338 3025 scu
1360 2997 1603 3025 contractionis
1624 2993 1732 3031 sfgno,
1752 2997 1841 3030 quod

209 3046 381 3080 explicare
398 3053 430 3074 et
448 3048 639 3082 intelligere
656 3056 719 3075 non
744 3049 912 3075 valemus,
