2020 3342
838 222 923 260 AN.
954 220 1045 260 1556
1674 216 1749 254 5283

128 322 285 363 tandis
322 321 473 372 magis
506 333 645 373 quam
680 320 831 360 adhuc
865 317 1218 359 consueuissent
1252 313 1561 355 sanctissimis
1595 324 1749 353 sacra-

127 394 316 444 mentis,
338 405 396 433 ex
417 398 603 444 patrum
624 391 953 444 quorumdam,
978 394 1243 429 nostrorum
1275 385 1557 426 authoritate
1579 389 1623 424 et
1645 395 1749 424 con-

128 465 244 515 silio,
269 476 370 505 sese
398 464 761 504 obstrinxerunt.

209 535 259 576 ln
293 547 342 576 re
380 535 587 575 literaria
620 533 732 574 fiunt
771 533 1029 573 mediocres
1070 537 1114 572 et
1153 538 1449 581 nequaquam
1483 524 1750 578 poenitendi

129 617 421 659 progressus.
446 606 685 646 Docentur
706 615 880 656 graeca
901 610 945 643 et
969 603 1126 652 latina,
1152 607 1289 653 atque
1311 599 1358 639 in
1378 603 1573 649 utraque
1591 597 1750 648 lingua

127 689 260 719 suam
280 677 473 729 quisque
493 677 786 726 facultatem,
821 675 942 726 stylo
972 679 1016 714 et
1043 672 1295 724 scriptione
1325 668 1750 719 exercitationeque

128 748 394 798 memoriae,
419 748 579 788 sedulo
603 746 838 796 adaugere
860 745 906 784 in
928 745 1026 784 dies
1048 742 1215 783 studet.
1239 741 1535 792 Componunt
1556 738 1747 779 rhetori-

126 820 168 861 ci
189 819 569 869 declamationes,
594 824 638 858 et
665 816 965 858 conficiendis
995 815 1207 855 uersibus
1238 816 1530 853 exercentur.
1562 809 1749 850 Confes-

126 891 239 931 sarii
261 896 417 933 autem
438 890 586 930 nostri
606 889 668 929 aa⁷
688 888 936 929 lectionem
957 886 1012 927 de
1033 885 1233 935 casibus,
1265 884 1312 924 in
1332 894 1423 935 quo
1444 892 1635 922 munere
1655 880 1749 921 Ma-

126 962 270 1013 gister
291 961 397 1002 Pisa
423 960 432 980 ⁸
463 960 675 1001 omnibus
703 959 871 999 mirum
902 958 949 998 in
979 957 1168 997 modum
1199 954 1451 995 satisfacit:
1481 965 1539 993 ex
1569 951 1745 1002 eodem,

126 1033 438 1084 Porphyrium
460 1031 488 1082 ξς
512 1044 570 1072 ex
599 1031 826 1082 Magistro
855 1029 1034 1070 Erardo
1064 1027 1093 1078 ³,
1124 1028 1235 1066 dum
1271 1025 1511 1076 Magis-ter
1541 1024 1747 1064 Leonar-

125 1105 216 1144 dus
243 1103 435 1143 Calaber
456 1115 483 1142 a
505 1101 775 1142 ualetudine
804 1100 964 1151 magis
990 1100 1053 1139 sit
1081 1098 1416 1149 confirmatu&
1438 1095 1747 1136 Dialecticam

123 1170 186 1217 Ϊο.
211 1174 422 1216 Caesarii
442 1173 676 1214 ‘'audiunt.

207 1246 281 1287 Ad
315 1245 549 1298 perfectae
583 1251 738 1285 autem
769 1243 1008 1295 religionis
1036 1248 1080 1282 et
1114 1240 1300 1293 pietatis
1335 1240 1379 1279 in
1413 1244 1577 1279 sancta
1612 1249 1750 1277 voca-

129 1319 253 1359 tione
276 1317 613 1357 incrementum
633 1326 832 1366 magnus
853 1315 898 1355 in
930 1314 1028 1354 dies
1055 1313 1265 1353 cumulus
1292 1311 1338 1350 in
1364 1309 1537 1350 nostris
1567 1307 1747 1349 uidetur

128 1389 375 1438 accedere,
400 1388 509 1428 dum
535 1397 854 1440 quaecumque
875 1386 935 1426 ad
955 1383 1240 1435 frangendos
1260 1381 1634 1431 euincendosque
1656 1391 1747 1419 non

128 1467 281 1501 rectos
308 1459 569 1499 animorum
600 1464 751 1498 motus
780 1457 1004 1509 proficere
1033 1455 1316 1505 intelligunt,
1348 1452 1645 1504 cupidissime
1673 1463 1748 1491 ex·

128 1537 340 1584 poscunt,
360 1536 498 1582 atque
515 1541 686 1580 magna
705 1540 809 1569 cum
827 1527 1118 1579 superiorum
1131 1526 1370 1576 uoluptate
1388 1524 1745 1575 amplectuntur.

207 1603 329 1644 Ecce
350 1602 452 1652 tibi,
476 1600 530 1641 R.
553 1601 623 1651 P.‚
655 1612 794 1651 qaam
825 1599 1018 1650 mirifice
1049 1598 1211 1650 paucis
1239 1596 1473 1637 mensibus
1500 1600 1643 1646 opera
1673 1593 1749 1634 hic

128 1686 211 1726 per
241 1679 337 1714 tam
368 1678 633 1723 contempta
664 1672 970 1712 instrumenta
997 1673 1109 1709 sunt
1139 1668 1332 1719 effecta,
1368 1678 1484 1718 quae
1511 1666 1559 1705 sn
1586 1664 1748 1716 proxi·

127 1757 255 1786 mum
291 1744 637 1796 quadrimestre
676 1746 814 1793 atque
852 1741 898 1781 in
933 1746 1170 1792 posterum
1205 1749 1387 1790 semper
1422 1737 1519 1777 tuis
1552 1735 1747 1776 sanctis-

129 1815 264 1856 simis
293 1815 587 1856 orationibus
621 1825 675 1854 ac
704 1812 954 1861 sacreficst's
981 1815 1031 1851 ut
1067 1811 1246 1851 maiora
1273 1808 1511 1860 suscipere
1538 1819 1591 1848 ac
1612 1812 1748 1859 prae-

127 1891 260 1928 stare
295 1886 512 1932 ualeant,
540 1898 567 1925 a
598 1884 800 1925 Domino
831 1883 1085 1923 excitanda
1109 1881 1541 1933 praeparandaque
1563 1878 1749 1919 confidi-

128 1970 245 2009 mus;
283 1970 418 2010 quem
450 1964 497 1998 ut
525 1964 568 1997 te
599 1956 732 1997 nobis
766 1955 952 1995 Patrem
988 1953 1047 1994 ad
1081 1953 1426 1994 sanctissimam
1460 1951 1750 1991 voluntatem

127 2041 260 2070 suam
283 2041 337 2070 ac
359 2029 557 2079 gloriam
579 2027 657 2067 diu
677 2027 956 2066 incolumem
979 2030 1154 2075 seruet,
1179 2024 1496 2064 obsecramus.

207 2099 426 2150 Laureto,
449 2099 474 2138 3
495 2099 555 2139 id.
586 2098 836 2139 Nouembr.
873 2095 987 2136 1556.

210 2171 280 2212 Ex
301 2170 354 2211 R.
382 2170 428 2211 P.
451 2169 665 2210 Rectoris
685 2167 833 2208 nostri
853 2167 991 2207 iussis
1013 2173 1057 2207 et
1078 2166 1212 2206 huius
1230 2164 1425 2215 Collegii
1442 2163 1642 2206 nominc·

475 2240 528 2281 R.
553 2240 601 2280 P.
625 2239 676 2280 T.
701 2239 898 2279 filiorum
920 2238 1136 2278 minimus
1159 2243 1202 2278 et
1224 2235 1590 2287 indignissimus,

1216 2344 1284 2397 Jo.
1316 2342 1590 2385 GAMBARUS.

159 2560 162 2562 .
212 2527 274 2567 In
294 2527 452 2566 eadem
474 2529 645 2577 quarta
667 2524 850 2576 pagina
872 2524 982 2563 llaec
1003 2522 1252 2574 leguntur:
1271 2521 1420 2575 Jesus.
1449 2518 1562 2561 1556.
1582 2519 1752 2560 Laure-

127 2605 190 2640 to.
215 2598 590 2649 Quadrimestres
615 2596 658 2636 11
688 2594 980 2635 Nouembris.

182 2710 192 2730 ¹
232 2709 267 2737 Ρ.
280 2710 476 2744 Alphonsus
491 2709 585 2736 Pisa.

178 2758 192 2776 2
231 2756 316 2784 Vide
329 2764 444 2790 supra,
460 2763 538 2790 pag.
552 2754 614 2783 408.

180 2805 192 2824 ⁵
230 2804 343 2831 Primo
358 2804 523 2838 scriptum
539 2803 641 2830 fuisse
658 2802 794 2829 videtur
816 2801 1009 2835 Everardo‚
1032 2801 1091 2828 sed
1115 2800 1330 2827 emendatum
1352 2804 1401 2826 est
1419 2804 1451 2826 et
1473 2800 1534 2826 sub
1549 2799 1676 2826 litteris
1688 2806 1751 2825 non

128 2851 213 2879 satis
228 2855 370 2886 apparet
388 2859 429 2878 an
446 2850 623 2885 legendum
639 2850 681 2876 sit
698 2849 866 2882 Gerara'o,
882 2856 924 2876 an
937 2855 1019 2875 vero
1034 2847 1185 2880 Erardo,
1195 2851 1231 2874 ut
1243 2854 1304 2875 nos
1319 2847 1452 2881 quidem
1469 2847 1619 2880 legimus.
1631 2845 1663 2872 Is
1676 2849 1750 2872 erat

131 2898 282 2926 [irardus
299 2898 515 2925 Avantianus
530 2897 603 2932 “qui
622 2897 754 2924 Vienna
769 2899 941 2929 venerat.‚,
958 2896 1133 2923 Ponmcvs
1150 2895 1181 2922 in
1198 2894 1374 2927 Chronico,
1391 2898 1414 2922 t.
1431 2901 1479 2920 v1.

182 2947 196 2966 4
233 2946 341 2981 Hujus
355 2948 467 2980 operis
481 2953 580 2973 unum
594 2945 782 2979 exemplum
794 2944 960 2976 novimus,
973 2944 1090 2978 paucis
1105 2947 1179 2977 post
1193 2943 1279 2970 hunc
1295 2950 1419 2970 annum
1434 2941 1500 2968 1556
1511 2941 1636 2968 editum
1650 2940 1751 2973 JOAN-

130 3000 180 3020 ‚x‘1s
196 2992 357 3021 Cusum
373 2993 581 3024 Dialectz'ca,
598 2992 799 3019 Hermanni
811 2991 958 3018 Raiiauz'
969 2991 1111 3019 scholiis
1126 2998 1257 3018 necnon
1274 2997 1404 3017 neu-non
1419 2989 1567 3016 Henm'cz·
1581 2988 1751 3016 Claream'

132 3041 420 3070 annotationibus
435 3041 629 3069 illustrata.
644 3038 811 3074 Lugduni,
828 3038 904 3067 1567.
