2020 3342
805 247 887 287 ΑΝ.
919 245 1008 286 1556
1645 245 1711 284 189

804 700 1006 756 GDXO
1034 714 1041 723 *

165 935 373 974 Nicolaus
393 936 625 982 Bellefille,

212 1000 283 1038 Ex
300 1000 619 1039 commissione
638 1001 782 1040 Patris
802 1001 1027 1039 Paschasii
1046 1001 1192 1049 Broe‘t,

260 1066 379 1104 Patri
397 1066 566 1114 Ignatio
585 1066 638 1105 de
657 1066 842 1114 Loyola.

307 1132 502 1179 Parisiis,
523 1133 567 1169 27
590 1131 759 1180 Aprilis
780 1131 872 1170 1556
893 1133 918 1170 ¹.

736 1306 885 1359 Jesus.
915 1305 1077 1346 Maria.

175 1484 340 1525 Gratia
361 1491 405 1526 et
427 1497 520 1537 pax
540 1484 637 1525 D.ni
664 1484 811 1525 nostri
830 1484 941 1537 Jesu
960 1483 1067 1535 Xpi.
1091 1483 1298 1535 perfecta
1320 1495 1405 1524 nos
1422 1483 1562 1524 donet
1579 1484 1710 1524 liber-

96 1561 205 1596 tate.

174 1626 316 1680 Juxta
338 1633 669 1668 sacrosanctae
686 1626 977 1667 obedientiae
994 1632 1183 1677 statuta,
1203 1625 1304 1667 R.d·³
1328 1632 1373 1667 et
1394 1626 1716 1668 obseruandis-

97 1698 212 1738 sime
248 1697 402 1749 Pater,
435 1698 731 1750 negotiorum
760 1698 1062 1749 laborumque
1093 1697 1504 1749 quadrimestrium
1538 1704 1716 1738 nostro-

99 1780 200 1809 rum
234 1780 480 1810 successus
509 1769 789 1821 scripturus,
821 1775 1127 1821 posteaquam
1155 1769 1471 1821 perfunctorie
1500 1769 1722 1810 breuiter-

98 1851 186 1891 que
207 1840 581 1881 recensuerimus
601 1852 670 1890 ea,
694 1851 812 1892 quae
835 1839 959 1880 domi
979 1846 1197 1890 aguntur,
1221 1851 1340 1891 quae
1367 1840 1423 1880 de
1451 1840 1566 1880 foris
1596 1848 1718 1891 sunt,

100 1922 238 1963 quam
276 1911 569 1963 paucissimis
600 1911 740 1951 etiam
770 1910 870 1951 fieri
899 1910 1083 1962 poterit,
1117 1911 1501 1962 perstringemus,
1535 1912 1720 1952 silentio

99 1981 291 2030 interea,
316 1994 433 2034 quae
455 1982 651 2022 minoris
668 1993 769 2022 esse
786 1981 1007 2022 momenti
1025 1981 1257 2032 videntur,
1276 1989 1644 2033 praetereuntes,
1663 1995 1720 2023 ne

99 2059 226 2094 tuam
247 2053 419 2094 diutius
440 2052 576 2094 R.dam
604 2053 940 2094 Paternitatem
962 2053 1118 2093 verbis
1145 2053 1351 2094 detinere
1382 2053 1641 2105 videamur,
1671 2055 1718 2094 in

98 2136 333 2165 vanumue
364 2131 606 2166 conterere
634 2131 830 2176 tempus
864 2124 938 2165 Ad
970 2124 1227 2165 domestica
1256 2124 1398 2176 igitur
1427 2125 1556 2177 prius
1586 2125 1720 2166 deue-

98 2195 296 2236 niemus.

182 2266 314 2308 Adeo
335 2273 462 2308 certe
483 2273 590 2307 sunt
612 2267 818 2308 omnium
839 2267 1037 2309 fratrum
1059 2267 1303 2319 compositi
1325 2279 1493 2319 mores,
1524 2267 1720 2309 honesta

105 2338 415 2389 conuersatio,
443 2339 760 2390 promptitudo
788 2339 1094 2388 obedientiae,
1123 2345 1308 2379 mutuus
1340 2350 1486 2390 amor,
1519 2345 1720 2380 caetero-

101 2419 311 2461 rumque,
335 2421 454 2461 quae
476 2410 522 2449 in
544 2410 742 2450 instituti
761 2410 1007 2462 tyronibus
1028 2409 1341 2461 requiruntur,
1365 2416 1496 2450 tanta
1524 2410 1720 2462 denique

101 2480 338 2532 perfectio,
361 2486 412 2521 vt
428 2481 616 2521 vocatio
633 2492 797 2521 eorum
812 2480 948 2521 facile
966 2480 1179 2521 omnibus
1196 2481 1446 2531 elucescat,
1465 2493 1550 2522 nec
1568 2493 1722 2533 quem-

102 2562 238 2603 quam
258 2552 404 2592 latere
432 2552 580 2603 possit
610 2552 854 2593 cuiusnam
886 2552 978 2593 sint
1012 2552 1239 2604 discipuli,
1273 2551 1407 2603 Juxta
1442 2552 1553 2592 illud
1580 2551 1720 2593 domi-

101 2621 257 2663 nicum
301 2623 624 2674 proloquium:
671 2622 733 2663 In
776 2622 862 2664 hoc
897 2626 1183 2674 cognoscent
1222 2623 1332 2674 quia
1370 2622 1599 2675 discipuli
1632 2624 1725 2664 mei

103 2693 219 2733 estis
238 2697 320 2734 etc.
348 2693 362 2712 ²

157 2876 167 2897 ¹
207 2877 453 2912 Autographae
474 2877 600 2912 duplici
620 2877 710 2911 folio.
726 2885 780 2906 nn.
801 2878 854 2906 250
867 2883 899 2906 et
920 2878 981 2906 251.
998 2878 1061 2906 Tot
1083 2879 1192 2906 lineae
1213 2882 1291 2906 sunt
1312 2879 1457 2909 deletae.
1477 2883 1593 2914 totque
1616 2881 1722 2908 verba

103 2924 291 2959 immutata,
306 2929 343 2952 ut
358 2924 595 2953 annotationes
607 2925 836 2954 confusionem
850 2927 963 2961 potius
977 2934 1077 2961 quam
1097 2927 1379 2961 perspicuitatem
1399 2926 1616 2956 adducerent.
1637 2928 1722 2956 Hinc

104 2972 221 2999 melius
234 2972 344 3000 visum
359 2976 409 3000 est
425 2972 532 3006 primo
548 2972 719 3007 integrum
733 2977 865 3001 textum
879 2974 1012 3006 afferre,
1026 2979 1144 3008 postea
1160 2982 1242 3002 vero
1257 2974 1394 3003 litteras
1410 2982 1429 3002 a
1444 2974 1591 3002 Polanco
1607 2976 1723 3003 decur—

104 3023 197 3046 tatas
211 3024 243 3046 et
258 3024 468 3047 1mmutatas.

156 3065 170 3085 ²
206 3066 406 3102 Joan.X111,
422 3076 452 3095 v.
469 3067 514 3095 35.
