<?xml version="1.0" encoding="UTF-8"?>
<!DOCTYPE html PUBLIC "-//W3C//DTD XHTML 1.0 Transitional//EN"
    "http://www.w3.org/TR/xhtml1/DTD/xhtml1-transitional.dtd">
<html xmlns="http://www.w3.org/1999/xhtml" xml:lang="en" lang="en">
 <head>
  <title>
</title>
<meta http-equiv="Content-Type" content="text/html;charset=utf-8" />
  <meta name='ocr-system' content='tesseract 3.04.00' />
  <meta name='ocr-capabilities' content='ocr_page ocr_carea ocr_par ocr_line ocrx_word'/>
</head>
<body>
  <div class='ocr_page' id='page_1' title='image "./litteraequadrime16lain_0277.png"; bbox 0 0 2020 3342; ppageno 0'>
   <div class='ocr_carea' id='block_1_1' title="bbox 874 298 1780 345">
    <p class='ocr_par' dir='ltr' id='par_1_1' title="bbox 874 298 1780 345">
     <span class='ocr_line' id='line_1_1' title="bbox 874 298 1780 345; baseline -0.004 -1"><span class='ocrx_word' id='word_1_1' title='bbox 874 304 952 344; x_wconf 69' lang='grc' dir='ltr'>ΑΝ.</span> <span class='ocrx_word' id='word_1_2' title='bbox 986 300 1075 345; x_wconf 59' lang='lat'>1350</span> <span class='ocrx_word' id='word_1_3' title='bbox 1720 298 1780 341; x_wconf 72' lang='lat'>27&#39;1</span> 
     </span>
    </p>
   </div>
   <div class='ocr_carea' id='block_1_2' title="bbox 907 758 1048 813">
    <p class='ocr_par' dir='ltr' id='par_1_2' title="bbox 907 758 1048 813">
     <span class='ocr_line' id='line_1_2' title="bbox 907 758 1048 813; baseline 0.007 -1"><span class='ocrx_word' id='word_1_4' title='bbox 907 758 1048 813; x_wconf 85' lang='lat' dir='ltr'>DVI</span> 
     </span>
    </p>
   </div>
   <div class='ocr_carea' id='block_1_3' title="bbox 233 995 1264 1105">
    <p class='ocr_par' dir='ltr' id='par_1_3' title="bbox 233 995 1264 1105">
     <span class='ocr_line' id='line_1_3' title="bbox 233 995 719 1042; baseline -0.004 -8"><span class='ocrx_word' id='word_1_5' title='bbox 233 997 266 1034; x_wconf 86' lang='lat' dir='ltr'>F</span> <span class='ocrx_word' id='word_1_6' title='bbox 269 996 493 1034; x_wconf 87' lang='lat' dir='ltr'>ranciscus</span> <span class='ocrx_word' id='word_1_7' title='bbox 513 995 719 1042; x_wconf 86' lang='lat' dir='ltr'>Morales,</span> 
     </span>
     <span class='ocr_line' id='line_1_4' title="bbox 278 1057 1264 1105; baseline -0.005 -6"><span class='ocrx_word' id='word_1_8' title='bbox 278 1060 347 1099; x_wconf 87' lang='lat' dir='ltr'>Ex</span> <span class='ocrx_word' id='word_1_9' title='bbox 365 1060 685 1099; x_wconf 80' lang='lat' dir='ltr'><em>commissione</em></span> <span class='ocrx_word' id='word_1_10' title='bbox 706 1060 849 1098; x_wconf 84' lang='lat' dir='ltr'>Patris</span> <span class='ocrx_word' id='word_1_11' title='bbox 869 1058 1064 1097; x_wconf 87' lang='lat' dir='ltr'>Cornelii</span> <span class='ocrx_word' id='word_1_12' title='bbox 1085 1057 1264 1105; x_wconf 83' lang='lat' dir='ltr'>Gomes‚</span> 
     </span>
    </p>
   </div>
   <div class='ocr_carea' id='block_1_4' title="bbox 326 1125 913 1237">
    <p class='ocr_par' dir='ltr' id='par_1_4' title="bbox 326 1125 913 1237">
     <span class='ocr_line' id='line_1_5' title="bbox 326 1125 913 1173; baseline -0.005 -8"><span class='ocrx_word' id='word_1_13' title='bbox 326 1126 448 1165; x_wconf 89' lang='lat' dir='ltr'>Patri</span> <span class='ocrx_word' id='word_1_14' title='bbox 467 1126 637 1173; x_wconf 88' lang='lat' dir='ltr'>Ignatio</span> <span class='ocrx_word' id='word_1_15' title='bbox 657 1125 710 1163; x_wconf 88' lang='lat' dir='ltr'>de</span> <span class='ocrx_word' id='word_1_16' title='bbox 729 1125 913 1172; x_wconf 87' lang='lat' dir='ltr'>Loyola.</span> 
     </span>
     <span class='ocr_line' id='line_1_6' title="bbox 374 1190 879 1237; baseline -0.008 -7"><span class='ocrx_word' id='word_1_17' title='bbox 374 1192 536 1237; x_wconf 86' lang='lat' dir='ltr'>Ebora,</span> <span class='ocrx_word' id='word_1_18' title='bbox 556 1191 600 1228; x_wconf 91' lang='lat'>10</span> <span class='ocrx_word' id='word_1_19' title='bbox 620 1190 723 1236; x_wconf 85' lang='lat' dir='ltr'>Maji</span> <span class='ocrx_word' id='word_1_20' title='bbox 745 1190 835 1227; x_wconf 81' lang='lat'>1556</span> <span class='ocrx_word' id='word_1_21' title='bbox 854 1190 879 1226; x_wconf 87' lang='lat'>¹.</span> 
     </span>
    </p>
   </div>
   <div class='ocr_carea' id='block_1_5' title="bbox 155 1329 1790 2809">
    <p class='ocr_par' dir='ltr' id='par_1_5' title="bbox 241 1329 468 1381">
     <span class='ocr_line' id='line_1_7' title="bbox 241 1329 468 1381; baseline 0 -11"><span class='ocrx_word' id='word_1_22' title='bbox 241 1329 340 1370; x_wconf 86' lang='lat' dir='ltr'>Pax</span> <span class='ocrx_word' id='word_1_23' title='bbox 360 1329 468 1381; x_wconf 92' lang='lat' dir='ltr'>Xpi.</span> 
     </span>
    </p>

    <p class='ocr_par' dir='ltr' id='par_1_6' title="bbox 157 1397 1788 1952">
     <span class='ocr_line' id='line_1_8' title="bbox 240 1397 1787 1449; baseline -0.003 -7"><span class='ocrx_word' id='word_1_24' title='bbox 240 1401 431 1442; x_wconf 77' lang='lat' dir='ltr'>Fratres</span> <span class='ocrx_word' id='word_1_25' title='bbox 451 1400 613 1449; x_wconf 80' lang='lat' dir='ltr'>nostri,</span> <span class='ocrx_word' id='word_1_26' title='bbox 636 1399 773 1440; x_wconf 85' lang='lat' dir='ltr'>Pater</span> <span class='ocrx_word' id='word_1_27' title='bbox 795 1398 1002 1449; x_wconf 81' lang='lat' dir='ltr'><strong>colende,</strong></span> <span class='ocrx_word' id='word_1_28' title='bbox 1026 1398 1184 1439; x_wconf 86' lang='lat' dir='ltr'>diuina</span> <span class='ocrx_word' id='word_1_29' title='bbox 1204 1397 1411 1438; x_wconf 89' lang='lat' dir='ltr'>bonitate</span> <span class='ocrx_word' id='word_1_30' title='bbox 1436 1397 1596 1446; x_wconf 88' lang='lat' dir='ltr'>adiuti,</span> <span class='ocrx_word' id='word_1_31' title='bbox 1621 1402 1718 1438; x_wconf 89' lang='lat' dir='ltr'>tum</span> <span class='ocrx_word' id='word_1_32' title='bbox 1740 1397 1787 1437; x_wconf 88' lang='lat' dir='ltr'>in</span> 
     </span>
     <span class='ocr_line' id='line_1_9' title="bbox 161 1468 1787 1524; baseline -0.003 -11"><span class='ocrx_word' id='word_1_33' title='bbox 161 1472 444 1524; x_wconf 81' lang='lat' dir='ltr'>quotidianis</span> <span class='ocrx_word' id='word_1_34' title='bbox 478 1470 889 1511; x_wconf 78' lang='lat' dir='ltr'>exercitationibus</span> <span class='ocrx_word' id='word_1_35' title='bbox 923 1481 1016 1509; x_wconf 91' lang='lat' dir='ltr'>non</span> <span class='ocrx_word' id='word_1_36' title='bbox 1051 1469 1348 1509; x_wconf 75' lang='lat' dir='ltr'>mediocriter</span> <span class='ocrx_word' id='word_1_37' title='bbox 1384 1468 1645 1520; x_wconf 84' lang='lat' dir='ltr'>proficiunt,</span> <span class='ocrx_word' id='word_1_38' title='bbox 1690 1474 1787 1509; x_wconf 91' lang='lat' dir='ltr'>tum</span> 
     </span>
     <span class='ocr_line' id='line_1_10' title="bbox 160 1539 1784 1594; baseline -0.003 -10"><span class='ocrx_word' id='word_1_39' title='bbox 160 1544 300 1584; x_wconf 87' lang='lat' dir='ltr'>ctiam</span> <span class='ocrx_word' id='word_1_40' title='bbox 329 1543 375 1583; x_wconf 90' lang='lat' dir='ltr'>in</span> <span class='ocrx_word' id='word_1_41' title='bbox 403 1542 589 1583; x_wconf 88' lang='lat' dir='ltr'>virtutis</span> <span class='ocrx_word' id='word_1_42' title='bbox 619 1542 693 1582; x_wconf 87' lang='lat' dir='ltr'>via</span> <span class='ocrx_word' id='word_1_43' title='bbox 720 1541 924 1594; x_wconf 88' lang='lat' dir='ltr'>quotidie</span> <span class='ocrx_word' id='word_1_44' title='bbox 951 1540 1103 1592; x_wconf 87' lang='lat' dir='ltr'>magis</span> <span class='ocrx_word' id='word_1_45' title='bbox 1132 1539 1373 1591; x_wconf 79' lang='lat' dir='ltr'>magisque</span> <span class='ocrx_word' id='word_1_46' title='bbox 1404 1539 1784 1591; x_wconf 85' lang='lat' dir='ltr'>progrediuntur.</span> 
     </span>
     <span class='ocr_line' id='line_1_11' title="bbox 159 1610 1787 1665; baseline -0.004 -9"><span class='ocrx_word' id='word_1_47' title='bbox 159 1615 323 1656; x_wconf 81' lang='lat' dir='ltr'>Patres</span> <span class='ocrx_word' id='word_1_48' title='bbox 345 1626 456 1655; x_wconf 86' lang='lat' dir='ltr'>vero</span> <span class='ocrx_word' id='word_1_49' title='bbox 473 1626 569 1665; x_wconf 92' lang='lat' dir='ltr'>eos,</span> <span class='ocrx_word' id='word_1_50' title='bbox 594 1614 671 1665; x_wconf 90' lang='lat' dir='ltr'>qui</span> <span class='ocrx_word' id='word_1_51' title='bbox 691 1625 714 1653; x_wconf 93' lang='lat' dir='ltr'>e</span> <span class='ocrx_word' id='word_1_52' title='bbox 736 1613 833 1653; x_wconf 86' lang='lat' dir='ltr'>vita</span> <span class='ocrx_word' id='word_1_53' title='bbox 854 1613 1073 1664; x_wconf 85' lang='lat' dir='ltr'>migrant,</span> <span class='ocrx_word' id='word_1_54' title='bbox 1094 1611 1140 1651; x_wconf 89' lang='lat' dir='ltr'>in</span> <span class='ocrx_word' id='word_1_55' title='bbox 1161 1612 1261 1663; x_wconf 92' lang='lat' dir='ltr'>ipso</span> <span class='ocrx_word' id='word_1_56' title='bbox 1283 1611 1407 1651; x_wconf 87' lang='lat' dir='ltr'>Vitae</span> <span class='ocrx_word' id='word_1_57' title='bbox 1429 1610 1636 1651; x_wconf 84' lang='lat' dir='ltr'>discessu</span> <span class='ocrx_word' id='word_1_58' title='bbox 1659 1611 1787 1650; x_wconf 83' lang='lat' dir='ltr'>adiu-</span> 
     </span>
     <span class='ocr_line' id='line_1_12' title="bbox 158 1682 1788 1738; baseline -0.004 -11"><span class='ocrx_word' id='word_1_59' title='bbox 158 1693 283 1737; x_wconf 91' lang='lat' dir='ltr'>uant,</span> <span class='ocrx_word' id='word_1_60' title='bbox 309 1691 447 1738; x_wconf 92' lang='lat' dir='ltr'>atque</span> <span class='ocrx_word' id='word_1_61' title='bbox 464 1684 522 1724; x_wconf 89' lang='lat' dir='ltr'>ad</span> <span class='ocrx_word' id='word_1_62' title='bbox 545 1685 635 1725; x_wconf 80' lang='lat' dir='ltr'>alia</span> <span class='ocrx_word' id='word_1_63' title='bbox 657 1685 800 1724; x_wconf 89' lang='lat' dir='ltr'>multa</span> <span class='ocrx_word' id='word_1_64' title='bbox 817 1683 1080 1723; x_wconf 90' lang='lat' dir='ltr'>huiusmodi</span> <span class='ocrx_word' id='word_1_65' title='bbox 1096 1682 1245 1723; x_wconf 86' lang='lat' dir='ltr'>officia</span> <span class='ocrx_word' id='word_1_66' title='bbox 1266 1682 1451 1734; x_wconf 86' lang='lat' dir='ltr'>pietatis</span> <span class='ocrx_word' id='word_1_67' title='bbox 1473 1694 1612 1734; x_wconf 81' lang='lat' dir='ltr'>saepe</span> <span class='ocrx_word' id='word_1_68' title='bbox 1630 1693 1788 1722; x_wconf 81' lang='lat' dir='ltr'>aecer·</span> 
     </span>
     <span class='ocr_line' id='line_1_13' title="bbox 160 1754 1787 1809; baseline -0.004 -10"><span class='ocrx_word' id='word_1_69' title='bbox 160 1764 338 1809; x_wconf 90' lang='lat' dir='ltr'>suntur,</span> <span class='ocrx_word' id='word_1_70' title='bbox 362 1758 577 1809; x_wconf 90' lang='lat' dir='ltr'>illosque,</span> <span class='ocrx_word' id='word_1_71' title='bbox 601 1756 681 1809; x_wconf 89' lang='lat' dir='ltr'>qui</span> <span class='ocrx_word' id='word_1_72' title='bbox 708 1756 763 1796; x_wconf 92' lang='lat' dir='ltr'>de</span> <span class='ocrx_word' id='word_1_73' title='bbox 786 1755 991 1807; x_wconf 87' lang='lat' dir='ltr'>peccatis</span> <span class='ocrx_word' id='word_1_74' title='bbox 1020 1754 1313 1803; x_wconf 88' lang='lat' dir='ltr'>confitentur,</span> <span class='ocrx_word' id='word_1_75' title='bbox 1337 1754 1689 1805; x_wconf 82' lang='lat' dir='ltr'>diligentissime</span> <span class='ocrx_word' id='word_1_76' title='bbox 1712 1765 1787 1794; x_wconf 87' lang='lat' dir='ltr'>au·</span> 
     </span>
     <span class='ocr_line' id='line_1_14' title="bbox 157 1823 1787 1879; baseline -0.003 -9"><span class='ocrx_word' id='word_1_77' title='bbox 157 1829 302 1870; x_wconf 88' lang='lat' dir='ltr'>diunt:</span> <span class='ocrx_word' id='word_1_78' title='bbox 323 1829 464 1870; x_wconf 91' lang='lat' dir='ltr'>multo</span> <span class='ocrx_word' id='word_1_79' title='bbox 482 1829 623 1868; x_wconf 87' lang='lat' dir='ltr'>etiam</span> <span class='ocrx_word' id='word_1_80' title='bbox 640 1828 775 1879; x_wconf 88' lang='lat' dir='ltr'>plura</span> <span class='ocrx_word' id='word_1_81' title='bbox 795 1826 894 1867; x_wconf 89' lang='lat' dir='ltr'>fieri</span> <span class='ocrx_word' id='word_1_82' title='bbox 912 1832 1116 1878; x_wconf 88' lang='lat' dir='ltr'>possent,</span> <span class='ocrx_word' id='word_1_83' title='bbox 1136 1837 1231 1865; x_wconf 90' lang='lat' dir='ltr'>non</span> <span class='ocrx_word' id='word_1_84' title='bbox 1247 1825 1400 1866; x_wconf 87' lang='lat' dir='ltr'>minus</span> <span class='ocrx_word' id='word_1_85' title='bbox 1417 1824 1518 1865; x_wconf 91' lang='lat' dir='ltr'>Deo</span> <span class='ocrx_word' id='word_1_86' title='bbox 1537 1823 1641 1877; x_wconf 91' lang='lat' dir='ltr'>Opt.</span> <span class='ocrx_word' id='word_1_87' title='bbox 1661 1825 1787 1865; x_wconf 81' lang='lat' dir='ltr'>Max.</span> 
     </span>
     <span class='ocr_line' id='line_1_15' title="bbox 158 1897 1442 1952; baseline -0.004 -11"><span class='ocrx_word' id='word_1_88' title='bbox 158 1907 310 1952; x_wconf 91' lang='lat' dir='ltr'>grata,</span> <span class='ocrx_word' id='word_1_89' title='bbox 334 1900 373 1941; x_wconf 92' lang='lat' dir='ltr'>si</span> <span class='ocrx_word' id='word_1_90' title='bbox 394 1900 453 1941; x_wconf 90' lang='lat' dir='ltr'>ad</span> <span class='ocrx_word' id='word_1_91' title='bbox 475 1900 631 1940; x_wconf 89' lang='lat' dir='ltr'>omnia</span> <span class='ocrx_word' id='word_1_92' title='bbox 651 1898 936 1951; x_wconf 88' lang='lat' dir='ltr'>perficienda</span> <span class='ocrx_word' id='word_1_93' title='bbox 958 1897 1122 1938; x_wconf 89' lang='lat' dir='ltr'>Patres</span> <span class='ocrx_word' id='word_1_94' title='bbox 1144 1897 1442 1937; x_wconf 75' lang='lat' dir='ltr'>haberentur.</span> 
     </span>
    </p>

    <p class='ocr_par' dir='ltr' id='par_1_7' title="bbox 155 1969 1790 2809">
     <span class='ocr_line' id='line_1_16' title="bbox 237 1969 1788 2020; baseline -0.002 -8"><span class='ocrx_word' id='word_1_95' title='bbox 237 1971 412 2013; x_wconf 91' lang='lat' dir='ltr'>Diebus</span> <span class='ocrx_word' id='word_1_96' title='bbox 434 1977 589 2012; x_wconf 90' lang='lat' dir='ltr'>autem</span> <span class='ocrx_word' id='word_1_97' title='bbox 610 1970 858 2011; x_wconf 90' lang='lat' dir='ltr'>dominicis</span> <span class='ocrx_word' id='word_1_98' title='bbox 879 1970 925 2010; x_wconf 90' lang='lat' dir='ltr'>in</span> <span class='ocrx_word' id='word_1_99' title='bbox 941 1976 1103 2010; x_wconf 90' lang='lat' dir='ltr'>nostro</span> <span class='ocrx_word' id='word_1_100' title='bbox 1124 1969 1297 2020; x_wconf 88' lang='lat' dir='ltr'>templo</span> <span class='ocrx_word' id='word_1_101' title='bbox 1320 1974 1415 2009; x_wconf 90' lang='lat' dir='ltr'>tum</span> <span class='ocrx_word' id='word_1_102' title='bbox 1438 1979 1574 2008; x_wconf 90' lang='lat' dir='ltr'>mane</span> <span class='ocrx_word' id='word_1_103' title='bbox 1595 1974 1692 2009; x_wconf 89' lang='lat' dir='ltr'>tum</span> <span class='ocrx_word' id='word_1_104' title='bbox 1714 1978 1788 2009; x_wconf 86' lang='lat' dir='ltr'>ve·</span> 
     </span>
     <span class='ocr_line' id='line_1_17' title="bbox 158 2039 1788 2096; baseline -0.003 -12"><span class='ocrx_word' id='word_1_105' title='bbox 158 2043 282 2096; x_wconf 88' lang='lat' dir='ltr'>speri</span> <span class='ocrx_word' id='word_1_106' title='bbox 303 2043 497 2084; x_wconf 87' lang='lat' dir='ltr'>habetur</span> <span class='ocrx_word' id='word_1_107' title='bbox 519 2043 697 2083; x_wconf 91' lang='lat' dir='ltr'>concio.</span> <span class='ocrx_word' id='word_1_108' title='bbox 722 2041 922 2094; x_wconf 87' lang='lat' dir='ltr'>Vesperi</span> <span class='ocrx_word' id='word_1_109' title='bbox 943 2053 1055 2081; x_wconf 91' lang='lat' dir='ltr'>vero</span> <span class='ocrx_word' id='word_1_110' title='bbox 1077 2040 1132 2080; x_wconf 91' lang='lat' dir='ltr'>de</span> <span class='ocrx_word' id='word_1_111' title='bbox 1160 2039 1373 2080; x_wconf 87' lang='lat' dir='ltr'>doctrina</span> <span class='ocrx_word' id='word_1_112' title='bbox 1396 2040 1592 2080; x_wconf 88' lang='lat' dir='ltr'>habetur</span> <span class='ocrx_word' id='word_1_113' title='bbox 1613 2039 1671 2080; x_wconf 88' lang='lat' dir='ltr'>ad</span> <span class='ocrx_word' id='word_1_114' title='bbox 1693 2051 1788 2091; x_wconf 91' lang='lat' dir='ltr'>eos,</span> 
     </span>
     <span class='ocr_line' id='line_1_18' title="bbox 157 2110 1790 2166; baseline -0.003 -11"><span class='ocrx_word' id='word_1_115' title='bbox 157 2114 235 2166; x_wconf 90' lang='lat' dir='ltr'>qui</span> <span class='ocrx_word' id='word_1_116' title='bbox 255 2114 379 2165; x_wconf 89' lang='lat' dir='ltr'>apud</span> <span class='ocrx_word' id='word_1_117' title='bbox 405 2125 490 2154; x_wconf 91' lang='lat' dir='ltr'>nos</span> <span class='ocrx_word' id='word_1_118' title='bbox 518 2114 666 2154; x_wconf 88' lang='lat' dir='ltr'>literis</span> <span class='ocrx_word' id='word_1_119' title='bbox 694 2124 885 2165; x_wconf 78' lang='lat' dir='ltr'>operam</span> <span class='ocrx_word' id='word_1_120' title='bbox 913 2111 1040 2162; x_wconf 82' lang='lat' dir='ltr'>dant3</span> <span class='ocrx_word' id='word_1_121' title='bbox 1070 2111 1129 2151; x_wconf 84' lang='lat' dir='ltr'>ad</span> <span class='ocrx_word' id='word_1_122' title='bbox 1158 2122 1297 2162; x_wconf 90' lang='lat' dir='ltr'>quam</span> <span class='ocrx_word' id='word_1_123' title='bbox 1327 2110 1600 2151; x_wconf 89' lang='lat' dir='ltr'>concionem</span> <span class='ocrx_word' id='word_1_124' title='bbox 1631 2116 1790 2151; x_wconf 90' lang='lat' dir='ltr'>tantus</span> 
     </span>
     <span class='ocr_line' id='line_1_19' title="bbox 158 2182 1789 2233; baseline -0.003 -7"><span class='ocrx_word' id='word_1_125' title='bbox 158 2185 299 2226; x_wconf 88' lang='lat' dir='ltr'>etiam</span> <span class='ocrx_word' id='word_1_126' title='bbox 320 2185 526 2226; x_wconf 89' lang='lat' dir='ltr'>virorum</span> <span class='ocrx_word' id='word_1_127' title='bbox 547 2197 603 2225; x_wconf 89' lang='lat' dir='ltr'>ac</span> <span class='ocrx_word' id='word_1_128' title='bbox 635 2184 879 2225; x_wconf 89' lang='lat' dir='ltr'>mulierum</span> <span class='ocrx_word' id='word_1_129' title='bbox 906 2182 954 2223; x_wconf 91' lang='lat' dir='ltr'>fit</span> <span class='ocrx_word' id='word_1_130' title='bbox 983 2193 1255 2233; x_wconf 87' lang='lat' dir='ltr'>concursus,</span> <span class='ocrx_word' id='word_1_131' title='bbox 1284 2187 1335 2222; x_wconf 90' lang='lat' dir='ltr'>ut</span> <span class='ocrx_word' id='word_1_132' title='bbox 1366 2193 1445 2222; x_wconf 90' lang='lat' dir='ltr'>eos</span> <span class='ocrx_word' id='word_1_133' title='bbox 1466 2182 1687 2233; x_wconf 90' lang='lat' dir='ltr'>templum</span> <span class='ocrx_word' id='word_1_134' title='bbox 1717 2193 1789 2222; x_wconf 89' lang='lat' dir='ltr'>ca·</span> 
     </span>
     <span class='ocr_line' id='line_1_20' title="bbox 156 2252 1790 2308; baseline -0.003 -11"><span class='ocrx_word' id='word_1_135' title='bbox 156 2268 266 2308; x_wconf 93' lang='lat' dir='ltr'>pere</span> <span class='ocrx_word' id='word_1_136' title='bbox 287 2262 500 2308; x_wconf 79' lang='lat' dir='ltr'>nequeat,</span> <span class='ocrx_word' id='word_1_137' title='bbox 524 2256 631 2297; x_wconf 89' lang='lat' dir='ltr'>licet</span> <span class='ocrx_word' id='word_1_138' title='bbox 653 2261 697 2296; x_wconf 92' lang='lat' dir='ltr'>et</span> <span class='ocrx_word' id='word_1_139' title='bbox 719 2255 956 2295; x_wconf 89' lang='lat' dir='ltr'>mediocre</span> <span class='ocrx_word' id='word_1_140' title='bbox 974 2254 1047 2304; x_wconf 92' lang='lat' dir='ltr'>sit,</span> <span class='ocrx_word' id='word_1_141' title='bbox 1072 2259 1116 2294; x_wconf 91' lang='lat' dir='ltr'>et</span> <span class='ocrx_word' id='word_1_142' title='bbox 1138 2252 1410 2294; x_wconf 90' lang='lat' dir='ltr'>scholastici</span> <span class='ocrx_word' id='word_1_143' title='bbox 1430 2264 1590 2293; x_wconf 90' lang='lat' dir='ltr'>omnes</span> <span class='ocrx_word' id='word_1_144' title='bbox 1612 2264 1660 2293; x_wconf 90' lang='lat' dir='ltr'>se</span> <span class='ocrx_word' id='word_1_145' title='bbox 1677 2258 1790 2293; x_wconf 89' lang='lat' dir='ltr'>tem-</span> 
     </span>
     <span class='ocr_line' id='line_1_21' title="bbox 157 2322 1790 2380; baseline -0.003 -11"><span class='ocrx_word' id='word_1_146' title='bbox 157 2328 220 2380; x_wconf 93' lang='lat' dir='ltr'>pli</span> <span class='ocrx_word' id='word_1_147' title='bbox 240 2329 410 2368; x_wconf 91' lang='lat' dir='ltr'>sacello</span> <span class='ocrx_word' id='word_1_148' title='bbox 434 2328 718 2377; x_wconf 86' lang='lat' dir='ltr'>contineant3</span> <span class='ocrx_word' id='word_1_149' title='bbox 739 2332 783 2367; x_wconf 90' lang='lat' dir='ltr'>et</span> <span class='ocrx_word' id='word_1_150' title='bbox 805 2335 1088 2378; x_wconf 87' lang='lat' dir='ltr'>quamquam</span> <span class='ocrx_word' id='word_1_151' title='bbox 1109 2324 1254 2364; x_wconf 87' lang='lat' dir='ltr'>multa</span> <span class='ocrx_word' id='word_1_152' title='bbox 1272 2323 1492 2364; x_wconf 91' lang='lat' dir='ltr'>subsellia</span> <span class='ocrx_word' id='word_1_153' title='bbox 1508 2334 1591 2375; x_wconf 94' lang='lat' dir='ltr'>pro</span> <span class='ocrx_word' id='word_1_154' title='bbox 1612 2322 1790 2364; x_wconf 86' lang='lat' dir='ltr'>foribus</span> 
     </span>
     <span class='ocr_line' id='line_1_22' title="bbox 159 2394 1788 2450; baseline -0.002 -12"><span class='ocrx_word' id='word_1_155' title='bbox 159 2399 462 2450; x_wconf 86' lang='lat' dir='ltr'>collocantur,</span> <span class='ocrx_word' id='word_1_156' title='bbox 485 2399 650 2450; x_wconf 89' lang='lat' dir='ltr'>quibus</span> <span class='ocrx_word' id='word_1_157' title='bbox 671 2398 733 2449; x_wconf 90' lang='lat' dir='ltr'>hi,</span> <span class='ocrx_word' id='word_1_158' title='bbox 757 2397 835 2449; x_wconf 91' lang='lat' dir='ltr'>qui</span> <span class='ocrx_word' id='word_1_159' title='bbox 856 2396 1039 2448; x_wconf 84' lang='lat' dir='ltr'>ingredi</span> <span class='ocrx_word' id='word_1_160' title='bbox 1059 2407 1152 2436; x_wconf 89' lang='lat' dir='ltr'>non</span> <span class='ocrx_word' id='word_1_161' title='bbox 1182 2395 1432 2445; x_wconf 88' lang='lat' dir='ltr'>valuerint,</span> <span class='ocrx_word' id='word_1_162' title='bbox 1463 2394 1642 2446; x_wconf 91' lang='lat' dir='ltr'>possint</span> <span class='ocrx_word' id='word_1_163' title='bbox 1663 2394 1788 2436; x_wconf 90' lang='lat' dir='ltr'>sede-</span> 
     </span>
     <span class='ocr_line' id='line_1_23' title="bbox 160 2466 1788 2525; baseline -0.004 -12"><span class='ocrx_word' id='word_1_164' title='bbox 160 2484 225 2525; x_wconf 91' lang='lat' dir='ltr'>re,</span> <span class='ocrx_word' id='word_1_165' title='bbox 258 2478 435 2522; x_wconf 90' lang='lat' dir='ltr'>tamen,</span> <span class='ocrx_word' id='word_1_166' title='bbox 466 2470 537 2511; x_wconf 88' lang='lat' dir='ltr'>his</span> <span class='ocrx_word' id='word_1_167' title='bbox 564 2469 777 2510; x_wconf 89' lang='lat' dir='ltr'>omnibus</span> <span class='ocrx_word' id='word_1_168' title='bbox 805 2467 1097 2509; x_wconf 90' lang='lat' dir='ltr'>multitudine</span> <span class='ocrx_word' id='word_1_169' title='bbox 1129 2467 1386 2518; x_wconf 88' lang='lat' dir='ltr'>completis,</span> <span class='ocrx_word' id='word_1_170' title='bbox 1415 2466 1653 2518; x_wconf 89' lang='lat' dir='ltr'>permulti,</span> <span class='ocrx_word' id='word_1_171' title='bbox 1683 2466 1788 2507; x_wconf 91' lang='lat' dir='ltr'>ideo</span> 
     </span>
     <span class='ocr_line' id='line_1_24' title="bbox 159 2537 1788 2597; baseline -0.005 -12"><span class='ocrx_word' id='word_1_172' title='bbox 159 2544 281 2597; x_wconf 90' lang='lat' dir='ltr'>quod</span> <span class='ocrx_word' id='word_1_173' title='bbox 316 2545 469 2584; x_wconf 91' lang='lat' dir='ltr'>locum</span> <span class='ocrx_word' id='word_1_174' title='bbox 501 2553 591 2582; x_wconf 92' lang='lat' dir='ltr'>non</span> <span class='ocrx_word' id='word_1_175' title='bbox 624 2541 810 2591; x_wconf 90' lang='lat' dir='ltr'>habent,</span> <span class='ocrx_word' id='word_1_176' title='bbox 848 2539 1116 2580; x_wconf 87' lang='lat' dir='ltr'>discedunt:</span> <span class='ocrx_word' id='word_1_177' title='bbox 1147 2544 1391 2590; x_wconf 88' lang='lat' dir='ltr'>praeterea</span> <span class='ocrx_word' id='word_1_178' title='bbox 1429 2537 1592 2578; x_wconf 90' lang='lat' dir='ltr'>iisdem</span> <span class='ocrx_word' id='word_1_179' title='bbox 1627 2537 1788 2578; x_wconf 86' lang='lat' dir='ltr'>diebus</span> 
     </span>
     <span class='ocr_line' id='line_1_25' title="bbox 158 2609 1788 2667; baseline -0.005 -10"><span class='ocrx_word' id='word_1_180' title='bbox 158 2617 436 2667; x_wconf 89' lang='lat' dir='ltr'>complures,</span> <span class='ocrx_word' id='word_1_181' title='bbox 467 2620 563 2654; x_wconf 91' lang='lat' dir='ltr'>tam</span> <span class='ocrx_word' id='word_1_182' title='bbox 587 2612 673 2653; x_wconf 90' lang='lat' dir='ltr'>viri</span> <span class='ocrx_word' id='word_1_183' title='bbox 704 2623 842 2664; x_wconf 86' lang='lat' dir='ltr'>quam</span> <span class='ocrx_word' id='word_1_184' title='bbox 874 2611 1106 2660; x_wconf 89' lang='lat' dir='ltr'>mulieres,</span> <span class='ocrx_word' id='word_1_185' title='bbox 1137 2615 1180 2650; x_wconf 92' lang='lat' dir='ltr'>et</span> <span class='ocrx_word' id='word_1_186' title='bbox 1210 2616 1403 2660; x_wconf 87' lang='lat' dir='ltr'>peccata</span> <span class='ocrx_word' id='word_1_187' title='bbox 1436 2609 1714 2650; x_wconf 89' lang='lat' dir='ltr'>confitentur</span> <span class='ocrx_word' id='word_1_188' title='bbox 1743 2615 1788 2650; x_wconf 94' lang='lat' dir='ltr'>et</span> 
     </span>
     <span class='ocr_line' id='line_1_26' title="bbox 158 2680 1784 2736; baseline -0.005 -8"><span class='ocrx_word' id='word_1_189' title='bbox 158 2692 514 2728; x_wconf 87' lang='lat' dir='ltr'>sacrosanctum</span> <span class='ocrx_word' id='word_1_190' title='bbox 543 2683 650 2736; x_wconf 91' lang='lat' dir='ltr'>Xpi.</span> <span class='ocrx_word' id='word_1_191' title='bbox 681 2694 851 2735; x_wconf 87' lang='lat' dir='ltr'>corpus</span> <span class='ocrx_word' id='word_1_192' title='bbox 878 2688 1080 2723; x_wconf 90' lang='lat' dir='ltr'>sumunt:</span> <span class='ocrx_word' id='word_1_193' title='bbox 1111 2681 1234 2721; x_wconf 87' lang='lat' dir='ltr'>idem</span> <span class='ocrx_word' id='word_1_194' title='bbox 1254 2680 1394 2721; x_wconf 88' lang='lat' dir='ltr'>etiam</span> <span class='ocrx_word' id='word_1_195' title='bbox 1415 2680 1462 2720; x_wconf 91' lang='lat' dir='ltr'>in</span> <span class='ocrx_word' id='word_1_196' title='bbox 1491 2680 1784 2721; x_wconf 90' lang='lat' dir='ltr'>hebdomada</span> 
     </span>
     <span class='ocr_line' id='line_1_27' title="bbox 155 2752 1789 2809; baseline -0.004 -11"><span class='ocrx_word' id='word_1_197' title='bbox 155 2769 378 2809; x_wconf 87' lang='lat' dir='ltr'>persaepe</span> <span class='ocrx_word' id='word_1_198' title='bbox 408 2756 472 2807; x_wconf 85' lang='lat' dir='ltr'>fit;</span> <span class='ocrx_word' id='word_1_199' title='bbox 506 2754 834 2807; x_wconf 85' lang='lat' dir='ltr'>quamplurimi</span> <span class='ocrx_word' id='word_1_200' title='bbox 856 2754 977 2794; x_wconf 89' lang='lat' dir='ltr'>enim</span> <span class='ocrx_word' id='word_1_201' title='bbox 1001 2752 1301 2801; x_wconf 87' lang='lat' dir='ltr'>confitentur,</span> <span class='ocrx_word' id='word_1_202' title='bbox 1337 2763 1426 2803; x_wconf 91' lang='lat' dir='ltr'>qua</span> <span class='ocrx_word' id='word_1_203' title='bbox 1458 2763 1516 2792; x_wconf 82' lang='lat' dir='ltr'>ex</span> <span class='ocrx_word' id='word_1_204' title='bbox 1545 2763 1595 2791; x_wconf 90' lang='lat' dir='ltr'>re</span> <span class='ocrx_word' id='word_1_205' title='bbox 1628 2763 1789 2792; x_wconf 92' lang='lat' dir='ltr'>omnes</span> 
     </span>
    </p>
   </div>
   <div class='ocr_carea' id='block_1_6' title="bbox 159 2874 302 2880">
    <p class='ocr_par' dir='ltr' id='par_1_8' title="bbox 159 2874 302 2880">
     <span class='ocr_line' id='line_1_28' title="bbox 159 2874 302 2880; baseline 0 0"><span class='ocrx_word' id='word_1_206' title='bbox 159 2874 302 2880; x_wconf 95' lang='lat' dir='ltr'> </span> 
     </span>
    </p>
   </div>
   <div class='ocr_carea' id='block_1_7' title="bbox 303 2875 435 2879">
    <p class='ocr_par' dir='ltr' id='par_1_9' title="bbox 303 2875 435 2879">
     <span class='ocr_line' id='line_1_29' title="bbox 303 2875 435 2879; baseline 0 0"><span class='ocrx_word' id='word_1_207' title='bbox 303 2875 435 2879; x_wconf 95' lang='lat' dir='ltr'> </span> 
     </span>
    </p>
   </div>
   <div class='ocr_carea' id='block_1_8' title="bbox 156 2935 1785 3118">
    <p class='ocr_par' dir='ltr' id='par_1_10' title="bbox 156 2935 1785 3118">
     <span class='ocr_line' id='line_1_30' title="bbox 209 2935 1785 2972; baseline -0.003 -4"><span class='ocrx_word' id='word_1_208' title='bbox 209 2941 217 2961; x_wconf 87' lang='lat'><strong>¹</strong></span> <span class='ocrx_word' id='word_1_209' title='bbox 256 2939 341 2968; x_wconf 85' lang='lat' dir='ltr'>Bina</span> <span class='ocrx_word' id='word_1_210' title='bbox 363 2944 439 2968; x_wconf 86' lang='lat' dir='ltr'>sunt</span> <span class='ocrx_word' id='word_1_211' title='bbox 467 2939 589 2967; x_wconf 82' lang='lat' dir='ltr'>harum</span> <span class='ocrx_word' id='word_1_212' title='bbox 612 2938 809 2966; x_wconf 85' lang='lat' dir='ltr'>litterarum</span> <span class='ocrx_word' id='word_1_213' title='bbox 834 2938 989 2972; x_wconf 81' lang='lat' dir='ltr'>exempla</span> <span class='ocrx_word' id='word_1_214' title='bbox 1010 2936 1212 2972; x_wconf 85' lang='lat' dir='ltr'>archetypa;</span> <span class='ocrx_word' id='word_1_215' title='bbox 1234 2943 1337 2964; x_wconf 88' lang='lat' dir='ltr'>unum</span> <span class='ocrx_word' id='word_1_216' title='bbox 1361 2936 1394 2963; x_wconf 90' lang='lat' dir='ltr'>in</span> <span class='ocrx_word' id='word_1_217' title='bbox 1416 2935 1496 2963; x_wconf 87' lang='lat' dir='ltr'>folio</span> <span class='ocrx_word' id='word_1_218' title='bbox 1519 2936 1655 2970; x_wconf 89' lang='lat' dir='ltr'>duplici,</span> <span class='ocrx_word' id='word_1_219' title='bbox 1678 2936 1785 2970; x_wconf 87' lang='lat' dir='ltr'>primo</span> 
     </span>
     <span class='ocr_line' id='line_1_31' title="bbox 156 2983 1785 3023; baseline -0.003 -8"><span class='ocrx_word' id='word_1_220' title='bbox 156 2996 188 3015; x_wconf 86' lang='lat' dir='ltr'>n.</span> <span class='ocrx_word' id='word_1_221' title='bbox 203 2987 266 3023; x_wconf 81' lang='lat'>573,</span> <span class='ocrx_word' id='word_1_222' title='bbox 281 2988 391 3015; x_wconf 83' lang='lat' dir='ltr'>altero</span> <span class='ocrx_word' id='word_1_223' title='bbox 406 2994 472 3014; x_wconf 89' lang='lat' dir='ltr'>non</span> <span class='ocrx_word' id='word_1_224' title='bbox 486 2991 676 3018; x_wconf 80' lang='lat' dir='ltr'>numerato,</span> <span class='ocrx_word' id='word_1_225' title='bbox 689 2985 942 3020; x_wconf 85' lang='lat' dir='ltr'>autographum</span> <span class='ocrx_word' id='word_1_226' title='bbox 964 2989 1073 3012; x_wconf 89' lang='lat' dir='ltr'>totum</span> <span class='ocrx_word' id='word_1_227' title='bbox 1086 2991 1187 3012; x_wconf 86' lang='lat' dir='ltr'>manu</span> <span class='ocrx_word' id='word_1_228' title='bbox 1201 2983 1378 3012; x_wconf 88' lang='lat' dir='ltr'>Francisci</span> <span class='ocrx_word' id='word_1_229' title='bbox 1403 2983 1567 3018; x_wconf 86' lang='lat' dir='ltr'>Morales;</span> <span class='ocrx_word' id='word_1_230' title='bbox 1590 2984 1736 3011; x_wconf 89' lang='lat' dir='ltr'>alterum</span> <span class='ocrx_word' id='word_1_231' title='bbox 1753 2984 1785 3010; x_wconf 89' lang='lat' dir='ltr'>in</span> 
     </span>
     <span class='ocr_line' id='line_1_32' title="bbox 156 3031 1785 3070; baseline -0.004 -7"><span class='ocrx_word' id='word_1_232' title='bbox 156 3035 234 3063; x_wconf 86' lang='lat' dir='ltr'>folio</span> <span class='ocrx_word' id='word_1_233' title='bbox 249 3036 329 3063; x_wconf 85' lang='lat' dir='ltr'>item</span> <span class='ocrx_word' id='word_1_234' title='bbox 344 3035 481 3070; x_wconf 80' lang='lat' dir='ltr'>duplici,</span> <span class='ocrx_word' id='word_1_235' title='bbox 495 3042 551 3061; x_wconf 89' lang='lat' dir='ltr'>nn.</span> <span class='ocrx_word' id='word_1_236' title='bbox 566 3034 619 3061; x_wconf 87' lang='lat'>572</span> <span class='ocrx_word' id='word_1_237' title='bbox 632 3038 665 3061; x_wconf 88' lang='lat' dir='ltr'>et</span> <span class='ocrx_word' id='word_1_238' title='bbox 677 3033 740 3067; x_wconf 62' lang='lat'>574,</span> <span class='ocrx_word' id='word_1_239' title='bbox 756 3033 788 3061; x_wconf 91' lang='lat' dir='ltr'>in</span> <span class='ocrx_word' id='word_1_240' title='bbox 809 3040 874 3068; x_wconf 89' lang='lat' dir='ltr'>quo</span> <span class='ocrx_word' id='word_1_241' title='bbox 891 3036 1024 3060; x_wconf 89' lang='lat' dir='ltr'>tantum</span> <span class='ocrx_word' id='word_1_242' title='bbox 1047 3036 1200 3059; x_wconf 87' lang='lat' dir='ltr'>extrema</span> <span class='ocrx_word' id='word_1_243' title='bbox 1222 3033 1330 3059; x_wconf 85' lang='lat' dir='ltr'>verba</span> <span class='ocrx_word' id='word_1_244' title='bbox 1352 3033 1451 3059; x_wconf 85' lang='lat' dir='ltr'>sexto</span> <span class='ocrx_word' id='word_1_245' title='bbox 1469 3032 1551 3059; x_wconf 83' lang='lat' dir='ltr'>idus</span> <span class='ocrx_word' id='word_1_246' title='bbox 1555 3051 1609 3059; x_wconf 92' lang='grc'><em>.....</em></span> <span class='ocrx_word' id='word_1_247' title='bbox 1630 3031 1785 3059; x_wconf 78' lang='lat' dir='ltr'>Morales</span> 
     </span>
     <span class='ocr_line' id='line_1_33' title="bbox 157 3079 1784 3118; baseline -0.003 -8"><span class='ocrx_word' id='word_1_248' title='bbox 157 3087 188 3110; x_wconf 86' lang='lat' dir='ltr'>et</span> <span class='ocrx_word' id='word_1_249' title='bbox 204 3083 448 3118; x_wconf 86' lang='lat' dir='ltr'>superscriptio</span> <span class='ocrx_word' id='word_1_250' title='bbox 465 3086 542 3109; x_wconf 88' lang='lat' dir='ltr'>sunt</span> <span class='ocrx_word' id='word_1_251' title='bbox 557 3089 657 3109; x_wconf 88' lang='lat' dir='ltr'>manu</span> <span class='ocrx_word' id='word_1_252' title='bbox 674 3082 779 3114; x_wconf 88' lang='lat' dir='ltr'>ipsius</span> <span class='ocrx_word' id='word_1_253' title='bbox 794 3080 950 3111; x_wconf 52' lang='lat' dir='ltr'>litorales:</span> <span class='ocrx_word' id='word_1_254' title='bbox 968 3085 1108 3108; x_wconf 86' lang='lat' dir='ltr'>caetera</span> <span class='ocrx_word' id='word_1_255' title='bbox 1129 3080 1267 3114; x_wconf 77' lang='lat' dir='ltr'>scripsit</span> <span class='ocrx_word' id='word_1_256' title='bbox 1283 3080 1351 3107; x_wconf 86' lang='lat' dir='ltr'>alia</span> <span class='ocrx_word' id='word_1_257' title='bbox 1366 3088 1485 3108; x_wconf 82' lang='lat' dir='ltr'>manus</span> <span class='ocrx_word' id='word_1_258' title='bbox 1508 3079 1623 3113; x_wconf 82' lang='lat' dir='ltr'>ignota</span> <span class='ocrx_word' id='word_1_259' title='bbox 1641 3084 1674 3106; x_wconf 80' lang='lat' dir='ltr'>at</span> <span class='ocrx_word' id='word_1_260' title='bbox 1692 3084 1784 3106; x_wconf 82' lang='lat' dir='ltr'>certo</span> 
     </span>
    </p>
   </div>
   <div class='ocr_carea' id='block_1_9' title="bbox 159 3131 332 3159">
    <p class='ocr_par' dir='ltr' id='par_1_11' title="bbox 159 3131 332 3159">
     <span class='ocr_line' id='line_1_34' title="bbox 159 3131 332 3159; baseline 0 -1"><span class='ocrx_word' id='word_1_261' title='bbox 159 3131 332 3159; x_wconf 76' lang='lat' dir='ltr'>flandrica.</span> 
     </span>
    </p>
   </div>
  </div>
 </body>
</html>
