2020 3342
918 199 1002 236 AN.
1035 199 1126 237 1556
1785 203 1830 239 ⁴27

207 307 310 336 sum
334 302 378 336 et
409 297 780 337 aedificationem
814 297 969 347 populi
999 296 1327 336 honestissime
1363 305 1656 347 exornatum3
1693 299 1830 337 simili

207 367 346 407 etiam
368 368 612 407 deuotione
634 373 677 407 et
700 373 869 407 ornatu
890 372 1103 418 portatur
1125 367 1183 407 ad
1214 366 1422 406 infirmos
1452 374 1547 406 tota
1576 368 1827 408 comitante

216 437 406 485 vicinia,
431 438 476 477 in
498 450 588 489 qua
609 438 817 478 infirmus
838 437 1112 477 visitandus
1135 438 1270 478 iacet.

288 507 488 558 Quidam
518 520 576 548 ex
598 509 738 549 nobili
758 519 930 559 genere
960 509 1099 548 huius
1125 508 1342 558 ciuitatis,
1367 509 1557 559 propria
1586 508 1828 560 repudiata

207 590 368 628 vxore,
393 592 450 619 ex
471 591 561 630 qua
583 586 677 619 tres
709 579 962 619 sztscstczm‘t
986 578 1168 630 proles,
1206 585 1273 618 tot
1303 591 1452 619 annos
1487 590 1592 618 cum
1619 580 1829 619 adultera

208 650 392 699 mansit,
414 651 539 700 quod
555 654 598 690 et
628 649 716 690 illa
743 654 844 690 tres
872 650 1058 701 peperit
1079 649 1263 701 proles,
1298 650 1556 690 adulteram
1586 650 1761 701 reiecit,
1785 656 1829 688 et

199 719 418 770 prolibus
444 721 635 761 honeste
657 721 922 772 dispositis,
943 721 1183 761 confessus
1203 731 1287 771 est,
1310 728 1354 760 et
1372 732 1477 760 cum
1495 732 1638 760 vxore
1657 728 1826 761 manet.

209 790 292 830 Vir
313 791 502 842 quidam
521 804 614 832 vna
637 804 740 832 cum
762 803 926 842 vxore,
951 791 1092 831 filiam
1114 803 1253 842 quam
1275 791 1447 831 habent
1464 791 1650 831 vnicam
1668 791 1827 841 (horri-

203 861 292 901 bile
314 862 455 912 dictu)
478 863 524 902 in
547 863 855 903 concubinam
877 862 1102 902 dederant
1137 862 1323 902 cuidam
1357 860 1589 912 PraelatO,
1619 862 1697 913 qui
1719 862 1827 901 libc-

203 932 362 972 raliter
382 934 562 983 puellae
583 944 689 973 cum
709 933 979 984 parentibus
1000 933 1126 972 vitae
1153 932 1420 972 necessaria
1448 932 1757 982 ministrabat,
1781 933 1827 972 in

202 1003 500 1054 semetipsum
522 1003 662 1043 totius
683 1003 872 1043 sceleris
894 1003 1129 1054 accipiens
1146 1003 1381 1053 delictum,
1405 1003 1507 1042 illos
1520 1014 1712 1042 securos
1733 1009 1778 1042 et
1801 1016 1826 1042 a

204 1080 397 1122 peccato
421 1073 596 1114 alienos
624 1074 903 1114 affirmabat:
941 1073 1099 1114 audito
1122 1086 1235 1113 vero
1258 1074 1304 1113 in
1325 1074 1550 1113 concione
1571 1074 1826 1122 contrario,

203 1143 261 1182 ad
283 1143 623 1184 confessionem
639 1152 882 1195 venerunt;
902 1146 1069 1197 puella,
1098 1145 1285 1185 reiectis
1302 1145 1515 1184 omnibus
1532 1144 1681 1193 donis,
1704 1145 1750 1184 in
1766 1146 1826 1184 la-

203 1215 409 1266 chrymis
430 1223 474 1256 et
494 1216 660 1267 spiritu
681 1217 802 1256 bono
824 1216 1020 1268 proficit.
1050 1215 1156 1256 Duo
1184 1216 1262 1256 alii
1295 1216 1417 1255 vltra
1449 1222 1648 1267 quatuor
1679 1227 1826 1256 annos

204 1287 247 1326 in
259 1286 419 1336 form}
431 1287 586 1327 atione
602 1299 697 1326 vna
718 1288 950 1338 vixerunt3
985 1287 1063 1327 alii
1098 1287 1187 1326 duo
1223 1286 1467 1326 duodecim
1503 1292 1583 1326 aut
1606 1286 1827 1326 tredecim

202 1369 350 1397 annos
372 1358 430 1398 ad
451 1358 724 1398 scandalum
758 1360 1008 1398 multorum
1035 1361 1088 1397 vt
1117 1357 1324 1397 mamus
1354 1361 1397 1397 et
1427 1369 1556 1397 vxor
1584 1357 1728 1397 simul
1753 1369 1827 1396 szt—

201 1432 378 1467 mentes
411 1428 715 1479 domicilium,
737 1429 908 1479 statim,
946 1428 1265 1469 ecclesiastico
1300 1435 1538 1468 transacto
1560 1428 1822 1478 interdicto,

202 1499 497 1539 matrimonia
520 1500 813 1549 contrahent,
836 1500 960 1551 quod
986 1499 1216 1539 Dominus
1238 1498 1296 1539 ad
1323 1510 1456 1539 suam
1485 1499 1686 1550 gloriam
1707 1500 1825 1550 ipso-

201 1581 394 1621 rumque
411 1571 607 1610 salutem
628 1571 874 1610 concedere
890 1570 1122 1621 dignetur,
1143 1570 1216 1610 cui
1231 1581 1319 1619 me,
1335 1582 1428 1609 vna
1446 1581 1551 1609 cum
1570 1576 1667 1610 toto
1689 1570 1827 1610 huius

201 1648 389 1681 nostrae
411 1640 657 1681 Societatis
680 1648 828 1690 coetu,
851 1641 953 1681 Rde
982 1641 1133 1691 Pater,
1158 1641 1293 1680 vnice
1315 1641 1643 1681 commendare
1670 1641 1826 1692 digne-

207 1712 284 1761 ris,
309 1723 500 1763 quaeso.

283 1782 569 1833 Culenborgi
591 1783 649 1822 ad
671 1783 862 1823 Calend.
884 1782 1077 1835 Januar.
1107 1783 1262 1822 1550.

548 1853 606 1893 V.
634 1854 682 1894 P.
705 1865 869 1893 seruus
891 1854 1126 1904 indignus,

1162 1997 1416 2037 ARNOLDUS
1445 1997 1633 2037 Hsszms.

288 2209 348 2247 In
368 2213 542 2259 quarm
554 2211 742 2261 pagiua
761 2211 872 2250 llaec
888 2215 1074 2251 tautam
1091 2211 1342 2261 leguntur:
1362 2209 1417 2249 R.
1440 2208 1488 2248 P.
1513 2208 1708 2259 Ignatio.

284 2280 347 2319 Et
384 2279 479 2319 alea
511 2292 674 2320 mmm:
712 2282 812 2321 1556
845 2281 875 2333 †
908 2282 1135 2322 Louanio.
1174 2282 1524 2332 Quadrimestre
1559 2281 1631 2321 del
1663 2280 1833 2321 Genn.o

203 2350 395 2389 Emend.
