2020 3342
889 246 972 284 AN.
1010 245 1100 283 1556
1735 247 1804 285 ‘257

185 342 402 384 foeminis
423 343 629 395 quotidie
650 343 858 394 veniunt,
883 343 929 383 in
952 343 1116 395 quibus
1136 343 1357 394 pleraque
1379 343 1684 383 ostenduntur
1709 355 1803 384 non

185 415 382 455 obscure
403 413 657 454 indicantia
679 425 883 454 amorem
906 415 952 454 in
973 425 1058 454 nos
1080 414 1301 464 diuinum,
1325 413 1433 453 dum
1454 419 1498 454 et
1525 414 1639 454 vitia
1668 415 1804 454 extir-

186 491 355 537 pantur
377 485 625 525 ueterrima
646 485 821 537 pariter
843 491 886 525 et
908 485 1245 536 indignissima,
1270 490 1313 524 et
1334 486 1493 535 multa,
1517 496 1636 537 quae
1657 485 1706 525 vi
1727 492 1806 525 aut

185 556 290 597 dolo
312 562 447 608 parta
469 567 551 608 per
572 556 788 596 iniuriam
811 557 1145 607 retinebantur,
1168 556 1293 596 veris
1315 555 1514 596 dominis
1543 556 1805 608 rependun-

186 634 275 668 tur.
301 627 497 668 Accedit
518 635 821 667 sacrosantae
844 628 1154 667 eucharistiae
1183 627 1462 676 communio,
1493 639 1631 679 quam
1660 628 1803 668 maxi-

185 710 260 738 mo
283 698 442 750 populi
461 698 602 738 totius
624 698 745 738 bono
767 705 811 738 et
828 699 1041 749 exemplo
1060 698 1270 739 homines
1288 698 1348 749 pii
1366 698 1552 738 assidue
1572 704 1801 750 repetunt.

185 769 332 820 Quod,
357 769 463 809 licet
484 769 613 809 initio
636 770 867 810 morsibus
889 776 932 809 et
954 769 1370 810 obtrectationibus
1392 781 1484 810 non
1513 771 1700 810 omnino
1732 783 1803 811 ca-

183 840 288 891 ruit,
313 840 531 880 effectum
551 848 707 880 tamen
728 847 891 892 postea
912 841 1069 881 diuina
1093 853 1179 892 ope
1201 847 1270 881 est
1291 852 1348 880 ne
1379 841 1488 892 quid
1509 842 1685 881 illustre
1713 853 1804 882 ma-

182 911 255 962 gis
277 918 321 951 et
343 912 521 952 clarum
541 912 757 952 uideatur
779 913 1027 963 uniuersis,
1058 924 1199 964 quam
1227 912 1266 952 si
1292 923 1486 952 numero
1518 912 1698 964 piorum
1729 913 1803 952 hoss

183 982 358 1022 minum
379 983 598 1034 frequens
620 983 699 1022 fiat
722 983 951 1023 accessio:
978 995 1068 1034 qua
1091 983 1135 1022 in
1159 995 1207 1023 re
1228 989 1325 1022 tum
1348 983 1604 1023 monachos
1636 983 1730 1035 (qui
1759 984 1804 1023 in

182 1054 271 1094 hac
293 1054 481 1094 ciuitate
503 1061 609 1094 sunt
631 1055 806 1106 optimi,
831 1055 1065 1094 Dominici
1087 1061 1224 1106 atque
1241 1054 1562 1104 Franciscani)
1580 1055 1804 1095 habemus

184 1124 421 1165 auditores
443 1136 496 1164 ac
519 1137 776 1177 praecones
798 1137 953 1165 rerum
983 1131 1264 1175 nostrarum,
1297 1132 1393 1165 tum
1419 1126 1559 1165 etiam
1590 1126 1801 1165 sacerdo-

182 1202 266 1247 tes,
291 1196 568 1248 quicumque
590 1196 666 1236 hic
687 1204 793 1237 sunt
817 1197 1028 1237 doctrina
1052 1203 1095 1236 et
1117 1197 1366 1236 sanctitate
1390 1197 1610 1247 celebres,
1643 1204 1802 1248 aperto

182 1273 330 1307 marte
351 1267 528 1318 praelia
550 1274 710 1307 nostra
732 1268 988 1317 decertant,
1015 1279 1068 1307 ac
1090 1279 1192 1307 sese
1222 1279 1304 1318 pro
1333 1267 1464 1307 nobis
1495 1268 1696 1307 inuidiae
1731 1269 1802 1316 (si-

183 1337 332 1378 cunde
366 1339 573 1390 pullulet)
607 1345 868 1390 opponunt:
901 1338 1050 1379 studia
1086 1339 1360 1389 litterarum,
1393 1339 1431 1378 si
1453 1339 1638 1389 quando
1669 1340 1798 1390 alias,

180 1410 341 1460 uigent
362 1422 448 1450 nec
471 1410 753 1450 imminentis
781 1411 905 1450 veris
932 1411 1228 1461 intemperies
1258 1411 1554 1461 (quamquam
1588 1410 1703 1450 haec
1734 1423 1799 1451 re-

179 1482 257 1533 gio
279 1482 484 1522 aestibus
506 1482 891 1529 incommodetur)
916 1482 1247 1531 magistrorum
1269 1487 1348 1521 aut
1370 1480 1645 1521 discentium
1664 1493 1799 1521 cona-

178 1560 255 1593 tus
274 1552 511 1604 tepefecit:
537 1559 642 1592 sunt
664 1553 886 1604 morigeri
908 1559 950 1592 et
973 1552 1154 1592 honesti
1172 1552 1400 1603 discipuli,
1420 1558 1525 1592 sunt
1543 1552 1793 1593 confessio-

178 1635 289 1664 num
312 1630 356 1664 et
378 1623 690 1664 eucharistiae
712 1630 937 1675 amantes,
963 1630 1069 1663 sunt
1095 1624 1335 1664 literarum
1356 1624 1527 1675 cupidi,
1550 1630 1655 1664 sunt
1677 1624 1798 1664 deni-

179 1708 267 1748 que
288 1696 449 1747 quales
471 1701 599 1736 tuum
620 1695 852 1736 desiderat
873 1702 916 1735 et
939 1696 1087 1747 poscit
1109 1695 1382 1735 institutum.
1417 1695 1640 1735 Parentes
1669 1707 1795 1745 sane,

178 1767 271 1818 (qui
288 1767 360 1806 uel
376 1772 671 1818 praemature
688 1767 858 1807 liberos
874 1766 1006 1806 nobis
1024 1778 1131 1806 suos
1148 1765 1336 1806 tradunt
1352 1766 1662 1817 erudiendos),
1676 1778 1798 1806 nunc

178 1838 362 1878 demum
382 1838 578 1878 feliciter
599 1849 647 1878 se
669 1838 886 1888 genuisse
908 1838 1080 1877 liberos
1100 1837 1394 1889 praedicant,
1419 1837 1605 1888 quando
1636 1837 1681 1877 in
1710 1837 1798 1877 hoc

178 1910 276 1949 nati
298 1915 478 1960 tempus
501 1914 639 1960 atque
661 1909 846 1949 educati
867 1914 988 1948 sunt.
1018 1908 1189 1948 Multos
1218 1920 1306 1960 ego
1335 1909 1453 1948 inter
1483 1908 1661 1948 nobiles
1692 1909 1797 1948 ado·

176 1981 403 2020 lescentes
425 1991 526 2020 esse
548 1980 662 2031 scio,
688 1980 765 2031 qui
787 1980 896 2020 totis
917 1980 1038 2020 uotis
1061 1978 1308 2020 Societatis
1330 1986 1519 2019 nostrae
1547 1980 1634 2019 sibi
1664 1992 1797 2031 expe-

175 2057 276 2091 tunt
298 2052 486 2091 ianuam
507 2051 693 2102 aperiri,
719 2063 850 2103 quos,
874 2051 994 2091 sicut
1016 2051 1154 2091 Pater
1175 2051 1427 2091 Villanoua
1459 2050 1465 2068 ¹
1500 2063 1592 2090 non
1623 2051 1798 2090 iudicat

176 2122 334 2162 statim
355 2121 682 2173 admittendos,
707 2122 769 2162 ita
803 2122 861 2162 ad
887 2122 1283 2174 perseuerandum
1321 2123 1367 2162 in
1396 2122 1606 2162 honestis
1634 2122 1799 2161 studiis

176 2193 405 2244 hortatur,
431 2205 520 2245 quo
542 2193 830 2233 commodius
852 2198 1013 2244 postea
1037 2193 1194 2233 adulta
1213 2193 1304 2233 iam
1323 2199 1476 2233 aetate
1494 2192 1709 2243 religioni
1726 2192 1798 2232 de-

175 2265 409 2305 dicentur:
435 2265 684 2304 conciones
704 2264 832 2304 fuere
854 2264 899 2304 in
922 2276 1058 2304 sacro
1080 2264 1470 2316 quadragesimae
1493 2270 1699 2315 ternpore
1717 2263 1798 2304 Pa-

176 2336 259 2376 tris
282 2336 339 2376 D.
363 2335 549 2376 Salinae
569 2335 583 2353 ‘²
605 2336 786 2375 cunctis
807 2336 1129 2386 gratissimae:
1161 2342 1267 2375 sunt
1289 2335 1411 2375 enim
1433 2335 1662 2387 spirituali
1691 2347 1798 2386 quo-

176 2407 283 2446 dam
318 2406 615 2446 condimento
655 2418 919 2458 respersae,
958 2413 1286 2458 praeterquam
1316 2406 1437 2458 quod
1465 2406 1721 2446 eruditione
1752 2412 1796 2446 et

177 2483 422 2518 uenustate
456 2477 570 2517 mire
606 2478 815 2529 placent:
854 2490 939 2518 nec
975 2484 1043 2517 est
1077 2478 1201 2530 quod
1236 2478 1507 2529 singulatim
1541 2478 1796 2518 edisseram

177 2550 336 2601 quales
359 2549 598 2600 collegerit
621 2549 836 2589 Christus
859 2548 965 2601 Opt.
990 2549 1113 2589 Max.
1135 2549 1326 2600 fruetus,
1353 2550 1475 2589 iacto
1502 2549 1642 2589 diuini
1668 2549 1799 2589 uerbi

177 2620 350 2660 semine
386 2620 443 2660 ab
477 2620 565 2660 hoc
601 2619 704 2671 agri
739 2620 810 2660 sui
845 2621 1046 2669 cultore;
1085 2620 1359 2672 compendio
1393 2621 1567 2661 dixisse
1602 2619 1798 2660 sufficiat

177 2703 322 2732 vnum
343 2703 426 2743 pro
448 2690 620 2742 multiS,
644 2690 736 2731 imo
760 2697 804 2731 et
824 2703 909 2743 pro
934 2692 1129 2741 cunctiS‚
1154 2691 1198 2731 in
1227 2692 1314 2732 hac
1346 2691 1534 2732 ciuitate
1563 2691 1711 2731 amari
1744 2702 1799 2731 ac

174 2762 348 2814 suspici
368 2761 555 2802 Patrem
576 2761 713 2802 hunc.

252 2834 514 2885 Episcopus
535 2833 828 2884 placentinus
850 2832 863 2851 ⁵
886 2834 1015 2874 cuius
1036 2833 1125 2873 huc
1147 2845 1233 2874 nos
1254 2834 1468 2874 Christus
1490 2834 1704 2874 euocauit
1721 2833 1800 2873 mi-

229 2970 237 2990 ¹
279 2970 315 2997 P.
334 2969 537 2997 Franciscus
554 2970 592 2996 de
609 2970 828 2999 Villanueva.

226 3018 240 3036 '2
279 3018 315 3044 P.
332 3017 491 3044 Doctoris
507 3017 610 3044 Marci
629 3018 775 3046 Salinas.

229 3065 240 3082 ⁵
279 3064 438 3091 Cuticrrc
455 3065 494 3091 dc
512 3065 647 3099 Vargas
664 3065 839 3101 Carvajal.

387 3121 438 3158 T.
461 3135 512 3160 Ν.
1580 3133 1618 3168 ¹7
