2020 3342
913 277 995 314 AN.
1027 279 1118 316 1556
1750 283 1815 319 251

199 371 354 411 omnia
376 371 564 422 negotia
584 374 751 423 grauia
774 374 1122 425 deferebantur,
1146 386 1283 427 quem
1305 376 1351 415 in
1374 376 1511 416 rebus
1533 376 1683 416 dubiis
1713 389 1818 417 conu

198 441 431 488 sulebant,
461 444 705 483 sumebant
733 444 1037 495 aduocatum,
1068 446 1411 486 constituebant
1438 447 1658 498 iudicem,
1683 459 1820 499 quem

199 512 432 553 habebant
453 513 648 564 deusque
676 515 879 555 omnium
910 517 1370 568 exercitatissimum,
1395 518 1681 569 proindeque
1712 518 1819 558 dex-

199 583 439 624 terrimum
466 584 512 624 in
533 585 603 635 iis,
624 596 741 636 quae
764 587 821 627 ad
845 587 989 637 ipsius
1009 588 1279 628 facultatem
1300 589 1610 640 pertinebant:
1634 595 1677 630 et
1699 589 1820 641 quod

199 660 268 699 est
298 654 407 694 aliis
429 656 830 707 anteponendum,
861 666 961 699 erat
991 659 1037 698 in
1064 659 1201 699 rebus
1227 659 1480 700 christiane
1501 671 1554 700 ac
1574 672 1694 701 sana
1716 672 1821 701 cum

199 725 482 766 conscientia
514 728 772 768 tractandis
806 729 935 769 velut
965 730 1199 781 specimen
1229 730 1465 781 quoddam
1492 734 1536 771 et
1566 733 1819 783 exemplem

199 796 366 848 quippe
386 797 464 848 qui
490 797 642 838 solam
671 800 916 840 ueritatem
944 801 1184 841 tutandam
1212 801 1493 852 susciperet,
1524 808 1568 842 et
1589 802 1646 842 ad
1675 814 1723 842 se
1751 804 1822 843 sui

199 867 469 908 consulendi
497 869 651 920 gratia
684 871 1034 920 accedentibus,
1063 873 1173 924 quid
1199 873 1422 913 haberent
1453 873 1678 924 iustitiae,
1713 874 1822 926 quid

198 938 375 989 iniusti,
400 939 574 991 absque
597 941 686 980 ullo
707 941 813 981 fuco
835 942 1110 983 declararet.

277 1008 456 1050 Doctor
475 1011 616 1051 etiam
638 1012 769 1062 alius,
793 1014 1095 1054 concionator
1116 1015 1328 1065 eximius,
1355 1022 1568 1067 receptus
1590 1022 1671 1066 cst,
1692 1017 1824 1057 cuius

198 1092 365 1121 nomen
386 1092 468 1132 per
489 1081 759 1123 vniuersam
779 1084 1008 1124 Castellae
1031 1085 1321 1136 prouinciam
1339 1092 1434 1126 tam
1454 1086 1546 1127 late
1567 1088 1822 1138 spargeba-

197 1156 296 1201 tur,
316 1158 364 1192 ut
385 1153 523 1204 pauci
546 1153 798 1194 admodum
819 1161 988 1205 essent,
1013 1156 1090 1207 qui
1112 1158 1183 1196 uel
1205 1156 1260 1197 de
1283 1157 1585 1198 concionibus
1606 1158 1725 1206 eius,
1751 1159 1824 1199 uel

199 1222 253 1263 de
281 1223 404 1264 uitae
439 1224 749 1265 sanctimonia
774 1237 865 1266 non
896 1226 1154 1267 audissent:
1184 1228 1222 1268 is
1257 1228 1413 1268 statim
1450 1235 1587 1280 atque
1622 1242 1647 1269 a
1685 1229 1823 1270 Patre

201 1293 449 1335 Villanoua
474 1295 557 1335 suit
579 1295 822 1347 admissus,
847 1296 1075 1338 Murciam
1096 1310 1202 1338 cum
1224 1299 1361 1339 Patre
1383 1299 1439 1339 D.
1460 1299 1638 1340 Mironc
1656 1301 1824 1341 missus

198 1372 281 1416 est,
307 1365 517 1418 idemque
540 1378 698 1407 seeum
721 1367 882 1408 detulit
905 1381 1009 1409 cum
1031 1369 1135 1410 indc
1158 1370 1448 1418 Valentiam,
1472 1371 1550 1411 ubi
1572 1372 1824 1413 conciones

197 1436 310 1487 eius,
334 1448 450 1488 quas
471 1437 736 1489 frequenter
758 1438 917 1490 habet,
942 1440 1110 1480 mirum
1132 1441 1177 1481 in
1200 1441 1387 1481 modum
1409 1447 1573 1492 gratae
1594 1449 1715 1483 sunt.

275 1508 458 1548 Tertius
480 1508 562 1549 fuit
585 1509 857 1550 adolescens
878 1511 1080 1562 quidam,
1101 1524 1266 1562 annos,
1287 1513 1332 1552 ni
1349 1512 1498 1563 fallor,
1518 1519 1655 1554 natus
1678 1514 1823 1564 uigin-

196 1579 229 1618 ti
252 1579 388 1630 duos‚
413 1580 488 1630 qui
509 1592 592 1620 sex
612 1592 762 1621 annos
783 1582 1030 1623 continuos
1052 1584 1297 1635 collegium
1326 1591 1535 1626 nostrum
1558 1586 1819 1637 frequenta-

198 1656 353 1698 uerat,
391 1656 629 1703 totumque
665 1663 714 1693 se
748 1653 940 1694 dederat
975 1654 1254 1706 recipiendis
1283 1657 1591 1697 sacramentis
1628 1657 1824 1708 aliisque

196 1721 283 1773 piis
307 1722 538 1773 operibus.
562 1722 732 1764 Fuerat
757 1724 795 1764 is
817 1725 996 1776 collega
1024 1725 1256 1777 trilinguis
1278 1728 1447 1767 multos
1469 1739 1638 1778 annos,
1662 1734 1707 1768 et
1727 1734 1824 1768 tan-

197 1799 294 1833 tum
316 1792 361 1833 in
382 1793 553 1844 linguis
581 1794 897 1846 addiscendis,
923 1796 968 1836 in
993 1807 1168 1847 graeca
1195 1798 1510 1849 potissimum,
1541 1799 1822 1851 profecerat,

195 1872 245 1904 ut
267 1864 328 1913 ei,
353 1865 391 1905 si
421 1876 515 1905 non
545 1866 720 1917 primas
750 1878 836 1907 nec
866 1868 1116 1919 secundas,
1148 1876 1272 1909 certe
1301 1870 1357 1910 iis
1393 1870 1632 1921 proximas
1665 1877 1825 1922 partes

196 1935 316 1975 inter
338 1935 677 1988 adolescentes,
702 1937 779 1989 qui
801 1938 912 1978 dant
942 1950 1132 1990 operam
1162 1940 1328 1980 studiis
1350 1941 1720 1992 humanioribus,
1746 1942 1824 1982 tri-

195 2006 354 2047 buant:
378 2007 437 2047 ad
459 2007 574 2048 haec
603 2008 803 2059 accedit,
826 2009 950 2061 quod
971 2009 1086 2050 duos
1117 2022 1266 2051 annos
1295 2011 1511 2052 liberales
1542 2019 1668 2052 artes
1698 2013 1825 2053 audi-

196 2078 331 2118 uerit.

275 2149 480 2200 Quartus
501 2150 608 2190 huic
630 2152 856 2192 successit
877 2152 1165 2204 adolescens,
1188 2153 1379 2215 ega‘t‘mz'is
1401 2160 1444 2194 et
1466 2154 1663 2195 virtutis
1682 2161 1726 2195 et
1748 2167 1825 2195 na-

195 2226 327 2260 turae
347 2221 480 2260 bonis
501 2234 527 2261 a
550 2220 650 2261 Deo
672 2221 892 2273 donatus,
916 2223 1047 2264 cuius
1076 2224 1200 2265 uitae
1221 2225 1416 2265 mutatio
1445 2237 1471 2265 a
1493 2226 1649 2266 multis
1670 2225 1825 2267 docto-

195 2291 322 2331 ribus
344 2303 399 2332 ac
429 2292 723 2333 scholasticis
753 2299 823 2333 est
852 2294 1203 2343 animaduersa3
1241 2296 1505 2336 absoluerat
1533 2297 1626 2337 iam
1655 2297 1826 2337 artium

196 2374 398 2403 cursum.
436 2362 580 2403 Nobis
611 2364 825 2416 equidem
855 2366 995 2406 talem
1025 2366 1081 2406 de
1116 2378 1164 2406 se
1200 2367 1390 2418 praebet
1423 2379 1574 2419 spem,
1609 2374 1658 2408 ut
1687 2368 1825 2409 confi-

197 2432 324 2474 denti
347 2434 501 2474 animo
525 2435 771 2476 credamus
791 2447 884 2476 non
905 2437 1054 2477 solum
1075 2448 1169 2477 non
1191 2438 1518 2489 decepturum,
1543 2450 1682 2490 quam
1704 2451 1826 2479 com-

196 2512 422 2556 mouerat,
446 2507 838 2558 expectationem,
863 2508 944 2548 sed
965 2519 1137 2559 magna
1160 2521 1217 2548 ex
1239 2515 1371 2560 parte
1394 2510 1641 2550 uicturum.

275 2575 411 2617 Hunc
433 2577 523 2618 duo
545 2578 644 2618 eius
665 2579 969 2631 condiscipuli
990 2580 1106 2620 bene
1129 2580 1252 2620 docti
1274 2588 1381 2621 sunt
1403 2581 1602 2632 sequuti.

274 2647 386 2688 Post
407 2648 493 2688 hos
513 2649 634 2689 idem
655 2651 892 2691 contendit
914 2651 1082 2691 obnixe
1104 2651 1325 2692 sacerdos
1347 2651 1551 2703 quidam,
1574 2656 1618 2692 et
1640 2652 1827 2692 tandem

196 2717 375 2759 diutino
399 2719 455 2759 de
476 2719 647 2760 uirtute
669 2721 787 2771 eius,
818 2722 985 2762 litteris
1007 2733 1061 2762 ac
1093 2723 1469 2774 perseuerantia,
1500 2723 1626 2764 facto
1649 2724 1826 2774 experi-

195 2796 368 2840 mento,
407 2790 528 2842 quod
563 2797 808 2843 tantopere
842 2793 1144 2845 concupierat
1173 2799 1241 2833 est
1270 2799 1527 2834 assecutus.
1566 2794 1611 2834 Is
1645 2794 1691 2834 in
1726 2794 1826 2834 iure

196 2861 423 2901 canonico
440 2861 778 2903 baccalaureus
795 2870 878 2913 est,
898 2864 945 2904 in
959 2865 1136 2904 artibus
1153 2865 1428 2914 licentiatus,
1444 2871 1682 2916 postremo
1700 2865 1825 2905 theo-

198 2932 357 2983 logus,
381 2933 458 2983 qui
479 2933 661 2981 maluit,
684 2933 842 2974 diuino
864 2935 1057 2975 consilio
1080 2936 1303 2985 monitus,
1328 2935 1479 2976 nudus
1499 2936 1674 2976 nudum
1696 2936 1826 2987 sequi

197 3003 451 3051 Christum,
478 3016 616 3057 quam
638 3005 826 3056 diuitiis,
850 3006 1015 3057 quibus
1039 3006 1326 3057 abundabat,
1352 3019 1406 3046 ac
1428 3007 1666 3048 hominum
1692 3008 1824 3048 aesti-

197 3074 400 3114 matione
421 3073 610 3125 perfrui.
