2020 3342
854 259 937 296 AN.
975 259 1065 296 1556
1700 257 1770 294 593

228 354 389 395 Studio
410 361 454 394 et
482 355 803 396 beneuolentia
833 356 905 406 (nt
931 355 1038 394 inde
1064 354 1333 403 ordiamur)
1361 353 1576 404 opinione
1602 353 1767 391 maiori

142 426 206 465 ‘ab
228 425 473 476 oppidanis
495 426 669 476 pariter
690 433 734 466 et
755 426 1076 466 uniuersitatis
1092 425 1374 475 magistratu
1391 422 1575 473 excepti
1592 433 1767 471 sumus;

149 495 413 547 praefectus
441 496 760 536 Vniuersitatis
790 497 799 513 “
828 496 1094 547 praecipuis
1120 494 1389 535 academiae
1418 493 1554 533 huius
1582 492 1768 532 comita-

150 574 223 606 tus
261 565 603 617 professoribus
642 566 677 616 ⁹·,
718 567 940 618 postridie
975 578 1113 617 quam
1148 565 1506 617 appuHssemus,
1550 566 1593 602 et
1631 562 1771 602 etiam

150 648 253 677 cnm
274 636 287 656 ⁵
308 637 355 677 in
377 637 636 677 diuersorio
661 649 927 688 ageremus,
961 637 1232 678 solemniter
1256 647 1342 675 nos
1372 634 1551 683 inuisit,
1576 644 1769 684 congra-

149 707 297 748 tulari
318 706 349 757 ⁴,
375 714 420 748 et
452 707 681 748 aduentus
708 708 856 748 nostri
883 719 1074 748 causam
1105 707 1277 755 edocti,
1310 705 1631 746 liberalissime
1666 715 1768 755 ope-

150 790 250 819 ram
271 790 404 818 suam
426 785 653 830 quotquot
674 779 869 819 aderant
891 779 1084 830 polliciti
1105 784 1226 818 sunt:
1258 788 1344 817 nec
1366 776 1412 816 id
1441 775 1602 825 modo,
1624 774 1707 814 sed
1727 780 1772 813 et

148 850 378 900 promissa
407 849 568 890 sedulo
603 851 951 901 praestiterunt.
980 849 1219 889 Hactenus
1244 859 1394 899 neque
1424 846 1668 887 consilium
1697 857 1771 885 ne-

148 932 235 971 que
269 921 493 960 auxilium
530 922 671 961 ullum
705 921 879 961 frustra
909 933 934 961 a
971 921 1191 972 quopiam
1225 919 1420 959 istorum
1454 917 1651 969 petitum
1687 922 1770 966 est,

148 991 240 1030 imo
262 992 491 1041 nonnulli,
517 992 639 1043 quod
661 993 816 1032 acrius
836 999 993 1043 partes
1021 997 1206 1031 nostras
1226 990 1518 1038 intueantur,
1544 987 1771 1039 improbo-

150 1073 253 1101 rum
274 1063 535 1102 calumnias
557 1063 756 1103 euadere
777 1075 870 1102 non
891 1069 1157 1114 potuerunt.

228 1132 449 1173 Facultas
481 1134 769 1184 theologica,
807 1145 930 1173 nono
967 1134 1024 1173 ab
1059 1133 1261 1173 aduentu
1300 1139 1457 1172 nostro
1486 1131 1579 1179 die,
1617 1129 1774 1169 nescio

151 1210 262 1255 quot
296 1204 392 1243 uini
428 1204 441 1223 ⁵
476 1205 692 1252 sextariis
728 1212 896 1245 onusta
929 1203 958 1252 ὃ,
996 1203 1340 1255 gratificatum,
1377 1201 1662 1242 domicilium
1696 1212 1772 1240 no-

151 1280 298 1314 strum
320 1275 541 1325 accessit,
565 1275 841 1326 promittens
863 1276 971 1315 item
993 1275 1185 1326 pulchre
1208 1274 1378 1323 omnia,
1403 1273 1484 1312 sed
1505 1271 1627 1323 quod
1649 1271 1775 1311 theo-

151 1346 366 1395 logorum
387 1355 656 1385 nostrorum
677 1346 887 1397 diligenti
907 1345 1152 1385 sedulitate
1174 1352 1218 1385 et
1238 1344 1399 1384 sedula
1420 1342 1658 1393 diligentia
1683 1342 1775 1392 opi-

150 1417 278 1456 nioni
300 1428 411 1456 suae
433 1417 642 1457 nonnihil
667 1416 892 1457 decedere
920 1416 1096 1466 uideat,
1120 1427 1212 1456 non
1243 1414 1433 1467 perinde
1464 1425 1611 1465 aequa
1643 1412 1776 1452 nobis

152 1486 379 1533 creditur,
404 1498 495 1527 non
519 1494 675 1527 tamen
696 1488 860 1527 studiis
889 1487 1060 1527 nostris
1088 1493 1247 1537 aperte
1270 1485 1495 1534 detrahit,
1520 1484 1601 1524 sed
1623 1483 1776 1533 potius

148 1557 290 1607 fauet,
315 1557 381 1597 z'la
398 1562 450 1598 ut
461 1558 613 1608 facile
634 1569 898 1609 cognoscas
919 1558 1001 1608 qui
1017 1569 1139 1608 erga
1160 1568 1247 1596 nos
1268 1556 1450 1606 assecta
1471 1555 1549 1594 sit.

230 1628 432 1669 Domum
454 1630 722 1669 habitamus
743 1633 786 1669 et
812 1628 1102 1680 splendidam
1130 1632 1172 1668 et
1203 1627 1378 1677 altam,
1405 1626 1615 1676 adeoque
1641 1637 1777 1676 capa·

152 1711 271 1750 cem,
301 1707 349 1739 ut
379 1700 470 1740 tria
491 1700 627 1740 facile
651 1700 858 1750 Collegia
882 1699 1157 1750 (cuiusmodi
1179 1705 1392 1744 nostrum
1410 1697 1422 1716 ⁷
1440 1699 1524 1745 est)
1544 1696 1773 1736 admittat.

153 1770 401 1810 Caeterum
426 1771 681 1822 penetralia
704 1771 801 1810 eius
824 1770 979 1810 omnia
1001 1778 1044 1810 et
1066 1769 1464 1820 contignationem
1482 1768 1621 1808 etiam
1637 1778 1777 1807 unam

152 1848 290 1893 atque
327 1843 526 1881 alteram
563 1842 843 1882 uniuersitas
879 1848 1155 1893 occupatam
1192 1847 1338 1890 tenet,
1380 1851 1543 1880 verum
1578 1839 1778 1889 idipsum

152 1913 325 1964 absque
357 1912 455 1952 ullo
484 1920 646 1952 nostro
684 1913 991 1952 incommodo.
1031 1912 1166 1963 Quod
1200 1912 1246 1951 sl
1271 1911 1464 1962 aliquod
1483 1914 1622 1960 esset,
1648 1909 1778 1949 mini-

152 1984 239 2023 mis
260 1984 477 2034 expensis
498 1995 621 2023 noua
644 1984 864 2035 pleraque
890 1983 989 2023 fieri
1015 1990 1205 2034 possent
1229 1983 1455 2023 cubicula.
1480 1981 1613 2021 Hanc
1631 1981 1777 2031 supel—

151 2054 291 2094 lectili
312 2067 471 2094 rerum
492 2055 790 2095 familiarium
811 2053 956 2094 Ducis
984 2053 998 2072 ⁸
1028 2054 1282 2094 liberalitas
1308 2052 1678 2104 splendidissime
1709 2063 1776 2091 or-

150 2126 294 2165 nauit:
321 2127 544 2165 librorum
566 2126 795 2176 theologis
817 2126 990 2165 nostris
1011 2124 1357 2176 suppeditatum
1374 2130 1441 2163 est
1459 2130 1682 2174 quantum
1698 2134 1776 2162 vo-

151 2197 348 2236 luerunt:
374 2196 419 2236 in
441 2197 590 2236 literis
611 2196 900 2247 politioribus
921 2196 1106 2235 uberior
1127 2197 1260 2246 copia
1284 2206 1384 2234 esse
1406 2201 1608 2245 poterat,
1633 2205 1742 2232 nom
1763 2192 1777 2237 ⁹,

152 2275 195 2305 ct
208 2266 314 2306 Dux
331 2266 620 2306 summulam
642 2266 669 2284 ¹⁰
686 2266 934 2317 quamdam
951 2267 1261 2306 nummariam
1278 2265 1406 2305 hisce
1422 2265 1551 2304 libris
1568 2269 1776 2304 co'e'men-

153 2338 222 2377 dis
244 2338 419 2378 statuit.
450 2338 533 2377 His
554 2338 768 2377 omnibns
789 2337 986 2377 accessit
1008 2338 1143 2376 uinea
1166 2337 1396 2388 quaedam
1417 2336 1678 2384 mediocris,
1700 2346 1776 2374 no-

208 2545 215 2564 ¹
256 2544 472 2579 “Magnificus
490 2545 618 2572 Doctor
634 2545 791 2578 Baptista
812 2545 948 2577 XVeber,
965 2545 1213 2572 Universitatis
1236 2544 1378 2577 Rector„
1393 2544 1534 2571 Relatio
1556 2550 1670 2571 annot.
1686 2552 1781 2578 prae-

153 2593 285 2619 cedenti
302 2597 506 2619 memorata.

204 2640 217 2658 ²*
256 2640 402 2667 “Doctor
423 2639 627 2666 Franciscus
653 2639 1010 2671 Zoannettus,11alus.
1036 2639 1164 2666 Doctor
1182 2639 1330 2672 Joannes
1352 2640 1526 2673 Agricola,
1543 2639 1777 2666 Camerarius.

152 2687 279 2714 Doctor
301 2687 462 2714 Nicolaus
479 2687 650 2722 Frysius.„
667 2687 756 2713 Ihz'd.

206 2737 219 2756 5
260 2743 338 2762 cum
355 2735 469 2762 etiam.
487 2734 680 2761 POLAxcus.

203 2787 216 2804 ⁴
254 2784 493 2817 congratulati
509 2790 601 2815 ergo.
619 2781 670 2808 Io.

203 2831 218 2851 5
254 2831 397 2858 “Vinum
414 2831 644 2856 honorarium
661 2829 898 2862 (Elzrenwein)
912 2830 942 2857 id
960 2834 1064 2863 eran„
1079 2830 1359 2863 BRAUNSBERGER,
1375 2832 1394 2857 l.
1412 2839 1428 2858 c
1446 2839 1538 2864 ,pag
1550 2831 1612 2864 723,
1626 2835 1739 2857 annot.
1754 2831 1781 2856 6.

203 2877 218 2898 6
253 2884 317 2913 pro
335 2886 429 2905 more
444 2878 550 2904 lzttz'ns
569 2878 725 2910 regionis
740 2878 869 2904 addidit
886 2877 1067 2904 Polancus.

205 2929 217 2947 7
260 2927 359 2953 modo
375 2926 515 2953 addidit.
533 2925 581 2952 Id.

210 2976 224 2996 3
264 2975 437 3001 Bavariae
459 2972 573 3004 Ducis,
601 2972 733 2999 Alberti
751 2972 791 2998 V.

209 3021 223 3041 9
261 3023 333 3049 sed.
351 3022 539 3048 Pomxcus.

190 3070 218 3091 ¹0
257 3077 448 3096 smnmam.
472 3069 520 3096 10.

369 3127 418 3162 T.
444 3139 492 3163 iv.
1561 3127 1602 3170 38
