<?xml version="1.0" encoding="UTF-8"?>
<!DOCTYPE html PUBLIC "-//W3C//DTD XHTML 1.0 Transitional//EN"
    "http://www.w3.org/TR/xhtml1/DTD/xhtml1-transitional.dtd">
<html xmlns="http://www.w3.org/1999/xhtml" xml:lang="en" lang="en">
 <head>
  <title>
</title>
<meta http-equiv="Content-Type" content="text/html;charset=utf-8" />
  <meta name='ocr-system' content='tesseract 3.04.00' />
  <meta name='ocr-capabilities' content='ocr_page ocr_carea ocr_par ocr_line ocrx_word'/>
</head>
<body>
  <div class='ocr_page' id='page_1' title='image "./litteraequadrime16lain_0441.png"; bbox 0 0 2020 3342; ppageno 0'>
   <div class='ocr_carea' id='block_1_1' title="bbox 853 264 1760 306">
    <p class='ocr_par' dir='ltr' id='par_1_1' title="bbox 853 264 1760 306">
     <span class='ocr_line' id='line_1_1' title="bbox 853 264 1760 306; baseline 0.007 -7"><span class='ocrx_word' id='word_1_1' title='bbox 853 264 930 299; x_wconf 79' lang='grc' dir='ltr'>ΑΝ.</span> <span class='ocrx_word' id='word_1_2' title='bbox 961 264 1051 301; x_wconf 76' lang='grc'>1556</span> <span class='ocrx_word' id='word_1_3' title='bbox 1690 268 1760 306; x_wconf 69' lang='lat'>435</span> 
     </span>
    </p>
   </div>
   <div class='ocr_carea' id='block_1_2' title="bbox 132 358 1763 1898">
    <p class='ocr_par' dir='ltr' id='par_1_2' title="bbox 135 358 1763 1263">
     <span class='ocr_line' id='line_1_2' title="bbox 138 358 1762 414; baseline 0.004 -17"><span class='ocrx_word' id='word_1_4' title='bbox 138 358 337 398; x_wconf 90' lang='lat' dir='ltr'>siensem</span> <span class='ocrx_word' id='word_1_5' title='bbox 358 359 661 410; x_wconf 80' lang='lat' dir='ltr'>praescripsit</span> <span class='ocrx_word' id='word_1_6' title='bbox 682 371 817 400; x_wconf 88' lang='lat' dir='ltr'>vnus.</span> <span class='ocrx_word' id='word_1_7' title='bbox 840 359 1023 414; x_wconf 84' lang='lat' dir='ltr'>Reliqui</span> <span class='ocrx_word' id='word_1_8' title='bbox 1044 361 1133 402; x_wconf 89' lang='lat' dir='ltr'>duo</span> <span class='ocrx_word' id='word_1_9' title='bbox 1155 368 1260 402; x_wconf 92' lang='lat' dir='ltr'>sunt</span> <span class='ocrx_word' id='word_1_10' title='bbox 1281 362 1413 402; x_wconf 90' lang='lat' dir='ltr'>nobis</span> <span class='ocrx_word' id='word_1_11' title='bbox 1441 363 1659 414; x_wconf 88' lang='lat' dir='ltr'>copulati.</span> <span class='ocrx_word' id='word_1_12' title='bbox 1684 364 1762 403; x_wconf 89' lang='lat' dir='ltr'>Al-</span> 
     </span>
     <span class='ocr_line' id='line_1_3' title="bbox 137 429 1759 485; baseline 0.004 -17"><span class='ocrx_word' id='word_1_13' title='bbox 137 436 286 469; x_wconf 90' lang='lat' dir='ltr'>terum</span> <span class='ocrx_word' id='word_1_14' title='bbox 307 429 492 470; x_wconf 92' lang='lat' dir='ltr'>nomine</span> <span class='ocrx_word' id='word_1_15' title='bbox 514 430 757 470; x_wconf 83' lang='lat' dir='ltr'>Gutierrez</span> <span class='ocrx_word' id='word_1_16' title='bbox 779 442 837 471; x_wconf 85' lang='lat' dir='ltr'>ex</span> <span class='ocrx_word' id='word_1_17' title='bbox 859 443 960 472; x_wconf 93' lang='lat' dir='ltr'>meo</span> <span class='ocrx_word' id='word_1_18' title='bbox 982 433 1104 472; x_wconf 89' lang='lat' dir='ltr'>nosti</span> <span class='ocrx_word' id='word_1_19' title='bbox 1125 432 1364 485; x_wconf 85' lang='lat' dir='ltr'>superiore</span> <span class='ocrx_word' id='word_1_20' title='bbox 1384 433 1699 485; x_wconf 87' lang='lat' dir='ltr'>chirographo</span> <span class='ocrx_word' id='word_1_21' title='bbox 1734 433 1759 482; x_wconf 88' lang='lat'>¹,</span> 
     </span>
     <span class='ocr_line' id='line_1_4' title="bbox 139 499 1763 555; baseline 0.004 -17"><span class='ocrx_word' id='word_1_22' title='bbox 139 499 321 539; x_wconf 85' lang='lat' dir='ltr'>interim</span> <span class='ocrx_word' id='word_1_23' title='bbox 343 500 466 551; x_wconf 91' lang='lat' dir='ltr'>quod</span> <span class='ocrx_word' id='word_1_24' title='bbox 493 506 680 540; x_wconf 87' lang='lat' dir='ltr'>taxatos</span> <span class='ocrx_word' id='word_1_25' title='bbox 706 512 760 540; x_wconf 91' lang='lat' dir='ltr'>ac</span> <span class='ocrx_word' id='word_1_26' title='bbox 789 503 1090 552; x_wconf 88' lang='lat' dir='ltr'>praestitutos</span> <span class='ocrx_word' id='word_1_27' title='bbox 1113 503 1210 544; x_wconf 91' lang='lat' dir='ltr'>dies</span> <span class='ocrx_word' id='word_1_28' title='bbox 1237 504 1385 544; x_wconf 88' lang='lat' dir='ltr'>solitis</span> <span class='ocrx_word' id='word_1_29' title='bbox 1416 504 1763 555; x_wconf 76' lang='lat' dir='ltr'>precationibus</span> 
     </span>
     <span class='ocr_line' id='line_1_5' title="bbox 138 571 1758 625; baseline 0.004 -16"><span class='ocrx_word' id='word_1_30' title='bbox 138 576 183 610; x_wconf 92' lang='lat' dir='ltr'>et</span> <span class='ocrx_word' id='word_1_31' title='bbox 204 571 440 610; x_wconf 88' lang='lat' dir='ltr'>exercitiis</span> <span class='ocrx_word' id='word_1_32' title='bbox 460 571 761 621; x_wconf 82' lang='lat' dir='ltr'>impenderet.</span> <span class='ocrx_word' id='word_1_33' title='bbox 786 571 1049 613; x_wconf 78' lang='lat' dir='ltr'>Matthaeus</span> <span class='ocrx_word' id='word_1_34' title='bbox 1075 573 1304 614; x_wconf 90' lang='lat' dir='ltr'>Didonius</span> <span class='ocrx_word' id='word_1_35' title='bbox 1325 573 1339 592; x_wconf 75' lang='lat'>²</span> <span class='ocrx_word' id='word_1_36' title='bbox 1361 580 1556 615; x_wconf 91' lang='lat' dir='ltr'>uocatur</span> <span class='ocrx_word' id='word_1_37' title='bbox 1577 575 1758 625; x_wconf 90' lang='lat' dir='ltr'>tertius,</span> 
     </span>
     <span class='ocr_line' id='line_1_6' title="bbox 138 640 1759 697; baseline 0.004 -17"><span class='ocrx_word' id='word_1_38' title='bbox 138 646 268 691; x_wconf 88' lang='lat' dir='ltr'>patre</span> <span class='ocrx_word' id='word_1_39' title='bbox 286 640 516 681; x_wconf 89' lang='lat' dir='ltr'>Roderico</span> <span class='ocrx_word' id='word_1_40' title='bbox 539 641 755 692; x_wconf 86' lang='lat' dir='ltr'>Didonio,</span> <span class='ocrx_word' id='word_1_41' title='bbox 778 642 1104 685; x_wconf 90' lang='lat' dir='ltr'>Methimnensi</span> <span class='ocrx_word' id='word_1_42' title='bbox 1126 645 1246 695; x_wconf 87' lang='lat' dir='ltr'>ciue,</span> <span class='ocrx_word' id='word_1_43' title='bbox 1267 645 1344 697; x_wconf 89' lang='lat' dir='ltr'>qui</span> <span class='ocrx_word' id='word_1_44' title='bbox 1359 646 1617 697; x_wconf 84' lang='lat' dir='ltr'>principem</span> <span class='ocrx_word' id='word_1_45' title='bbox 1633 652 1678 686; x_wconf 90' lang='lat' dir='ltr'>et</span> <span class='ocrx_word' id='word_1_46' title='bbox 1697 645 1759 685; x_wconf 82' lang='lat' dir='ltr'>fa-</span> 
     </span>
     <span class='ocr_line' id='line_1_7' title="bbox 137 712 1761 768; baseline 0.004 -17"><span class='ocrx_word' id='word_1_47' title='bbox 137 712 384 752; x_wconf 86' lang='lat' dir='ltr'>cultatibus</span> <span class='ocrx_word' id='word_1_48' title='bbox 405 718 449 752; x_wconf 89' lang='lat' dir='ltr'>et</span> <span class='ocrx_word' id='word_1_49' title='bbox 468 713 771 753; x_wconf 86' lang='lat' dir='ltr'>beneficentia</span> <span class='ocrx_word' id='word_1_50' title='bbox 792 713 840 754; x_wconf 92' lang='lat' dir='ltr'>in</span> <span class='ocrx_word' id='word_1_51' title='bbox 859 715 1095 765; x_wconf 82' lang='lat' dir='ltr'>republica</span> <span class='ocrx_word' id='word_1_52' title='bbox 1124 722 1249 756; x_wconf 92' lang='lat' dir='ltr'>tenet</span> <span class='ocrx_word' id='word_1_53' title='bbox 1270 716 1445 767; x_wconf 88' lang='lat' dir='ltr'>locum,</span> <span class='ocrx_word' id='word_1_54' title='bbox 1475 728 1585 757; x_wconf 91' lang='lat' dir='ltr'>nam</span> <span class='ocrx_word' id='word_1_55' title='bbox 1611 729 1761 768; x_wconf 90' lang='lat' dir='ltr'>neque</span> 
     </span>
     <span class='ocr_line' id='line_1_8' title="bbox 136 783 1760 834; baseline 0.004 -13"><span class='ocrx_word' id='word_1_56' title='bbox 136 788 180 821; x_wconf 89' lang='lat' dir='ltr'>te</span> <span class='ocrx_word' id='word_1_57' title='bbox 201 783 312 822; x_wconf 90' lang='lat' dir='ltr'>latet</span> <span class='ocrx_word' id='word_1_58' title='bbox 333 783 518 834; x_wconf 87' lang='lat' dir='ltr'>quantis</span> <span class='ocrx_word' id='word_1_59' title='bbox 539 783 867 824; x_wconf 88' lang='lat' dir='ltr'>beneficiorum</span> <span class='ocrx_word' id='word_1_60' title='bbox 883 786 1146 826; x_wconf 90' lang='lat' dir='ltr'>nominibus</span> <span class='ocrx_word' id='word_1_61' title='bbox 1163 786 1222 826; x_wconf 92' lang='lat' dir='ltr'>sit</span> <span class='ocrx_word' id='word_1_62' title='bbox 1238 787 1313 826; x_wconf 91' lang='lat' dir='ltr'>ille</span> <span class='ocrx_word' id='word_1_63' title='bbox 1330 786 1385 827; x_wconf 91' lang='lat' dir='ltr'>de</span> <span class='ocrx_word' id='word_1_64' title='bbox 1403 787 1534 827; x_wconf 86' lang='lat' dir='ltr'>nobis</span> <span class='ocrx_word' id='word_1_65' title='bbox 1552 787 1760 828; x_wconf 91' lang='lat' dir='ltr'>beneme-</span> 
     </span>
     <span class='ocr_line' id='line_1_9' title="bbox 136 853 1759 907; baseline 0.004 -14"><span class='ocrx_word' id='word_1_66' title='bbox 136 853 267 893; x_wconf 86' lang='lat' dir='ltr'>ritus.</span> <span class='ocrx_word' id='word_1_67' title='bbox 291 853 455 894; x_wconf 82' lang='lat' dir='ltr'>Annos</span> <span class='ocrx_word' id='word_1_68' title='bbox 476 853 638 894; x_wconf 90' lang='lat' dir='ltr'>decern</span> <span class='ocrx_word' id='word_1_69' title='bbox 659 862 703 895; x_wconf 89' lang='lat' dir='ltr'>et</span> <span class='ocrx_word' id='word_1_70' title='bbox 723 864 828 895; x_wconf 90' lang='lat' dir='ltr'>octo</span> <span class='ocrx_word' id='word_1_71' title='bbox 849 856 1053 896; x_wconf 88' lang='lat' dir='ltr'>nondum</span> <span class='ocrx_word' id='word_1_72' title='bbox 1075 858 1277 898; x_wconf 88' lang='lat' dir='ltr'>excessit</span> <span class='ocrx_word' id='word_1_73' title='bbox 1300 858 1574 899; x_wconf 86' lang='lat' dir='ltr'>adolescens</span> <span class='ocrx_word' id='word_1_74' title='bbox 1595 859 1691 907; x_wconf 78' lang='lat' dir='ltr'>hic,</span> <span class='ocrx_word' id='word_1_75' title='bbox 1715 865 1759 898; x_wconf 90' lang='lat' dir='ltr'>et</span> 
     </span>
     <span class='ocr_line' id='line_1_10' title="bbox 135 924 1758 979; baseline 0.004 -16"><span class='ocrx_word' id='word_1_76' title='bbox 135 924 227 963; x_wconf 88' lang='lat' dir='ltr'>iam</span> <span class='ocrx_word' id='word_1_77' title='bbox 250 925 406 964; x_wconf 88' lang='lat' dir='ltr'>latinis</span> <span class='ocrx_word' id='word_1_78' title='bbox 426 931 468 964; x_wconf 92' lang='lat' dir='ltr'>et</span> <span class='ocrx_word' id='word_1_79' title='bbox 498 926 683 975; x_wconf 81' lang='lat' dir='ltr'>graecis</span> <span class='ocrx_word' id='word_1_80' title='bbox 711 926 857 966; x_wconf 88' lang='lat' dir='ltr'>literis</span> <span class='ocrx_word' id='word_1_81' title='bbox 885 933 933 966; x_wconf 91' lang='lat' dir='ltr'>ut</span> <span class='ocrx_word' id='word_1_82' title='bbox 960 927 1058 967; x_wconf 91' lang='lat' dir='ltr'>eius</span> <span class='ocrx_word' id='word_1_83' title='bbox 1088 928 1255 968; x_wconf 90' lang='lat' dir='ltr'>aetatis</span> <span class='ocrx_word' id='word_1_84' title='bbox 1286 928 1462 969; x_wconf 86' lang='lat' dir='ltr'>affatim</span> <span class='ocrx_word' id='word_1_85' title='bbox 1488 929 1758 979; x_wconf 81' lang='lat' dir='ltr'>instructuS,</span> 
     </span>
     <span class='ocr_line' id='line_1_11' title="bbox 135 994 1759 1050; baseline 0.004 -16"><span class='ocrx_word' id='word_1_86' title='bbox 135 994 379 1045; x_wconf 90' lang='lat' dir='ltr'>perdidicit</span> <span class='ocrx_word' id='word_1_87' title='bbox 401 1006 584 1047; x_wconf 90' lang='lat' dir='ltr'>quoque</span> <span class='ocrx_word' id='word_1_88' title='bbox 606 996 821 1036; x_wconf 89' lang='lat' dir='ltr'>liberales</span> <span class='ocrx_word' id='word_1_89' title='bbox 841 997 1113 1049; x_wconf 87' lang='lat' dir='ltr'>disciplinas</span> <span class='ocrx_word' id='word_1_90' title='bbox 1135 999 1237 1050; x_wconf 90' lang='lat' dir='ltr'>pari</span> <span class='ocrx_word' id='word_1_91' title='bbox 1264 1010 1368 1039; x_wconf 89' lang='lat' dir='ltr'>cum</span> <span class='ocrx_word' id='word_1_92' title='bbox 1389 999 1567 1048; x_wconf 84' lang='lat' dir='ltr'>fructu,</span> <span class='ocrx_word' id='word_1_93' title='bbox 1600 1006 1644 1040; x_wconf 90' lang='lat' dir='ltr'>et</span> <span class='ocrx_word' id='word_1_94' title='bbox 1666 1000 1759 1040; x_wconf 88' lang='lat' dir='ltr'>dia-</span> 
     </span>
     <span class='ocr_line' id='line_1_12' title="bbox 136 1066 1760 1123; baseline 0.004 -18"><span class='ocrx_word' id='word_1_95' title='bbox 136 1066 311 1105; x_wconf 89' lang='lat' dir='ltr'>lecticis</span> <span class='ocrx_word' id='word_1_96' title='bbox 332 1067 608 1118; x_wconf 89' lang='lat' dir='ltr'>praesertim</span> <span class='ocrx_word' id='word_1_97' title='bbox 628 1079 684 1107; x_wconf 88' lang='lat' dir='ltr'>ac</span> <span class='ocrx_word' id='word_1_98' title='bbox 705 1067 917 1119; x_wconf 89' lang='lat' dir='ltr'>physicis</span> <span class='ocrx_word' id='word_1_99' title='bbox 940 1068 1021 1117; x_wconf 90' lang='lat' dir='ltr'>(uti</span> <span class='ocrx_word' id='word_1_100' title='bbox 1042 1069 1140 1109; x_wconf 88' lang='lat' dir='ltr'>fieri</span> <span class='ocrx_word' id='word_1_101' title='bbox 1161 1070 1293 1120; x_wconf 87' lang='lat' dir='ltr'>solet)</span> <span class='ocrx_word' id='word_1_102' title='bbox 1311 1069 1488 1123; x_wconf 90' lang='lat' dir='ltr'>justum</span> <span class='ocrx_word' id='word_1_103' title='bbox 1514 1082 1569 1111; x_wconf 90' lang='lat' dir='ltr'>ac</span> <span class='ocrx_word' id='word_1_104' title='bbox 1596 1071 1760 1123; x_wconf 86' lang='lat' dir='ltr'>praefi-</span> 
     </span>
     <span class='ocr_line' id='line_1_13' title="bbox 135 1136 1759 1193; baseline 0.002 -17"><span class='ocrx_word' id='word_1_105' title='bbox 135 1136 282 1176; x_wconf 90' lang='lat' dir='ltr'>nitum</span> <span class='ocrx_word' id='word_1_106' title='bbox 303 1143 484 1188; x_wconf 90' lang='lat' dir='ltr'>tempus</span> <span class='ocrx_word' id='word_1_107' title='bbox 506 1139 744 1189; x_wconf 89' lang='lat' dir='ltr'>persoluit.</span> <span class='ocrx_word' id='word_1_108' title='bbox 768 1138 1010 1179; x_wconf 87' lang='lat' dir='ltr'>Postremo</span> <span class='ocrx_word' id='word_1_109' title='bbox 1028 1139 1137 1180; x_wconf 89' lang='lat' dir='ltr'>dum</span> <span class='ocrx_word' id='word_1_110' title='bbox 1153 1141 1308 1181; x_wconf 90' lang='lat' dir='ltr'>multis</span> <span class='ocrx_word' id='word_1_111' title='bbox 1326 1141 1475 1182; x_wconf 89' lang='lat' dir='ltr'>modis</span> <span class='ocrx_word' id='word_1_112' title='bbox 1491 1142 1759 1193; x_wconf 89' lang='lat' dir='ltr'>probandus</span> 
     </span>
     <span class='ocr_line' id='line_1_14' title="bbox 135 1208 1511 1263; baseline 0.004 -16"><span class='ocrx_word' id='word_1_113' title='bbox 135 1208 381 1256; x_wconf 81' lang='lat' dir='ltr'>excutitur,</span> <span class='ocrx_word' id='word_1_114' title='bbox 406 1208 581 1259; x_wconf 88' lang='lat' dir='ltr'>optima</span> <span class='ocrx_word' id='word_1_115' title='bbox 602 1208 658 1248; x_wconf 93' lang='lat' dir='ltr'>de</span> <span class='ocrx_word' id='word_1_116' title='bbox 680 1221 729 1249; x_wconf 92' lang='lat' dir='ltr'>se</span> <span class='ocrx_word' id='word_1_117' title='bbox 750 1210 937 1260; x_wconf 90' lang='lat' dir='ltr'>quidem</span> <span class='ocrx_word' id='word_1_118' title='bbox 960 1211 1150 1261; x_wconf 88' lang='lat' dir='ltr'>praebet</span> <span class='ocrx_word' id='word_1_119' title='bbox 1171 1212 1511 1263; x_wconf 88' lang='lat' dir='ltr'>experimenta.</span> 
     </span>
    </p>

    <p class='ocr_par' dir='ltr' id='par_1_3' title="bbox 132 1277 1759 1686">
     <span class='ocr_line' id='line_1_15' title="bbox 214 1277 1759 1335; baseline 0.004 -18"><span class='ocrx_word' id='word_1_120' title='bbox 214 1277 284 1318; x_wconf 91' lang='lat' dir='ltr'>De</span> <span class='ocrx_word' id='word_1_121' title='bbox 306 1279 538 1329; x_wconf 77' lang='lat' dir='ltr'>corporiS,</span> <span class='ocrx_word' id='word_1_122' title='bbox 562 1279 608 1319; x_wconf 90' lang='lat' dir='ltr'>in</span> <span class='ocrx_word' id='word_1_123' title='bbox 629 1291 830 1329; x_wconf 84' lang='lat' dir='ltr'>summa,</span> <span class='ocrx_word' id='word_1_124' title='bbox 854 1281 1119 1321; x_wconf 89' lang='lat' dir='ltr'>ualetudine</span> <span class='ocrx_word' id='word_1_125' title='bbox 1135 1281 1230 1322; x_wconf 89' lang='lat' dir='ltr'>fere</span> <span class='ocrx_word' id='word_1_126' title='bbox 1248 1282 1416 1322; x_wconf 88' lang='lat' dir='ltr'>diuinis</span> <span class='ocrx_word' id='word_1_127' title='bbox 1435 1283 1647 1335; x_wconf 88' lang='lat' dir='ltr'>auspitiis</span> <span class='ocrx_word' id='word_1_128' title='bbox 1667 1283 1759 1323; x_wconf 87' lang='lat' dir='ltr'>feli·</span> 
     </span>
     <span class='ocr_line' id='line_1_16' title="bbox 136 1349 1758 1403; baseline 0.004 -15"><span class='ocrx_word' id='word_1_129' title='bbox 136 1349 249 1388; x_wconf 93' lang='lat' dir='ltr'>citer</span> <span class='ocrx_word' id='word_1_130' title='bbox 271 1356 492 1400; x_wconf 83' lang='lat' dir='ltr'>cesserat,</span> <span class='ocrx_word' id='word_1_131' title='bbox 515 1356 845 1402; x_wconf 87' lang='lat' dir='ltr'>praeterquam</span> <span class='ocrx_word' id='word_1_132' title='bbox 876 1353 998 1403; x_wconf 89' lang='lat' dir='ltr'>quod</span> <span class='ocrx_word' id='word_1_133' title='bbox 1032 1364 1176 1392; x_wconf 86' lang='lat' dir='ltr'>vnum</span> <span class='ocrx_word' id='word_1_134' title='bbox 1207 1358 1286 1392; x_wconf 90' lang='lat' dir='ltr'>aut</span> <span class='ocrx_word' id='word_1_135' title='bbox 1321 1354 1517 1394; x_wconf 89' lang='lat' dir='ltr'>alterum</span> <span class='ocrx_word' id='word_1_136' title='bbox 1552 1354 1758 1395; x_wconf 88' lang='lat' dir='ltr'>infirmos</span> 
     </span>
     <span class='ocr_line' id='line_1_17' title="bbox 135 1419 1758 1466; baseline 0.004 -7"><span class='ocrx_word' id='word_1_137' title='bbox 135 1419 359 1460; x_wconf 89' lang='lat' dir='ltr'>miserunt</span> <span class='ocrx_word' id='word_1_138' title='bbox 386 1419 445 1459; x_wconf 92' lang='lat' dir='ltr'>ad</span> <span class='ocrx_word' id='word_1_139' title='bbox 466 1433 550 1461; x_wconf 90' lang='lat' dir='ltr'>nos</span> <span class='ocrx_word' id='word_1_140' title='bbox 577 1421 719 1461; x_wconf 90' lang='lat' dir='ltr'>vicini</span> <span class='ocrx_word' id='word_1_141' title='bbox 748 1421 918 1462; x_wconf 87' lang='lat' dir='ltr'>fratres</span> <span class='ocrx_word' id='word_1_142' title='bbox 951 1422 1282 1464; x_wconf 85' lang='lat' dir='ltr'>Sichimantias</span> <span class='ocrx_word' id='word_1_143' title='bbox 1312 1424 1568 1465; x_wconf 83' lang='lat' dir='ltr'>incolentes</span> <span class='ocrx_word' id='word_1_144' title='bbox 1600 1424 1628 1464; x_wconf 77' lang='lat'>³.</span> <span class='ocrx_word' id='word_1_145' title='bbox 1661 1425 1758 1466; x_wconf 90' lang='lat' dir='ltr'>Nec</span> 
     </span>
     <span class='ocr_line' id='line_1_18' title="bbox 134 1491 1754 1548; baseline 0.004 -19"><span class='ocrx_word' id='word_1_146' title='bbox 134 1491 266 1541; x_wconf 89' lang='lat' dir='ltr'>plura</span> <span class='ocrx_word' id='word_1_147' title='bbox 284 1502 421 1542; x_wconf 86' lang='lat' dir='ltr'>quam</span> <span class='ocrx_word' id='word_1_148' title='bbox 438 1491 548 1531; x_wconf 87' lang='lat' dir='ltr'>illud</span> <span class='ocrx_word' id='word_1_149' title='bbox 560 1503 742 1543; x_wconf 90' lang='lat' dir='ltr'>semper</span> <span class='ocrx_word' id='word_1_150' title='bbox 760 1492 962 1533; x_wconf 87' lang='lat' dir='ltr'>insidere</span> <span class='ocrx_word' id='word_1_151' title='bbox 979 1493 1179 1534; x_wconf 90' lang='lat' dir='ltr'>filiorum</span> <span class='ocrx_word' id='word_1_152' title='bbox 1195 1495 1332 1535; x_wconf 86' lang='lat' dir='ltr'>uotis:</span> <span class='ocrx_word' id='word_1_153' title='bbox 1351 1494 1481 1535; x_wconf 91' lang='lat' dir='ltr'>Deus</span> <span class='ocrx_word' id='word_1_154' title='bbox 1503 1494 1608 1548; x_wconf 89' lang='lat' dir='ltr'>Opt.</span> <span class='ocrx_word' id='word_1_155' title='bbox 1629 1495 1754 1538; x_wconf 85' lang='lat' dir='ltr'>Max.</span> 
     </span>
     <span class='ocr_line' id='line_1_19' title="bbox 132 1561 1757 1618; baseline 0.004 -18"><span class='ocrx_word' id='word_1_156' title='bbox 132 1568 176 1600; x_wconf 92' lang='lat' dir='ltr'>te</span> <span class='ocrx_word' id='word_1_157' title='bbox 196 1561 328 1601; x_wconf 89' lang='lat' dir='ltr'>nobis</span> <span class='ocrx_word' id='word_1_158' title='bbox 349 1562 628 1602; x_wconf 90' lang='lat' dir='ltr'>incolumem</span> <span class='ocrx_word' id='word_1_159' title='bbox 650 1569 820 1614; x_wconf 90' lang='lat' dir='ltr'>seruet,</span> <span class='ocrx_word' id='word_1_160' title='bbox 841 1564 1076 1616; x_wconf 90' lang='lat' dir='ltr'>uitamque</span> <span class='ocrx_word' id='word_1_161' title='bbox 1094 1571 1278 1606; x_wconf 88' lang='lat' dir='ltr'>tueatur</span> <span class='ocrx_word' id='word_1_162' title='bbox 1298 1572 1442 1616; x_wconf 88' lang='lat' dir='ltr'>tuam,</span> <span class='ocrx_word' id='word_1_163' title='bbox 1462 1573 1691 1618; x_wconf 88' lang='lat' dir='ltr'>quatenus</span> <span class='ocrx_word' id='word_1_164' title='bbox 1713 1575 1757 1607; x_wconf 89' lang='lat' dir='ltr'>et</span> 
     </span>
     <span class='ocr_line' id='line_1_20' title="bbox 133 1632 1754 1686; baseline 0.002 -15"><span class='ocrx_word' id='word_1_165' title='bbox 133 1632 288 1672; x_wconf 91' lang='lat' dir='ltr'>diuino</span> <span class='ocrx_word' id='word_1_166' title='bbox 310 1633 452 1672; x_wconf 92' lang='lat' dir='ltr'>cultui</span> <span class='ocrx_word' id='word_1_167' title='bbox 473 1639 516 1672; x_wconf 84' lang='lat' dir='ltr'>et</span> <span class='ocrx_word' id='word_1_168' title='bbox 544 1634 803 1675; x_wconf 87' lang='lat' dir='ltr'>commodis</span> <span class='ocrx_word' id='word_1_169' title='bbox 830 1636 1154 1686; x_wconf 88' lang='lat' dir='ltr'>proximorum</span> <span class='ocrx_word' id='word_1_170' title='bbox 1177 1638 1493 1677; x_wconf 89' lang='lat' dir='ltr'>necessariam</span> <span class='ocrx_word' id='word_1_171' title='bbox 1513 1638 1754 1679; x_wconf 83' lang='lat' dir='ltr'>intellexit.</span> 
     </span>
    </p>

    <p class='ocr_par' dir='ltr' id='par_1_4' title="bbox 133 1702 1756 1826">
     <span class='ocr_line' id='line_1_21' title="bbox 212 1702 1756 1760; baseline 0.005 -18"><span class='ocrx_word' id='word_1_172' title='bbox 212 1702 481 1753; x_wconf 89' lang='lat' dir='ltr'>Methimna,</span> <span class='ocrx_word' id='word_1_173' title='bbox 518 1704 582 1744; x_wconf 55' lang='lat'>31&gt;</span> <span class='ocrx_word' id='word_1_174' title='bbox 609 1705 862 1746; x_wconf 81' lang='lat' dir='ltr'>chalendas</span> <span class='ocrx_word' id='word_1_175' title='bbox 896 1706 1180 1758; x_wconf 85' lang='lat' dir='ltr'>Septembris</span> <span class='ocrx_word' id='word_1_176' title='bbox 1209 1708 1451 1748; x_wconf 90' lang='lat' dir='ltr'>millesimo</span> <span class='ocrx_word' id='word_1_177' title='bbox 1486 1709 1756 1760; x_wconf 87' lang='lat' dir='ltr'>quingente-</span> 
     </span>
     <span class='ocr_line' id='line_1_22' title="bbox 133 1775 829 1826; baseline 0.001 -13"><span class='ocrx_word' id='word_1_178' title='bbox 133 1775 248 1814; x_wconf 85' lang='lat' dir='ltr'>simo</span> <span class='ocrx_word' id='word_1_179' title='bbox 271 1775 658 1826; x_wconf 80' lang='lat' dir='ltr'>quinquagesimo</span> <span class='ocrx_word' id='word_1_180' title='bbox 681 1782 829 1817; x_wconf 89' lang='lat' dir='ltr'>sexto.</span> 
     </span>
    </p>

    <p class='ocr_par' dir='ltr' id='par_1_5' title="bbox 290 1845 1125 1898">
     <span class='ocr_line' id='line_1_23' title="bbox 290 1845 1125 1898; baseline 0.001 -13"><span class='ocrx_word' id='word_1_181' title='bbox 290 1845 507 1886; x_wconf 82' lang='lat' dir='ltr'>Minimus</span> <span class='ocrx_word' id='word_1_182' title='bbox 529 1854 572 1886; x_wconf 93' lang='lat' dir='ltr'>et</span> <span class='ocrx_word' id='word_1_183' title='bbox 595 1847 813 1898; x_wconf 82' lang='lat' dir='ltr'>indignus</span> <span class='ocrx_word' id='word_1_184' title='bbox 835 1848 954 1888; x_wconf 86' lang='lat' dir='ltr'>filius</span> <span class='ocrx_word' id='word_1_185' title='bbox 978 1848 1025 1887; x_wconf 87' lang='lat' dir='ltr'>P.</span> <span class='ocrx_word' id='word_1_186' title='bbox 1050 1849 1125 1897; x_wconf 82' lang='lat' dir='ltr'>T.‚</span> 
     </span>
    </p>
   </div>
   <div class='ocr_carea' id='block_1_3' title="bbox 918 1992 1486 2043">
    <p class='ocr_par' dir='ltr' id='par_1_6' title="bbox 918 1992 1486 2043">
     <span class='ocr_line' id='line_1_24' title="bbox 918 1992 1486 2043; baseline 0.004 -13"><span class='ocrx_word' id='word_1_187' title='bbox 918 1994 945 2038; x_wconf 76' lang='lat'>†</span> <span class='ocrx_word' id='word_1_188' title='bbox 974 1992 1182 2043; x_wconf 46' lang='grc' dir='ltr'>ΒῙΟΑΝΝΕΞ</span> <span class='ocrx_word' id='word_1_189' title='bbox 1212 1993 1426 2034; x_wconf 72' lang='lat' dir='ltr'>CUADRA.</span> <span class='ocrx_word' id='word_1_190' title='bbox 1459 1997 1486 2041; x_wconf 84' lang='lat'>†</span> 
     </span>
    </p>
   </div>
   <div class='ocr_carea' id='block_1_4' title="bbox 130 2169 1755 2609">
    <p class='ocr_par' dir='ltr' id='par_1_7' title="bbox 1204 2169 1225 2184">
     <span class='ocr_line' id='line_1_25' title="bbox 1204 2169 1225 2184; baseline 0 0"><span class='ocrx_word' id='word_1_191' title='bbox 1204 2169 1225 2184; x_wconf 51' lang='lat' dir='ltr'>i</span> 
     </span>
    </p>

    <p class='ocr_par' dir='ltr' id='par_1_8' title="bbox 130 2186 1755 2396">
     <span class='ocr_line' id='line_1_26' title="bbox 208 2186 1754 2260; baseline 0.006 -20"><span class='ocrx_word' id='word_1_192' title='bbox 208 2201 558 2253; x_wconf 67' lang='lat' dir='ltr'>Schestscrlptio</span> <span class='ocrx_word' id='word_1_193' title='bbox 598 2203 646 2242; x_wconf 74' lang='lat' dir='ltr'>l&#39;ll</span> <span class='ocrx_word' id='word_1_194' title='bbox 684 2205 890 2244; x_wconf 71' lang='lat' dir='ltr'>secunda</span> <span class='ocrx_word' id='word_1_195' title='bbox 924 2206 1134 2255; x_wconf 70' lang='lat' dir='ltr'>pagina:</span> <span class='ocrx_word' id='word_1_196' title='bbox 1174 2186 1286 2246; x_wconf 76' lang='lat' dir='ltr'><strong>IHS.</strong></span> <span class='ocrx_word' id='word_1_197' title='bbox 1326 2207 1383 2247; x_wconf 84' lang='lat' dir='ltr'>Al</span> <span class='ocrx_word' id='word_1_198' title='bbox 1418 2219 1528 2260; x_wconf 84' lang='lat' dir='ltr'>muy</span> <span class='ocrx_word' id='word_1_199' title='bbox 1564 2207 1671 2249; x_wconf 79' lang='lat' dir='ltr'><strong>R.d0·</strong></span> <span class='ocrx_word' id='word_1_200' title='bbox 1697 2221 1754 2248; x_wconf 81' lang='lat' dir='ltr'>cn</span> 
     </span>
     <span class='ocr_line' id='line_1_27' title="bbox 130 2272 1755 2328; baseline 0.006 -17"><span class='ocrx_word' id='word_1_201' title='bbox 130 2272 315 2312; x_wconf 90' lang='lat' dir='ltr'>Christo</span> <span class='ocrx_word' id='word_1_202' title='bbox 339 2272 489 2313; x_wconf 81' lang='lat' dir='ltr'>Padre</span> <span class='ocrx_word' id='word_1_203' title='bbox 513 2274 714 2314; x_wconf 75' lang='lat' dir='ltr'>Maestro</span> <span class='ocrx_word' id='word_1_204' title='bbox 736 2275 947 2325; x_wconf 67' lang='lat' dir='ltr'>Ignacm,</span> <span class='ocrx_word' id='word_1_205' title='bbox 982 2275 1222 2327; x_wconf 82' lang='lat' dir='ltr'>Preposito</span> <span class='ocrx_word' id='word_1_206' title='bbox 1249 2280 1441 2328; x_wconf 83' lang='lat' dir='ltr'>general</span> <span class='ocrx_word' id='word_1_207' title='bbox 1464 2279 1519 2319; x_wconf 92' lang='lat' dir='ltr'>de</span> <span class='ocrx_word' id='word_1_208' title='bbox 1545 2280 1589 2319; x_wconf 86' lang='lat' dir='ltr'>la</span> <span class='ocrx_word' id='word_1_209' title='bbox 1620 2279 1755 2320; x_wconf 90' lang='lat' dir='ltr'>Com-</span> 
     </span>
     <span class='ocr_line' id='line_1_28' title="bbox 132 2344 794 2396; baseline 0.003 -14"><span class='ocrx_word' id='word_1_210' title='bbox 132 2345 272 2394; x_wconf 76' lang='lat' dir='ltr'>pania</span> <span class='ocrx_word' id='word_1_211' title='bbox 293 2344 348 2383; x_wconf 90' lang='lat' dir='ltr'>de</span> <span class='ocrx_word' id='word_1_212' title='bbox 369 2344 525 2396; x_wconf 67' lang='lat' dir='ltr'>JesuS,</span> <span class='ocrx_word' id='word_1_213' title='bbox 550 2357 606 2385; x_wconf 88' lang='lat' dir='ltr'>en</span> <span class='ocrx_word' id='word_1_214' title='bbox 630 2345 794 2386; x_wconf 83' lang='lat' dir='ltr'>Roma.</span> 
     </span>
    </p>

    <p class='ocr_par' dir='ltr' id='par_1_9' title="bbox 131 2414 1753 2535">
     <span class='ocr_line' id='line_1_29' title="bbox 209 2414 1753 2470; baseline 0.006 -17"><span class='ocrx_word' id='word_1_215' title='bbox 209 2414 319 2454; x_wconf 63' lang='lat' dir='ltr'>Alsa</span> <span class='ocrx_word' id='word_1_216' title='bbox 350 2427 517 2455; x_wconf 72' lang='lat' dir='ltr'>mat-m:</span> <span class='ocrx_word' id='word_1_217' title='bbox 544 2416 693 2469; x_wconf 80' lang='lat' dir='ltr'>Jesus.</span> <span class='ocrx_word' id='word_1_218' title='bbox 732 2418 845 2458; x_wconf 76' lang='lat'>1556.</span> <span class='ocrx_word' id='word_1_219' title='bbox 879 2418 1147 2458; x_wconf 76' lang='lat' dir='ltr'>Methimna.</span> <span class='ocrx_word' id='word_1_220' title='bbox 1179 2419 1555 2470; x_wconf 68' lang='lat' dir='ltr'>Quadi-imestres</span> <span class='ocrx_word' id='word_1_221' title='bbox 1583 2420 1635 2461; x_wconf 81' lang='lat'>30</span> <span class='ocrx_word' id='word_1_222' title='bbox 1663 2421 1753 2463; x_wconf 85' lang='lat' dir='ltr'>Au·</span> 
     </span>
     <span class='ocr_line' id='line_1_30' title="bbox 131 2486 272 2535; baseline 0 -10"><span class='ocrx_word' id='word_1_223' title='bbox 131 2486 272 2535; x_wconf 82' lang='lat' dir='ltr'>gusti.</span> 
     </span>
    </p>

    <p class='ocr_par' dir='ltr' id='par_1_10' title="bbox 206 2556 1004 2609">
     <span class='ocr_line' id='line_1_31' title="bbox 206 2556 1004 2609; baseline 0.004 -14"><span class='ocrx_word' id='word_1_224' title='bbox 206 2556 368 2596; x_wconf 52' lang='lat' dir='ltr'>immet</span> <span class='ocrx_word' id='word_1_225' title='bbox 389 2558 649 2607; x_wconf 72' lang='lat' dir='ltr'>vestigszmz</span> <span class='ocrx_word' id='word_1_226' title='bbox 671 2570 803 2598; x_wconf 68' lang='lat' dir='ltr'>cerae</span> <span class='ocrx_word' id='word_1_227' title='bbox 834 2559 1004 2609; x_wconf 63' lang='lat' dir='ltr'>sigilli.</span> 
     </span>
    </p>
   </div>
   <div class='ocr_carea' id='block_1_5' title="bbox 124 2740 1754 2966">
    <p class='ocr_par' dir='ltr' id='par_1_11' title="bbox 180 2740 620 2770">
     <span class='ocr_line' id='line_1_32' title="bbox 180 2740 620 2770; baseline 0.009 -4"><span class='ocrx_word' id='word_1_228' title='bbox 180 2740 189 2759; x_wconf 89' lang='lat'><strong>¹</strong></span> <span class='ocrx_word' id='word_1_229' title='bbox 228 2740 375 2767; x_wconf 87' lang='lat' dir='ltr'>Periisse</span> <span class='ocrx_word' id='word_1_230' title='bbox 391 2741 454 2768; x_wconf 90' lang='lat' dir='ltr'>hoc</span> <span class='ocrx_word' id='word_1_231' title='bbox 470 2742 620 2770; x_wconf 83' lang='lat' dir='ltr'>videtur.</span> 
     </span>
    </p>

    <p class='ocr_par' dir='ltr' id='par_1_12' title="bbox 124 2786 1754 2916">
     <span class='ocr_line' id='line_1_33' title="bbox 185 2786 1754 2826; baseline 0.005 -13"><span class='ocrx_word' id='word_1_232' title='bbox 185 2786 198 2804; x_wconf 55' lang='grc' dir='ltr'><strong>Ξ</strong></span> <span class='ocrx_word' id='word_1_233' title='bbox 235 2786 430 2815; x_wconf 86' lang='lat' dir='ltr'>Matthaeus</span> <span class='ocrx_word' id='word_1_234' title='bbox 445 2788 486 2815; x_wconf 85' lang='lat' dir='ltr'>de</span> <span class='ocrx_word' id='word_1_235' title='bbox 500 2788 648 2821; x_wconf 72' lang='lat' dir='ltr'>Duenas.</span> <span class='ocrx_word' id='word_1_236' title='bbox 665 2789 753 2817; x_wconf 88' lang='lat' dir='ltr'>filius</span> <span class='ocrx_word' id='word_1_237' title='bbox 769 2790 927 2818; x_wconf 85' lang='lat' dir='ltr'>Roderici</span> <span class='ocrx_word' id='word_1_238' title='bbox 950 2791 988 2817; x_wconf 89' lang='lat' dir='ltr'>de</span> <span class='ocrx_word' id='word_1_239' title='bbox 1013 2791 1151 2818; x_wconf 76' lang='lat' dir='ltr'>Duefias</span> <span class='ocrx_word' id='word_1_240' title='bbox 1170 2792 1265 2826; x_wconf 84' lang='lat' dir='ltr'>cujus</span> <span class='ocrx_word' id='word_1_241' title='bbox 1285 2792 1420 2826; x_wconf 83' lang='lat' dir='ltr'>saepius</span> <span class='ocrx_word' id='word_1_242' title='bbox 1442 2793 1567 2820; x_wconf 83' lang='lat' dir='ltr'>mentio</span> <span class='ocrx_word' id='word_1_243' title='bbox 1588 2792 1626 2821; x_wconf 75' lang='lat' dir='ltr'>fit</span> <span class='ocrx_word' id='word_1_244' title='bbox 1645 2794 1678 2821; x_wconf 85' lang='lat' dir='ltr'>in</span> <span class='ocrx_word' id='word_1_245' title='bbox 1693 2794 1754 2821; x_wconf 80' lang='grc' dir='ltr'>Ρο-</span> 
     </span>
     <span class='ocr_line' id='line_1_34' title="bbox 124 2834 1751 2874; baseline 0.005 -14"><span class='ocrx_word' id='word_1_246' title='bbox 124 2841 223 2861; x_wconf 75' lang='lat' dir='ltr'>LANCI</span> <span class='ocrx_word' id='word_1_247' title='bbox 239 2834 405 2862; x_wconf 78' lang='lat' dir='ltr'>Chronico</span> <span class='ocrx_word' id='word_1_248' title='bbox 419 2840 452 2862; x_wconf 83' lang='lat' dir='ltr'>et</span> <span class='ocrx_word' id='word_1_249' title='bbox 468 2836 500 2863; x_wconf 87' lang='lat' dir='ltr'>in</span> <span class='ocrx_word' id='word_1_250' title='bbox 517 2835 641 2863; x_wconf 84' lang='lat' dir='ltr'>Cartas</span> <span class='ocrx_word' id='word_1_251' title='bbox 656 2837 698 2864; x_wconf 80' lang='lat' dir='ltr'>de</span> <span class='ocrx_word' id='word_1_252' title='bbox 714 2837 786 2865; x_wconf 77' lang='lat' dir='ltr'>San</span> <span class='ocrx_word' id='word_1_253' title='bbox 802 2838 954 2872; x_wconf 67' lang='lat' dir='ltr'>Ignacz‘o.</span> <span class='ocrx_word' id='word_1_254' title='bbox 972 2838 1101 2865; x_wconf 89' lang='lat' dir='ltr'>Horum</span> <span class='ocrx_word' id='word_1_255' title='bbox 1116 2846 1303 2873; x_wconf 85' lang='lat' dir='ltr'>cognomen</span> <span class='ocrx_word' id='word_1_256' title='bbox 1318 2847 1419 2873; x_wconf 83' lang='lat' dir='ltr'>quam</span> <span class='ocrx_word' id='word_1_257' title='bbox 1435 2844 1513 2874; x_wconf 83' lang='lat' dir='ltr'>apte</span> <span class='ocrx_word' id='word_1_258' title='bbox 1530 2841 1633 2868; x_wconf 87' lang='lat' dir='ltr'>latine</span> <span class='ocrx_word' id='word_1_259' title='bbox 1650 2840 1751 2869; x_wconf 69' lang='lat' dir='ltr'>Omo-</span> 
     </span>
     <span class='ocr_line' id='line_1_35' title="bbox 125 2882 948 2916; baseline 0.007 -9"><span class='ocrx_word' id='word_1_260' title='bbox 125 2882 208 2908; x_wconf 81' lang='lat' dir='ltr'>nz&#39;us</span> <span class='ocrx_word' id='word_1_261' title='bbox 222 2882 365 2914; x_wconf 83' lang='lat' dir='ltr'>dicatur,</span> <span class='ocrx_word' id='word_1_262' title='bbox 380 2882 449 2916; x_wconf 86' lang='lat' dir='ltr'>ipse</span> <span class='ocrx_word' id='word_1_263' title='bbox 465 2883 590 2911; x_wconf 83' lang='lat' dir='ltr'>viderit</span> <span class='ocrx_word' id='word_1_264' title='bbox 608 2885 803 2912; x_wconf 85' lang='lat' dir='ltr'>litterarum</span> <span class='ocrx_word' id='word_1_265' title='bbox 817 2890 948 2913; x_wconf 86' lang='lat' dir='ltr'>auctor.</span> 
     </span>
    </p>

    <p class='ocr_par' dir='ltr' id='par_1_13' title="bbox 178 2928 1147 2966">
     <span class='ocr_line' id='line_1_36' title="bbox 178 2928 1147 2966; baseline 0.005 -11"><span class='ocrx_word' id='word_1_266' title='bbox 178 2928 192 2948; x_wconf 80' lang='lat'><strong>³</strong></span> <span class='ocrx_word' id='word_1_267' title='bbox 229 2928 264 2955; x_wconf 86' lang='lat' dir='ltr'>Id</span> <span class='ocrx_word' id='word_1_268' title='bbox 280 2933 342 2962; x_wconf 87' lang='lat' dir='ltr'>est,</span> <span class='ocrx_word' id='word_1_269' title='bbox 351 2929 494 2966; x_wconf 72' lang='lat' dir='ltr'>fraires</span> <span class='ocrx_word' id='word_1_270' title='bbox 510 2930 546 2957; x_wconf 78' lang='lat' dir='ltr'>in</span> <span class='ocrx_word' id='word_1_271' title='bbox 563 2931 850 2966; x_wconf 76' lang='lat' dir='ltr'>Septimancensi</span> <span class='ocrx_word' id='word_1_272' title='bbox 865 2933 965 2960; x_wconf 86' lang='lat' dir='ltr'>domo</span> <span class='ocrx_word' id='word_1_273' title='bbox 980 2933 1147 2966; x_wconf 81' lang='lat' dir='ltr'>degentes</span> 
     </span>
    </p>
   </div>
  </div>
 </body>
</html>
