2020 3342
859 257 937 291 AN.
970 255 1060 293 1556
1697 258 1772 295 475

146 352 267 391 hunc
290 351 474 407 videam
494 351 836 403 sapientissime
869 353 1228 404 praescriptum,
1258 358 1308 391 vt
1329 352 1570 404 quadrinis
1600 354 1767 392 mensi-

148 421 260 472 bus,
293 433 412 473 quae
444 421 567 473 apud
596 433 683 461 nos
714 422 848 471 fiunt,
887 423 1014 462 Tuae
1047 422 1324 463 Paternitati
1353 433 1435 473 per
1466 423 1625 463 literas
1654 435 1765 463 nun-

150 493 334 533 tientur.

228 564 320 605 Res
341 577 453 605 sane
474 565 701 605 eiusmodi
722 573 844 612 sunt,
869 577 986 616 quae
1008 577 1113 606 cum
1135 566 1332 606 instituti
1359 566 1507 605 nostri
1531 565 1769 616 specimen

148 636 406 676 maximum
431 637 700 687 praebeant,
733 636 940 688 aliosque
976 637 1035 676 ad
1070 649 1179 676 vere
1214 636 1520 676 christianam
1547 636 1768 686 pietatem

150 707 414 758 incendant,
439 713 534 747 tum
558 706 741 747 Christo
764 707 1072 757 gratissimas,
1091 707 1214 758 quod
1237 707 1400 747 melius
1418 718 1518 746 csse
1540 706 1676 755 duCO,
1697 718 1769 746 ar-

151 781 298 821 bitror
318 780 514 821 futuras.

228 853 372 893 Multa
394 855 482 894 hoc
504 853 606 893 loco
627 859 672 893 et
692 853 822 893 uaria
846 847 1043 893 dicenda
1066 860 1333 893 occurrunt:
1358 863 1412 891 ea
1435 858 1591 892 tamen
1613 851 1768 902 impri-

148 927 236 967 mis
262 936 539 976 persequar,
570 937 688 976 quae
717 925 772 965 de
805 925 1027 965 fratribus
1063 926 1139 965 hic
1166 925 1412 976 agentibus
1442 937 1535 964 non
1570 924 1769 964 tacenda

149 997 427 1042 existimaui,
461 998 538 1048 qui
570 997 615 1037 in
642 997 732 1037 hac
760 997 990 1048 spirituali
1024 997 1292 1048 disciplina,
1324 996 1395 1036 cui
1432 995 1768 1047 perdiscendae

148 1071 354 1111 animum
375 1070 683 1115 deuoverunt.
707 1069 825 1109 adeo
846 1068 1115 1120 proficiunt,
1145 1076 1195 1109 ut
1221 1080 1326 1108 curn
1355 1067 1412 1108 de
1441 1068 1512 1108 his
1540 1068 1771 1107 hactenus

149 1154 308 1183 omnes
331 1154 467 1193 quam
492 1140 950 1191 magnificentissime
979 1141 1223 1191 sentirent,
1255 1139 1460 1179 omnium
1486 1138 1769 1190 expectatio-

147 1225 250 1253 nem
282 1214 407 1253 omni
434 1226 491 1253 ex
527 1219 658 1264 parte
692 1213 906 1257 vincant:
944 1211 1202 1252 incredibili
1235 1211 1462 1262 siquidem
1494 1210 1660 1251 ardore
1689 1209 1771 1250 fla·-

147 1292 287 1335 grant
308 1285 500 1325 ulterius
521 1284 869 1336 progrediendi,
895 1295 985 1334 quo
1014 1283 1071 1323 ad
1101 1289 1313 1334 optatum
1338 1282 1477 1322 finem
1505 1282 1640 1322 citius
1668 1294 1769 1333 per-

147 1356 391 1404 uehz-:ntun
418 1356 548 1396 cuius
570 1355 737 1402 studio,
762 1355 884 1406 quod
908 1355 974 1394 eis
995 1366 1087 1394 non
1109 1354 1329 1404 exiguum
1351 1354 1556 1402 incessit,
1590 1365 1770 1404 permo-

147 1429 196 1474 ti,
228 1428 364 1468 bonis
392 1428 604 1468 omnibus
632 1425 768 1477 hujus
795 1426 954 1466 mundi
987 1426 1124 1467 fluxis
1159 1438 1213 1466 ac
1250 1425 1438 1466 caducis
1473 1425 1766 1476 posthabitis,

146 1500 416 1550 parentibus
452 1506 495 1539 et
528 1501 780 1547 uoluntati,
814 1499 1041 1539 malorum
1074 1498 1278 1538 omnium
1310 1497 1501 1547 nutrici,
1534 1498 1769 1538 renuntia-

146 1578 278 1622 runt,
302 1583 442 1623 seque
463 1571 569 1611 huic
593 1570 813 1612 Societati
835 1578 1056 1622 perpetuo
1085 1571 1323 1621 dicarunt3
1357 1570 1479 1621 quod
1506 1576 1557 1610 vt
1585 1569 1768 1611 facilius

146 1643 313 1694 exequi
332 1643 526 1694 possint„
553 1643 600 1682 in
619 1644 794 1693 regulis
815 1643 1009 1683 fideliter
1031 1642 1348 1684 custodiendis
1365 1642 1657 1694 decretisque
1675 1654 1767 1684 ser-

145 1714 311 1754 uandis
333 1715 457 1754 omni
479 1726 592 1754 cura
615 1726 670 1754 ac
698 1714 935 1764 diligentia
958 1715 1221 1762 elaborant,
1246 1715 1575 1766 collegiarchis
1594 1748 1600 1763 ,
1626 1727 1768 1766 penes

147 1797 264 1836 quos
285 1786 446 1825 estius
479 1797 533 1825 ac
561 1797 726 1826 norma
754 1786 896 1826 totius
924 1786 1113 1835 domus,
1145 1786 1202 1826 ad
1231 1787 1353 1826 hanc
1384 1798 1481 1827 rem
1511 1786 1765 1827 adiumenti

146 1856 395 1906 plurimum
417 1856 748 1903 adferentibus,
773 1858 849 1909 qui
871 1869 1096 1906 errorum,
1122 1858 1159 1898 si
1182 1858 1227 1898 in
1258 1858 1439 1910 aliquos
1469 1858 1587 1898 forte
1618 1858 1769 1909 prola-

145 1927 337 1974 buntur,
365 1927 532 1968 blande
560 1928 832 1975 admonent,
863 1931 1083 1980 legesque
1114 1930 1396 1970 violantibus
1425 1941 1625 1979 poenam
1655 1930 1769 1969 irro-

145 2004 273 2047 gant;
310 2011 474 2039 verum
508 1998 571 2038 illi
606 1999 722 2039 adeo
757 2001 1101 2051 paruipendunt
1130 2000 1310 2041 iniuriis
1331 2001 1465 2047 affici,
1490 2001 1768 2052 probrisque

145 2070 377 2120 exagitari
400 2071 607 2121 cupiunt,
632 2078 676 2110 et
696 2083 881 2118 soncos,
902 2083 1089 2117 sannas,
1110 2072 1380 2118 cachinnos,
1400 2084 1542 2112 nasos
1560 2079 1604 2112 et
1622 2083 1770 2112 scom-

144 2147 270 2180 mata
304 2141 545 2181 moderato
579 2143 734 2182 animo
767 2142 960 2182 ferenda
988 2143 1105 2182 adeo
1135 2150 1322 2190 amant,
1358 2149 1408 2183 ut
1442 2143 1583 2183 frenis
1615 2144 1768 2194 potius

145 2223 285 2262 quam
307 2213 570 2253 calcaribus
591 2224 729 2263 egere
750 2213 1012 2254 videantur.
1039 2213 1246 2265 Cumque
1268 2215 1385 2254 haec
1413 2215 1532 2254 intra
1555 2215 1768 2265 priuatos

143 2283 346 2334 parietes
381 2295 713 2335 nonnunquam
750 2284 848 2324 fieri
885 2285 1218 2333 concedantur,
1254 2286 1435 2335 publice
1471 2286 1610 2326 etiam
1645 2298 1769 2327 nunc

145 2354 262 2393 haec
289 2355 521 2404 praestari
548 2354 688 2395 licere
717 2356 1022 2406 omnibusque
1051 2368 1135 2407 pro
1166 2356 1364 2397 ludibrio
1395 2357 1555 2397 haberi
1584 2358 1769 2408 collegii

145 2424 408 2475 praefectos
429 2425 686 2475 efflagitant
707 2427 865 2466 verius
887 2439 1025 2477 quam
1049 2436 1204 2474 orant;
1235 2434 1373 2479 atque
1402 2434 1450 2468 ut
1480 2440 1537 2468 ex
1565 2440 1656 2468 uno
1689 2434 1768 2468 aut

145 2496 291 2535 altero
314 2495 369 2539 de
392 2497 590 2536 caeteris
611 2498 929 2537 coniecturam
958 2497 1113 2538 facere
1135 2500 1389 2549 possimus,
1415 2499 1587 2550 aliquot
1618 2510 1767 2539 exem-

146 2567 221 2616 pla
243 2565 319 2606 hic
341 2569 751 2607 commemoranda
774 2580 962 2615 censeo,
994 2569 1159 2619 quibus
1188 2582 1347 2610 eorum
1374 2570 1609 2621 profectus
1639 2569 1769 2610 Tuae

145 2635 421 2678 paternitati
441 2645 689 2689 perceptus
711 2640 898 2679 omnino
922 2640 1231 2691 cognitusque
1252 2641 1495 2681 habeatur.

226 2705 393 2747 Paucis
416 2713 523 2748 ante
545 2708 704 2748 diebus
726 2709 1101 2760 conspiciebatur
1118 2717 1331 2751 mortuus
1349 2712 1478 2752 canis
1500 2714 1545 2752 in
1564 2713 1767 2763 quodam

143 2777 279 2817 huius
311 2779 438 2818 urbis
465 2779 585 2826 vico,
618 2781 755 2828 graui
782 2792 865 2820 suo
900 2780 1078 2821 foetore
1112 2783 1514 2833 praetereuntibus
1543 2796 1766 2824 nauseam

142 2859 353 2889 movens:
379 2849 500 2900 quod
524 2862 628 2890 cum
656 2851 948 2892 nouiciorum
977 2853 1251 2904 rudiumque
1279 2860 1497 2905 tyronum
1530 2855 1765 2894 institutor

142 2918 465 2965 intellexisset,
496 2932 681 2970 canem,
718 2928 768 2962 ut
797 2923 1083 2963 teterrimam
1109 2930 1308 2975 pestem,
1345 2925 1450 2964 inde
1485 2925 1765 2976 abigendum

145 2988 324 3029 duobus
341 3002 399 3030 ex
417 2990 487 3040 iis,
507 3002 622 3042 quos
638 2992 911 3033 nominatim
929 2994 1217 3044 perstrinxit,
1237 3002 1451 3046 oportere
1469 2995 1764 3047 significauit,

144 3059 421 3110 experiundi
443 3063 594 3112 magis
617 3063 770 3104 animo
792 3076 932 3115 quam
954 3065 1236 3116 imperandi,
1267 3078 1464 3118 quorum
1487 3079 1606 3108 vnus
1638 3070 1770 3109 noui-
