2020 3342
872 250 953 287 AN.
985 248 1076 286 1556
1718 246 1788 284 423

165 348 342 398 itinere,
366 347 533 398 quibus
553 346 876 396 occurrebant,
901 346 956 386 de
978 351 1279 397 peccatorum
1299 343 1583 396 poenitentia
1614 348 1658 382 et
1678 354 1785 382 ven-

165 425 267 458 turo
297 418 453 458 seculo
485 417 804 467 admonentes,
836 417 882 457 in
913 415 1339 468 opportunitatibus
1372 413 1552 465 experti
1581 412 1786 452 diuinam

167 488 527 540 prouidentiam.
558 494 601 528 et
629 488 675 527 in
703 487 986 528 abundantia
1016 493 1230 527 sanctam
1255 491 1528 526 exercentes
1557 483 1787 523 abstinen-

167 560 294 600 tiam:
316 559 677 610 efflagitantibus
708 564 864 598 autem
891 558 1117 598 instanter
1145 557 1324 597 ciuibus
1346 562 1389 596 et
1416 554 1676 606 oppidaniS,
1701 554 1786 594 cle-

166 631 275 671 ricis
293 629 580 670 secularibus
601 636 645 670 et
665 629 912 680 religiosis,
930 629 1133 669 habuere
1154 627 1419 676 conciones,
1440 625 1680 666 affectibus
1696 624 1788 676 ple-

167 713 273 750 nas,
297 702 342 741 in
364 700 573 741 ecclesiis
600 700 875 749 maioribus,
899 701 945 740 in
966 700 1303 740 monachorum
1323 704 1368 738 et
1400 697 1671 737 monialium
1692 707 1788 736 mo-

167 772 406 822 nasteriis,
443 778 487 812 et
521 771 771 822 quamdam
805 771 851 811 in
886 771 1087 822 quodam
1122 770 1400 810 clericorum
1434 767 1658 819 capitulo,
1696 777 1788 818 qua

169 844 288 884 inter
308 842 586 883 dissidentes
607 842 803 883 clericos
824 854 916 893 pax
938 854 964 882 a
985 841 1186 882 Domino
1214 839 1470 892 composita
1492 844 1575 878 est.
1605 838 1789 878 Institu-

169 922 243 954 tae
263 913 600 963 fraternitates,
623 913 888 964 indictaque
916 913 1089 953 frustra
1110 911 1370 951 iurantibus
1400 921 1574 961 poena,
1607 908 1788 960 publice

169 986 458 1026 acclamante
474 995 720 1035 praecone,
735 989 831 1024 tam
847 990 1236 1034 praesentaneum
1253 981 1506 1021 remedium
1523 979 1608 1020 fuit
1625 984 1789 1019 contra

169 1055 352 1096 iurandi
373 1056 589 1105 abusum,
612 1061 663 1095 vt
684 1055 761 1106 qui
788 1054 889 1094 heri
908 1053 1175 1104 frequenter
1195 1053 1401 1101 iurabat,
1424 1050 1561 1091 hodie
1582 1050 1789 1090 iurantes

170 1127 445 1176 corrigeret,
476 1132 520 1166 et
547 1137 662 1177 puer
691 1136 886 1177 puerum
916 1130 1109 1176 propter
1136 1124 1446 1163 iuramentum
1477 1122 1686 1162 criminis
1716 1132 1789 1160 ac-

170 1204 369 1237 cusaret.
392 1197 639 1238 Aleatores
659 1196 879 1248 priuatim
901 1194 1146 1243 admoniti,
1171 1194 1249 1234 alii
1270 1194 1459 1234 chartas
1488 1193 1639 1244 pictas
1669 1202 1788 1231 rum-

174 1267 350 1320 pendas
371 1267 552 1318 offerre,
577 1267 654 1307 alii
675 1266 1005 1318 poenitentiam
1026 1265 1256 1316 polliceri,
1290 1264 1380 1304 hoc
1410 1270 1591 1304 tantum
1621 1273 1790 1313 rogan·

170 1346 258 1389 tes,
282 1351 338 1379 ne
360 1339 405 1378 in
427 1338 661 1389 publicum
680 1338 1009 1389 proderentur:
1034 1336 1294 1388 prostitutis
1324 1336 1644 1376 meretricibus
1664 1336 1790 1378 facta

170 1417 240 1451 est
262 1410 389 1461 optio
410 1421 437 1448 a
457 1410 629 1449 nostris
654 1408 891 1458 Patribus,
921 1414 965 1447 et
995 1420 1020 1447 a
1050 1407 1278 1447 iudicibus
1307 1407 1603 1457 confirmata,
1635 1413 1686 1447 vt
1716 1409 1792 1448 vel

169 1482 412 1522 exularent
438 1480 513 1520 vel
538 1480 844 1531 poeniterent.
873 1478 1030 1519 Nostri
1057 1478 1242 1529 quidem
1271 1478 1601 1530 poenitentiam
1631 1478 1791 1519 suade-

170 1553 294 1600 bant;
319 1551 495 1592 iudices
517 1557 686 1599 autem,
710 1551 757 1590 ni
778 1549 823 1590 id
842 1550 1066 1598 facerent,
1090 1536 1279 1589 exilium
1300 1555 1479 1590 certum
1500 1555 1543 1589 et
1565 1561 1790 1601 corpora·

168 1623 258 1663 lem
277 1634 476 1674 poenam
503 1622 665 1662 minati
689 1620 844 1673 [sunt].

251 1693 424 1735 Omitto
455 1693 677 1745 profanos
704 1693 867 1742 libros,
902 1704 1034 1744 quos,
1058 1704 1084 1731 a
1106 1704 1357 1743 puerorum
1388 1692 1559 1732 scholis
1585 1691 1792 1731 suauiter

170 1765 362 1806 eductos
382 1765 429 1804 in
454 1764 817 1814 xenodochium,
849 1764 997 1804 nostri
1027 1762 1190 1804 Patres
1211 1775 1317 1803 cum
1347 1763 1576 1813 aliquibus
1605 1762 1793 1813 oppida-

171 1836 264 1886 nis,
295 1835 626 1876 ecclesiasticis
655 1841 700 1874 et
729 1834 1039 1883 secularibus,
1077 1834 1242 1874 deuote
1275 1840 1464 1873 orantes
1498 1832 1790 1884 rumpebant,

172 1906 474 1947 admonentes
503 1906 687 1946 interim
714 1912 765 1945 vt
797 1912 954 1945 castos
982 1905 1069 1945 sibi
1100 1905 1242 1945 libros
1268 1909 1546 1944 coemerent.
1579 1903 1693 1944 Illud
1725 1910 1794 1943 ta—

173 1989 278 2018 men
299 1977 482 2017 silentio
504 1989 597 2017 non
618 1977 901 2028 praeteribo;
925 1966 1072 2028 quod,
1105 1987 1209 2016 cum
1230 1974 1442 2015 viderent
1469 1981 1657 2014 nostros
1687 1985 1795 2025 pau-

173 2048 361 2100 peribus
382 2048 712 2098 inseruientes,
736 2047 1038 2088 imitabantur
1059 2047 1181 2087 illico
1213 2046 1613 2097 prouidebantque
1644 2045 1731 2096 ipsi
1752 2051 1796 2084 et

174 2119 489 2160 inseruiebant
509 2119 611 2158 illis.

253 2189 598 2241 Pet-sequuntur
627 2201 712 2229 nos
732 2189 811 2240 qui
840 2190 1011 2239 solent,
1044 2188 1231 2239 saepius
1260 2187 1384 2228 dicta
1414 2187 1692 2237 referentes,
1725 2198 1799 2226 ca-

173 2261 549 2312 lumnianturque
571 2261 726 2312 aliqua
748 2260 913 2309 denuo,
937 2271 1056 2311 quae
1078 2260 1302 2299 hactenus
1324 2258 1683 2309 simplicioribus
1704 2258 1799 2309 pla-

176 2332 363 2382 cebant,
395 2331 714 2382 decrescitque
744 2330 897 2381 nobis,
937 2330 977 2370 si
1006 2341 1098 2370 non
1129 2340 1371 2379 numeruS,
1404 2329 1570 2369 saltem
1601 2328 1800 2380 qualitas

175 2402 441 2443 auditorum
460 2408 504 2443 et
525 2401 874 2453 poenitentium.
905 2400 1091 2441 Nobiles
1117 2411 1316 2452 namque
1338 2405 1383 2440 et
1402 2400 1574 2440 literati
1604 2399 1695 2439 viri
1722 2410 1801 2439 no-

177 2474 314 2514 bilem
334 2474 659 2525 literatumque
681 2478 948 2524 sequuntur.
981 2472 1176 2512 Vtinam
1197 2472 1256 2512 ad
1287 2470 1660 2511 conseruandum
1688 2476 1733 2510 et
1754 2470 1799 2509 in

177 2545 426 2585 virtutibus
464 2543 834 2595 promouendum
874 2549 943 2583 tot
982 2542 1249 2582 auditorum
1293 2553 1482 2582 suorum
1523 2547 1801 2592 nostrosque

177 2615 360 2656 animos
380 2615 585 2666 gratiam
605 2615 669 2654 illi
689 2614 918 2654 Dominus
940 2613 1068 2654 Deus
1088 2613 1373 2653 vberrimam
1393 2612 1638 2663 largiatur.

255 2686 451 2738 Hispali,
474 2686 499 2725 6
519 2684 701 2726 kalend.
727 2684 1011 2736 Septembris
1031 2696 1154 2724 anno
1174 2683 1364 2724 Domini
1390 2684 1503 2723 1556.

256 2757 325 2797 De
346 2757 675 2798 commissione
696 2755 744 2796 Ρ.
769 2756 996 2796 Rectoris.

388 2828 446 2869 V.
471 2828 519 2868 P.
545 2828 894 2879 indignissimus
917 2827 1034 2867 filius
1056 2828 1099 2867 in
1123 2827 1324 2867 Domino
1346 2827 1470 2879 Jesu,

175 2998 322 3040 t,'
1354 2989 1382 3033 †

1134 3040 1342 3093 JOANNEs
1372 3040 1582 3080 XUAREZ.
