2020 3342
257 232 324 273 192
765 233 989 272 LITTERAE
1015 243 1371 277 QUADRIMESTRES

255 331 433 382 dissita,
464 331 783 371 confessiones
812 330 1075 379 auditurus;
1108 330 1164 369 ab
1200 329 1392 370 infirmis
1427 330 1568 370 etiam
1604 328 1876 381 saepissime

256 408 470 452 vocatur,
493 402 572 453 qui
592 407 688 442 tum
709 402 796 442 sibi
818 401 1110 442 satisfactum
1131 407 1175 441 et
1196 407 1294 442 tuto
1324 401 1527 441 animam
1558 400 1714 441 efflare
1740 411 1877 451 posse

254 479 436 524 putant,
460 473 540 513 vbi
561 473 626 513 illi
646 472 848 513 confessi
870 478 996 524 sunt;
1020 471 1143 524 quod
1165 478 1319 512 tamen
1341 473 1460 512 clam
1483 477 1648 512 curant
1675 470 1788 521 fieri,
1820 482 1877 510 ne

255 544 343 584 sibi
365 544 627 584 calumnias
649 550 728 584 aut
755 543 887 584 nobis
916 543 1184 594 grauiorem
1217 543 1417 584 conflent
1447 542 1685 592 inuidiam,
1718 547 1769 582 vt
1800 541 1877 593 qui

257 621 546 667 compertum
568 615 771 655 habeant
793 615 837 654 id
859 614 1053 655 aemulis
1074 614 1246 654 nostris
1268 625 1433 666 parum
1454 625 1557 654 esse
1576 619 1777 665 gratum.
1802 612 1877 652 Ad

257 685 627 736 pernoctandum
649 686 789 726 etiam
811 684 934 737 apud
956 685 1164 726 infirmos
1185 685 1450 736 frequenter
1473 695 1803 733 conuocamur,
1826 689 1877 722 vt

257 768 337 797 eos
360 758 653 797 consolemur
676 763 720 797 et
741 756 1012 797 roboremus
1033 756 1080 796 in
1109 756 1329 807 Domino,
1361 755 1484 808 quod
1512 754 1756 795 charitatis
1784 765 1877 794 mu-

257 839 343 867 nus
365 839 511 879 nuper
532 827 719 867 sartrici
739 827 913 878 regiae,
939 827 1196 879 hyspanae,
1221 838 1340 879 quae
1369 826 1619 878 aliquando
1647 824 1770 865 R.dae
1796 824 1878 865 Pa-

257 898 463 938 ternitati
483 904 591 938 tuae
619 898 886 950 scripserat,
911 897 1227 939 exhibuimus:
1257 898 1374 949 ipsa,
1405 897 1617 949 quamuis
1648 897 1694 936 in
1724 895 1880 947 pleris-

258 980 345 1021 que
367 969 507 1009 D.¹¹²³¹11
538 969 780 1009 Isabellam
808 968 1044 1009 Rosellam
1081 968 1091 988 ¹
1122 980 1235 1020 erga
1267 980 1352 1009 nos
1382 968 1561 1008 imitata
1587 968 1659 1018 sit,
1692 966 1881 1007 tandem

257 1051 363 1080 cum
400 1040 471 1080 sui
504 1040 680 1080 instare
716 1040 1069 1080 dissolutionem
1104 1040 1319 1090 sentiret,
1357 1051 1414 1079 ne
1454 1051 1480 1079 a
1517 1039 1566 1079 P.
1607 1038 1879 1090 Praeposito

259 1111 552 1151 desereretur
593 1111 842 1162 plurimum
880 1111 1141 1161 metuebat;
1182 1111 1280 1150 eius
1320 1110 1523 1150 animam
1563 1109 1879 1159 maximopere

259 1182 465 1222 omnium
495 1181 711 1233 precibus
739 1181 1057 1222 commendari
1086 1188 1317 1233 optamuS,
1349 1187 1400 1221 vt
1430 1181 1583 1232 quiete
1615 1179 1881 1231 perfruatur

259 1251 555 1303 sempiterna.

338 1322 616 1363 Huiusmodi
651 1323 836 1374 pietatis
865 1323 1015 1364 officia
1043 1323 1272 1374 omnibus,
1304 1323 1580 1374 Vbicumque
1610 1333 1712 1362 sese
1743 1320 1877 1361 offert

260 1394 463 1444 occasio,
487 1394 835 1445 promptissimo
857 1395 1012 1435 animo
1035 1394 1322 1444 exhibemus,
1346 1405 1452 1434 curn
1472 1404 1644 1444 magna
1672 1392 1878 1432 omnium

263 1464 585 1505 aedificatione
608 1470 652 1505 et
674 1466 1009 1517 consolatione,
1033 1472 1132 1506 tum
1152 1472 1342 1517 propter
1363 1476 1459 1505 rem
1492 1464 1814 1504 inconsuetam
1839 1468 1883 1502 et

262 1547 380 1587 pene
408 1536 666 1576 inauditam
694 1536 821 1587 ipsis,
854 1542 950 1576 tum
979 1537 1117 1577 etiam
1147 1543 1337 1588 propter
1373 1536 1586 1587 exempla
1619 1541 1663 1574 et
1695 1539 1883 1574 sanctas

262 1607 628 1657 exhortationes,
667 1619 785 1659 quae
819 1608 943 1658 piam
977 1608 1390 1660 metamorphosim
1425 1595 1774 1657 nonnumquam
1807 1615 1882 1656 ge-

264 1685 445 1727 nerant,
468 1684 519 1718 vt
540 1679 805 1728 nuperrime
827 1679 1036 1730 contigit.
1061 1678 1176 1720 Cum
1196 1690 1315 1719 vnus
1332 1678 1527 1718 fratrum
1545 1676 1668 1731 apud
1684 1675 1883 1716 nobilem

264 1750 526 1801 quemdam,
551 1750 629 1801 qui
656 1750 748 1790 iam
775 1750 1027 1800 interierat,
1058 1756 1417 1802 pernoctaturus
1451 1754 1586 1799 esset,
1623 1747 1787 1788 videns
1820 1746 1882 1786 iu-

262 1822 565 1861 uenculorum
587 1827 631 1860 et
653 1821 928 1861 ancillarum
950 1821 1253 1861 effraenatam
1275 1820 1593 1873 petulantiam,
1619 1819 1697 1871 qui
1717 1830 1800 1870 pro
1822 1818 1884 1857 la-

262 1892 469 1943 chrymis
508 1891 761 1932 cachinnos
801 1892 1053 1944 foedasque
1092 1904 1147 1932 ac
1193 1892 1464 1932 libidinosas
1502 1889 1885 1942 gesticulationes

263 1962 553 2014 impudenter
588 1969 797 2013 agerent,
828 1974 1028 2003 coenare
1056 1975 1161 2003 cum
1191 1962 1379 2003 domina
1411 1963 1605 2013 aliisque
1635 1960 1880 2010 nobilibus,

263 2045 353 2085 qua
375 2033 522 2084 potuit
553 2033 796 2084 modestia,
826 2034 1078 2084 recusauit,
1111 2034 1292 2074 abunde
1321 2033 1408 2073 sibi
1437 2032 1730 2073 satisfactum
1762 2042 1883 2071 asse-

264 2116 370 2144 rens
392 2104 430 2144 si
453 2115 557 2144 cum
586 2104 763 2143 familia
792 2115 990 2145 coenare
1017 2104 1193 2154 liceret,
1224 2110 1533 2156 opportunam
1560 2115 1609 2143 se
1639 2108 1886 2142 nacturum

264 2175 559 2215 occasionem
596 2186 790 2226 sperans
820 2176 1097 2216 sceleratam
1125 2175 1245 2215 hanc
1273 2174 1539 2215 refrenandi
1565 2172 1883 2226 petulantiam;

263 2253 466 2297 tumque,
486 2246 701 2297 quamuis
718 2252 813 2286 tam
828 2246 1049 2297 priuatim
1066 2246 1291 2298 quosdam
1307 2245 1639 2296 admonuisset,
1658 2251 1709 2284 vt
1728 2243 1885 2295 cytha-

264 2329 341 2357 ras
362 2328 472 2357 suas
493 2328 598 2356 cum
619 2317 878 2368 lachrymis
906 2323 1245 2358 commutarent
1274 2316 1439 2366 effecit,
1464 2328 1555 2356 non
1577 2315 1763 2367 quidem
1783 2325 1884 2366 pro-

265 2394 364 2439 pter
386 2388 486 2428 heri
508 2388 762 2438 interitum,
787 2399 923 2439 quem
945 2394 1100 2428 tamen
1122 2388 1282 2427 viuum
1303 2388 1564 2427 dilexerant
1587 2387 1644 2426 ob
1667 2386 1764 2426 eius
1780 2385 1886 2425 libe-

265 2459 497 2499 ralitatem
519 2465 562 2498 et
583 2459 1002 2510 mansuetudinem,
1027 2458 1108 2499 sed
1130 2459 1252 2510 quod
1274 2470 1488 2498 seueram
1507 2458 1684 2511 Judicis
1703 2456 1884 2506 summi,

266 2541 383 2581 quae
405 2530 468 2569 nil
490 2530 684 2570 inultum
705 2530 939 2582 relinquit,
968 2529 1194 2582 justitiam
1224 2529 1582 2581 perhorrescere
1603 2541 1658 2569 ac
1679 2528 1886 2568 reformi—

267 2600 378 2640 dare
402 2606 669 2652 coeperunt,
693 2601 914 2641 vitiorum
936 2613 1125 2641 suorum
1154 2613 1396 2650 memores,
1427 2601 1644 2652 vitaeque
1672 2598 1887 2639 mutatio-

266 2683 371 2711 nem
389 2678 433 2711 et
450 2671 606 2711 verbis
619 2678 662 2711 et
675 2672 930 2723 lachrymis
946 2672 1300 2723 pollicebantur,
1319 2672 1569 2723 praeterita
1588 2670 1884 2711 detestantes.

266 2742 373 2782 Alia
395 2742 440 2782 in
462 2742 565 2781 aliis
589 2743 729 2782 etiam
751 2743 866 2782 locis
887 2743 933 2782 in
956 2743 1044 2782 Dei
1065 2743 1267 2794 gloriam
1288 2749 1480 2794 peracta
1502 2748 1623 2792 sunt,
1649 2753 1766 2793 quae
1788 2742 1888 2780 bre-

268 2813 425 2852 uitatis
447 2824 589 2852 causa
613 2820 891 2863 praetereo]
1001 2818 1005 2820 '

321 2997 329 3017 ί
371 2996 552 3023 Isabellam
575 2996 692 3031 Roser,
711 2998 767 3024 vel
788 2997 913 3025 Rosell.
932 2998 1016 3025 Vide
1037 2997 1160 3025 Carras
1181 2998 1222 3025 de
1240 2998 1310 3026 San
1333 2998 1487 3032 Ignacio,
1501 3003 1524 3026 t.
1541 3005 1561 3033 1,
1576 3006 1654 3033 pag.
1671 2997 1714 3033 16,
1730 3003 1844 3026 annot.
1859 2997 1884 3026 2.

268 3044 375 3079 Saepe
391 3044 494 3071 etiam
511 3044 673 3072 scribitur
687 3045 799 3073 RoseL
