2020 3342
203 244 274 282 700
827 244 1057 280 APPENDIx
1083 254 1217 280 PRuuA

279 342 369 382 Hic
390 348 459 382 est
480 341 773 391 ingeniorum
794 350 967 390 magna
989 340 1145 390 copia;
1169 346 1295 380 terra
1323 340 1446 380 enim
1474 352 1621 392 aeque
1650 341 1839 382 fructus

201 419 338 465 atque
360 412 547 467 ingenia
569 411 704 461 parit.
728 409 865 450 Vnde
886 410 987 450 Deo
1008 410 1172 450 honori
1188 411 1395 451 futurum
1414 422 1671 462 SperamUS,
1690 423 1804 464 prae
1814 434 1833 441 -r

200 484 360 525 sertim
383 494 488 523 cum
515 482 589 522 hic
620 482 666 522 in
694 481 844 521 medio
872 481 1013 521 totius
1043 481 1260 521 Baeticae
1288 487 1384 521 tam
1411 482 1503 521 late
1531 482 1710 533 aperiat
1739 494 1824 524 sua

199 554 334 605 signa
358 559 519 593 nostra
541 551 765 592 Societas.
791 551 894 592 Non
919 551 994 591 hic
1021 551 1136 591 vitia
1163 552 1325 602 vigent
1356 553 1747 603 quemadmodum
1776 554 1823 594 in

199 625 364 665 uicInis
399 623 580 675 populis
604 635 611 663 :
648 623 771 674 quod
801 622 986 674 quidem
1014 622 1185 671 effecit,
1218 622 1469 666 vt,tamdiu
1495 623 1571 663 hic
1599 625 1823 664 manserit

198 695 424 745 Magister
444 692 599 743 Auil'a,
624 705 729 733 cum
749 693 974 733 maiorem
995 692 1102 733 hinc
1132 692 1332 733 fructum
1360 701 1572 745 speraret
1593 706 1733 746 quam
1764 706 1823 735 ex

199 766 302 816 aliis
323 765 554 815 gentibus.
577 763 710 804 Nunc
732 775 889 803 secum
911 763 1099 814 gaudet,
1123 776 1247 804 nunc
1267 763 1369 804 Deo
1391 776 1555 816 preces
1573 764 1745 815 fundit,
1779 774 1823 805 et

197 848 356 877 secum
378 847 484 876 curn
505 834 721 875 Simeone
749 834 881 874 dicit:
905 845 1029 873 nunc
1054 834 1254 874 dimittis
1276 846 1470 874 seruum
1491 839 1643 886 tumn,
1664 835 1821 876 Domi-

196 920 269 958 ne,
287 908 364 947 ἃς.
386 906 640 958 Cognoscit
657 906 750 946 iam
767 906 884 945 haec
898 905 1063 945 ciuitas
1079 905 1168 946 Dei
1183 905 1554 946 misericordiam
1570 918 1675 946 cum
1693 918 1822 958 aper-

197 986 269 1018 tos
302 978 456 1028 ludos,
493 977 768 1026 religionem
803 982 1036 1026 sanctam,
1067 977 1263 1027 probata
1292 977 1500 1016 uirorum
1532 978 1745 1028 exempla
1776 984 1822 1030 et

195 1050 392 1089 aliorum
413 1048 672 1099 profectum
692 1047 863 1087 uideat.
898 1046 1050 1086 Habet
1081 1047 1223 1087 etiam
1252 1048 1297 1087 in
1326 1047 1482 1087 animo
1512 1054 1695 1087 uastam
1715 1060 1821 1087 aca-

194 1120 393 1160 demiam
414 1119 696 1159 constituere
718 1129 810 1157 non
832 1117 931 1157 sine
952 1117 1142 1169 copioso
1165 1124 1416 1168 prouentU,
1440 1129 1577 1169 quem
1598 1118 1686 1158 uiri
1706 1129 1819 1158 non-

193 1191 305 1231 nulli
326 1197 370 1230 et
391 1189 523 1241 probi
544 1189 813 1229 sacerdotes
841 1189 1131 1239 pollicentur.
1165 1188 1281 1240 Quid
1306 1189 1459 1229 dicam
1489 1188 1544 1229 de
1572 1189 1819 1230 scholasti-

193 1262 279 1301 cis?
301 1261 582 1301 Tercentum
600 1260 851 1311 gymnasia
872 1265 1033 1299 nostra
1062 1259 1382 1310 frequentant,
1407 1260 1462 1299 de
1483 1260 1689 1311 peccatis
1711 1271 1818 1300 con-

191 1332 391 1381 fitentur,
430 1331 488 1371 ab
523 1331 735 1370 omnibus
761 1330 877 1370 bene
913 1329 1119 1380 audiunt,
1161 1341 1265 1370 cum
1293 1336 1388 1370 tam
1417 1336 1621 1370 mutatos
1655 1342 1817 1371 eorum

192 1414 344 1443 mores
366 1402 577 1448 uideant,
610 1408 707 1441 tam
736 1401 995 1441 studiorum
1022 1401 1245 1441 sollicitos
1274 1401 1475 1441 sentiant
1504 1408 1548 1441 et
1576 1401 1817 1441 doctrinae

192 1474 476 1514 christianae
498 1472 744 1513 studiosos.
767 1471 924 1521 Ratio,
955 1483 1073 1523 quae
1106 1472 1152 1511 in
1178 1472 1453 1512 lectionibus
1484 1477 1712 1521 seruatur,
1748 1480 1819 1513 est

191 1545 367 1595 eadem,
393 1555 532 1596 quam
553 1550 601 1583 tu
623 1544 803 1583 seruari
824 1542 967 1582 iubes:
993 1543 1114 1582 hanc
1136 1543 1258 1582 enim
1280 1541 1329 1581 Ρ.
1360 1542 1541 1583 Natalis
1564 1543 1821 1584 constituit.

192 1615 407 1655 Caietani
427 1626 655 1654 summam
681 1613 705 1663 ¹,
731 1624 849 1664 quae
869 1613 1055 1664 plurimi
1076 1613 1122 1652 in.
1144 1613 1215 1653 his
1238 1613 1374 1653 terris
1397 1613 1684 1663 aestimatur,
1710 1620 1819 1665 apte

191 1686 390 1737 quidem.
414 1691 638 1736 quantum
659 1696 717 1723 ex
739 1684 1003 1723 auditorum
1027 1684 1180 1723 verbis
1202 1685 1516 1734 percepimus,
1540 1685 1815 1735 interpreta-

189 1763 262 1796 tur
284 1756 461 1796 Doctor
481 1755 620 1795 Plaza
644 1754 672 1803 ⁵²,
697 1754 882 1805 quidam
905 1766 963 1794 ex
983 1755 1072 1794 illis
1094 1754 1362 1794 doctoribus
1384 1754 1668 1806 Siguencae‚
1694 1755 1818 1795 alias

188 1828 469 1878 Seguntinis,
507 1827 583 1877 qui
617 1837 763 1877 nuper
799 1825 1078 1866 Societatem
1114 1825 1355 1876 ingressus
1386 1833 1469 1875 est;
1504 1826 1663 1866 literas
1699 1837 1814 1865 uero

187 1909 384 1948 graecas
406 1896 545 1936 Pater
565 1896 681 1949 Jaen
702 1895 730 1946 ³,
755 1896 829 1935 ille
857 1896 1066 1947 quidem,
1090 1896 1222 1936 cuius
1252 1896 1377 1936 fama
1406 1896 1466 1936 ad
1492 1903 1598 1955 tuas
1625 1896 1812 1937 deuenit

187 1980 324 2009 aures
360 1968 624 2019 aliquando,
663 1967 739 2018 qui
774 1965 1007 2018 Compluti
1041 1973 1177 2007 antea
1214 1967 1394 2018 publice
1429 1968 1607 2008 solebat
1643 1967 1811 2008 docere

190 2040 350 2079 literas
370 2050 584 2089 graecas.
609 2037 912 2077 Rhetoricam
934 2037 1205 2089 auspicatus
1228 2044 1295 2078 est
1325 2038 1471 2078 frater
1500 2038 1750 2079 Marcellus
1780 2037 1818 2089 ⁴,

185 2110 266 2150 sed
287 2116 477 2161 propter
498 2120 630 2148 suam
652 2107 967 2148 infirmitatem
988 2109 1076 2148 hoc
1094 2108 1252 2148 labore
1274 2109 1534 2160 supersedit
1556 2109 1687 2160 eique
1709 2121 1813 2156 suc-

186 2181 326 2220 cessit
360 2179 606 2220 Antichius
640 2178 769 2219 Roca
805 2177 833 2229 ⁵,
870 2179 948 2230 qui
983 2179 1123 2219 etiam
1157 2178 1431 2219 Suetonium
1460 2179 1809 2231 interpretatur.

183 2251 323 2291 Pater
345 2251 558 2290 Ramirez
581 2249 593 2265 '³
615 2250 846 2290 secundas
867 2256 1024 2300 partes
1045 2249 1094 2295 in,
1113 2250 1435 2300 grammaticis
1456 2257 1596 2301 tenet,
1614 2250 1811 2290 familia-

183 2333 258 2362 res
281 2322 516 2373 epistolas,
541 2320 818 2370 Yergilium,
843 2328 886 2359 et
909 2328 1126 2370 quartum
1146 2320 1340 2360 Antonii
1358 2321 1525 2360 librum
1543 2320 1554 2338 ⁷
1578 2321 1811 2361 laboriose

184 2392 475 2432 scholasticis
498 2391 660 2441 aperit.
691 2391 828 2430 Pater
855 2390 1133 2431 Benedictus
1164 2391 1323 2441 pueris
1351 2391 1691 2441 grammaticae
1722 2392 1817 2431 ele-⁷

237 2530 242 2544 ¹
286 2527 429 2554 THOMAE
445 2535 487 2554 DE
501 2527 578 2560 Vm,
596 2526 761 2561 Cajetani.
779 2525 815 2553 O.
835 2526 880 2560 P„
897 2526 927 2553 S.
945 2527 984 2554 R.
999 2527 1040 2553 E.
1056 2526 1259 2561 Cardinalis‚
1275 2526 1423 2554 Summa
1445 2528 1487 2554 de
1499 2528 1668 2562 peccatis.

235 2576 248 2594 ·-’
288 2575 319 2602 Ρ.
332 2575 479 2608 Joannes
494 2575 533 2601 de
550 2576 583 2601 la
600 2574 711 2601 Plaza.

231 2621 245 2640 ⁷¹
288 2622 322 2648 P.
338 2622 484 2655 Joannes
498 2622 590 2655 Jaffn.

232 2670 245 2688 4
283 2668 465 2696 Marcellus
481 2669 519 2695 de
537 2669 693 2695 Salazar.

232 2715 246 2734 ⁵
286 2715 380 2742 Hunc
396 2715 610 2742 SANTIVAS'EZ
626 2716 776 2749 appellat
793 2715 954 2748 Joannem
968 2715 1071 2743 Roca.
1084 2716 1170 2743 Vide
1183 2716 1332 2743 Pomxm
1346 2714 1549 2747 chronicon,
1561 2720 1585 2743 t.
1600 2723 1647 2749 w,
1658 2715 1815 2751 pagsstm,

182 2768 215 2790 et
231 2762 390 2790 Litterae
404 2760 707 2795 Qnaa’rz'mest‘reS,
725 2767 746 2789 t.
764 2769 797 2793 11.
820 2769 896 2796 pag.
909 2762 953 2794 70,
970 2767 1086 2790 annot.
1101 2763 1131 2790 3.

230 2811 244 2831 6
284 2811 319 2837 P.
338 2809 481 2837 Michael
498 2809 666 2837 Ramirez.

230 2858 244 2877 ἰ
284 2857 354 2884 Hoc
371 2862 504 2884 tanturn
527 2857 647 2883 indicio
668 2857 755 2889 fulti,
782 2857 869 2890 quod
886 2858 994 2884 verba
1009 2857 1093 2884 haec
1116 2859 1283 2890 quartum
1306 2857 1452 2884 Antonii
1471 2858 1602 2884 librum
1627 2859 1809 2902 praebent,-

178 2906 253 2939 quis
271 2905 325 2932 hic
341 2905 428 2931 liber
441 2904 578 2938 ejusque
594 2908 714 2931 auctor
726 2904 900 2930 Antonius
916 2904 1017 2931 fuerit
1030 2903 1169 2931 definire
1182 2912 1246 2932 non
1258 2905 1431 2932 audemus,
1444 2904 1570 2932 Facilis
1582 2906 1714 2940 quidem
1726 2913 1804 2933 con-

173 2952 308 2986 jectura
325 2955 389 2984 est,
404 2951 561 2985 quoniam
578 2951 617 2977 de
633 2958 669 2977 re
684 2952 914 2985 grammatica
928 2952 1054 2985 agitur,
1070 2951 1246 2986 indigitari
1262 2952 1316 2979 hic
1335 2953 1435 2979 AELn
1448 2952 1593 2979 Amonu
1605 2952 1808 2980 NEBR1SSEN-

176 3006 235 3031 sls,
248 2998 531 3025 lntroductiones
544 2998 580 3023 in
597 2998 749 3025 latinam
767 3000 1054 3031 grammaticem,‘
1069 3006 1188 3026 verum
1204 3000 1230 3026 is
1248 3000 1360 3034 operis
1374 3000 1435 3032 sui,
1449 3005 1548 3034 prout
1565 3000 1673 3027 medio
1687 3007 1807 3028 saecu-

176 3047 207 3073 lo
222 3053 281 3073 xvi
297 3046 462 3072 edebatur
476 3045 861 3080 circumferebaturque,
879 3049 996 3079 partes
1011 3053 1075 3072 non
1091 3046 1199 3074 libros
1214 3047 1271 3073 sed
1287 3048 1463 3074 tractatus
1478 3049 1678 3081 appellavit.
