2020 3342
842 215 924 253 AN.
962 215 1053 253 1556
1687 213 1756 249 343

138 312 355 354 conciliat
377 313 684 363 astringitque
707 312 988 352 arctissime:
1018 323 1107 362 quo
1130 311 1178 350 fit
1199 317 1249 350 vt
1273 310 1413 349 verbo
1444 316 1581 359 atque
1603 320 1755 348 exem-

138 384 228 434 p10‚
251 384 376 434 quod
395 383 444 423 in
466 383 671 423 Domino
693 383 843 434 cupit,
864 381 974 422 aliis
995 382 1131 422 facile
1151 380 1443 432 persuadeat.

217 453 384 494 Noster
410 453 635 505 Magister
661 453 827 494 Petrus
854 453 1065 502 Canalis,
1105 452 1164 492 ad
1200 451 1450 491 sacerdotii
1480 450 1756 500 dignitatem

139 531 245 564 ante
281 526 456 576 pascha
492 532 705 574 euectus,
743 524 960 564 sacrificii
982 524 1228 575 primitias,
1253 522 1375 573 apud
1397 521 1755 570 Issiodorenses,

138 594 236 635 Deo
271 595 487 636 secundis
521 595 729 635 Paschae
757 595 885 636 feriis
920 594 1104 644 obtulit,
1138 605 1243 634 cum
1272 593 1524 633 multorum
1549 592 1755 631 consola-

137 666 283 717 tione,
312 665 526 707 refutatis
561 666 775 706 omnibus
810 666 1093 706 muneribus.
1130 665 1230 715 Ego
1268 675 1394 713 vero,
1430 662 1614 703 Biliomi
1649 662 1758 702 sede

137 736 252 787 fixa,
285 744 392 778 ante
419 737 850 789 quadragesimam,
890 737 947 777 D.
986 736 1115 776 Pauli
1151 734 1397 787 epistolam
1428 734 1486 774 ad
1520 733 1758 773 Romanos

134 807 340 847 absolui:
359 814 463 859 post
483 808 662 860 pascha
682 820 795 848 vero
817 808 1021 859 priorem
1038 806 1094 846 D.
1113 806 1236 846 Petri
1253 805 1530 845 canonicam
1547 804 1757 855 auspica-

135 886 208 919 tus
228 890 356 929 sum,
380 880 426 919 in
458 890 547 931 qua
582 879 859 929 explicanda
891 879 1230 930 professionem
1260 876 1574 926 theologicam
1603 885 1757 926 prose-

135 961 266 1002 quor.
291 950 351 990 In
373 950 748 1001 quadragesima
770 950 893 989 R.²²¹0
914 949 1147 1001 Episcopo
1172 952 1335 988 nostro
1358 947 1574 999 precibus
1592 946 1758 997 impor-

135 1021 260 1061 tunis
281 1033 505 1073 persuaso
526 1034 552 1061 a
574 1021 950 1071 Biliomensibus,
981 1020 1286 1061 concionator
1313 1018 1463 1067 adfui,
1488 1029 1594 1058 curn
1621 1028 1758 1057 euan-

134 1092 314 1143 gelicae
341 1092 506 1132 messis
528 1092 652 1132 haud
673 1091 858 1142 vulgari
881 1091 1014 1143 copia
1036 1103 1092 1130 ac
1113 1097 1243 1130 tanta
1264 1089 1505 1130 hominum
1527 1088 1758 1128 confluen-

136 1163 222 1213 tia,
269 1168 320 1202 vt
364 1163 591 1214 stupenda
636 1162 708 1202 lzz'c
742 1167 862 1213 pene
906 1162 1142 1201 videatur.
1191 1161 1468 1201 Dominicae
1519 1158 1759 1200 Passionis

138 1234 428 1274 enarrationi
447 1234 584 1274 facile
605 1245 688 1274 sex
715 1234 955 1274 hominum
985 1233 1128 1272 millia
1158 1231 1422 1273 interfuisse
1451 1230 1678 1271 feruntur.
1708 1229 1759 1269 In

134 1305 397 1356 proximam
420 1304 851 1357 quadragesimam,
875 1303 985 1344 aliis
1008 1303 1327 1354 compluribus
1343 1335 1353 1351 ‚
1384 1302 1467 1353 qui
1491 1302 1539 1341 id
1566 1300 1756 1352 efflagi-

135 1379 262 1425 tant,
283 1375 525 1427 repulsam
551 1375 838 1427 patientibus
856 1408 863 1423 ,
894 1374 1290 1415 Issiodorensibus
1311 1386 1337 1414 a
1358 1373 1471 1414 R.m0
1491 1373 1694 1413 Domino
1712 1373 1758 1412 in

133 1447 401 1487 Aduentum
422 1453 466 1487 et
488 1446 908 1497 Quadragesimam
926 1446 1137 1486 addictus
1155 1457 1273 1485 sum.
1291 1444 1621 1496 Bryouclenses
1635 1450 1758 1495 post-

131 1518 322 1559 modum
350 1529 432 1570 per
461 1517 800 1558 nobilissimum
826 1517 980 1557 virum
1008 1515 1151 1556 Duum
1179 1515 1302 1567 Daly
1331 1527 1403 1555 me
1431 1520 1681 1566 rogarunt,
1705 1520 1755 1554 vt

132 1589 299 1630 saltem
321 1589 516 1629 alteram
539 1588 985 1640 Quadragesimam‚
1018 1587 1209 1628 secundi
1239 1587 1459 1627 nimirum
1486 1585 1616 1636 anni,
1642 1585 1757 1636 ipsis

132 1659 371 1711 pollicear.

213 1730 532 1771 Admirandus
554 1737 622 1771 est
644 1730 691 1770 in
719 1730 808 1770 hac
835 1730 1159 1770 Aruernorum
1190 1729 1382 1780 regione
1411 1739 1524 1779 erga
1551 1727 1757 1768 Societa-

133 1808 225 1842 tem
265 1801 483 1851 affectus,
525 1813 580 1842 ac
620 1801 790 1842 nobilis
829 1801 886 1841 de
926 1808 1087 1841 nostra
1122 1800 1416 1852 professione
1451 1799 1591 1839 fama.
1634 1798 1757 1839 Ante

133 1872 556 1925 Quadragesimam
577 1873 802 1924 elapsam,
820 1872 867 1912 in
883 1872 997 1912 vrbe
1019 1871 1295 1922 Biliomaea,
1321 1870 1538 1921 Vicensi,
1562 1870 1756 1910 Issiodo-

133 1944 282 1993 rensi,
307 1943 431 1996 apud
451 1943 657 1984 Montem
679 1943 928 1993 Morinum,
946 1946 1059 1994 post
1080 1942 1256 1994 pascha
1277 1953 1389 1982 vero
1417 1941 1527 1981 aliis
1547 1941 1596 1980 in
1623 1940 1757 1990 locis,

132 2015 434 2056 ecclesiastae
470 2014 642 2066 officio,
679 2025 782 2054 cum
818 2013 1079 2054 multorum
1113 2013 1329 2064 spiritale*
1360 2012 1679 2053 consolatione
1713 2015 1756 2051 et

129 2086 314 2137 fructu,
325 2086 533 2137 functus
554 2097 674 2125 snm.
700 2085 886 2126 Christo
908 2085 1058 2125 honor
1080 2091 1179 2125 esto
1202 2090 1246 2125 et
1266 2084 1434 2135 gloria.

212 2157 532 2198 Confessionis
579 2162 876 2197 sacramento
923 2156 1266 2206 administrato,
1317 2156 1566 2195 multorum
1617 2154 1756 2194 saluti

131 2229 289 2270 diuina
305 2229 569 2280 benignitas
585 2239 668 2280 per
684 2239 757 2268 me
776 2228 1023 2268 consuluit.
1039 2226 1312 2278 Complures
1329 2227 1597 2277 generalem
1614 2226 1756 2266 totius

131 2301 257 2341 vitae
279 2300 621 2341 confessionem
642 2299 972 2339 instituerunt.
997 2297 1098 2339 Non
1126 2298 1264 2349 pauci
1291 2298 1530 2338 mensibus
1558 2297 1755 2348 singulis

132 2383 234 2412 meo
270 2382 411 2412 suasu
447 2369 740 2420 confitentur,
777 2376 822 2410 et
854 2369 1180 2411 Eucharistiae
1211 2376 1558 2409 sacramentum
1593 2369 1754 2408 diebus

131 2442 417 2483 solemnibus
438 2441 753 2493 frequentant.
785 2440 976 2492 Aliquot
1005 2446 1174 2480 octauo
1202 2451 1384 2491 quoque
1414 2440 1486 2479 die
1514 2439 1753 2479 Poeniten-

132 2513 224 2554 tiae
245 2524 573 2565 synaxeosque
595 2519 893 2552 sacramenta
915 2517 1144 2563 repetunt.
1168 2510 1260 2551 Res
1281 2516 1380 2551 erat
1400 2511 1475 2550 hic
1494 2510 1652 2550 audita
1673 2510 1754 2549 vix

131 2595 362 2635 vnquam,
400 2594 523 2623 nunc
553 2582 706 2632 magis
736 2593 791 2622 ac
821 2582 973 2632 magis
995 2581 1312 2621 increbrescit.
1337 2580 1577 2631 Quaedam
1599 2591 1754 2620 sacra·

129 2655 359 2695 mentaria
395 2665 450 2694 ac
479 2653 776 2694 Lutherismo
812 2664 1005 2704 prorsus
1033 2652 1227 2701 infecta,
1265 2651 1564 2692 nihilominus
1597 2662 1753 2691 sacra-

128 2732 306 2776 menta,
331 2725 534 2765 humano
558 2724 722 2764 timore
745 2724 920 2775 absque
948 2723 1036 2763 fide
1064 2723 1365 2774 frequentans
1390 2734 1472 2774 pro
1494 2733 1625 2762 more
1646 2721 1751 2762 fide-

128 2797 260 2848 lium,
284 2796 423 2848 idque
444 2795 578 2836 annis
599 2805 694 2835 non
715 2795 897 2846 paucis,
923 2794 1103 2845 integre
1132 2794 1318 2834 tandem
1340 2793 1452 2834 mihi
1474 2794 1688 2833 confessa
1710 2796 1753 2832 et

132 2878 213 2918 pcr
233 2878 305 2907 me
328 2866 539 2907 absoluta
559 2898 566 2916 ,
591 2876 702 2905 vere
725 2865 958 2905 catholica
980 2876 1102 2904 nunc
1130 2864 1260 2905 Viuit.
1286 2864 1471 2914 Altera,
1497 2875 1614 2915 quae
1636 2874 1750 2903 com-

124 2937 292 2989 plures
312 2948 466 2978 annos
487 2936 649 2988 aliqua
669 2942 866 2988 peccata
887 2936 1057 2976 rubore
1080 2936 1390 2985 conticuerat,
1411 2934 1751 2975 confessionem

130 3008 340 3049 mutilam
373 3018 626 3061 peragens,
655 3006 767 3048 mihi
796 3018 900 3048 cum
928 3006 1176 3048 vberrimis
1204 3006 1459 3059 lachrymis
1489 3005 1668 3046 sincere
1696 3015 1749 3043 ac
