2020 3342
306 272 372 310 196
812 271 1037 311 LITTERAE
1064 283 1419 317 QUADRIMESTRES

304 381 516 409 sermone
539 369 750 420 donatas,
775 371 900 421 typis
931 370 1142 410 mandari
1173 371 1454 421 curauimus,
1485 377 1534 410 vt
1555 371 1711 410 diuina
1743 371 1926 411 bonitas

304 441 454 491 magis
485 452 539 480 ac
572 441 722 491 magis
753 441 1029 481 innotescat:
1064 453 1142 480 eas
1172 442 1379 481 nonnulli
1410 453 1514 481 cum
1543 442 1850 482 admiratione
1882 448 1925 482 et

302 517 491 561 stupore
512 512 648 562 graui
679 513 1021 562 amplexantur,
1056 519 1312 552 metuentes
1344 513 1542 563 interim,
1578 519 1625 552 ut
1655 513 1701 552 in
1732 524 1817 552 nos
1847 513 1925 552 illa

303 583 515 622 ueritatis
544 590 761 622 aeternae
786 583 925 622 uerba
949 589 1357 634 contorqueantur‚
1391 584 1556 635 quibus
1585 594 1781 634 regnum
1813 582 1923 634 aju-

303 653 431 693 daeis
451 652 703 692 tollendum
725 660 767 692 et
788 654 1006 704 gentibus
1027 654 1358 694 conferendum
1376 655 1760 694 comminabatur.

381 723 509 764 Haec
545 730 666 771 sunt,
704 723 841 764 Pater
875 725 1312 774 obseruandissime,
1346 737 1465 775 quae
1495 724 1616 764 Rsslae
1649 724 1925 766 Paternitati

302 793 431 834 Tuae
453 795 697 834 scribenda
720 795 1045 835 occurrebant.

380 865 606 915 Lutetiae,
630 865 680 905 27
705 865 879 917 Aprilis
905 866 1019 906 1556.

594 936 664 976 De
686 937 905 976 mandato
930 936 1080 976 Patris
1101 938 1247 977 nostri
1267 937 1374 977 M.t1·1
1398 937 1654 978 Paschasii.

729 1007 781 1047 R.
806 1007 854 1047 Ρ.
878 1007 928 1047 T.
953 1006 1126 1048 Seruus
1149 1008 1515 1059 indignissimus,

1226 1149 1458 1190 NICOLAUS
1491 1151 1800 1191 BELLEFILLE.

989 1576 1227 1630 CDXOI

368 1813 540 1860 Gaspar
559 1812 833 1860 Hernandez,

416 1877 482 1914 Ex
502 1878 821 1914 commissione
842 1877 985 1914 Patris
1006 1877 1219 1923 Gasparis
1242 1876 1294 1913 de
1314 1876 1539 1921 Acebedo,

470 1943 591 1981 Patri
609 1943 777 1989 Ignatio
798 1943 850 1980 de
870 1942 1055 1989 Loyola.

506 2008 684 2055 Burgis‚
704 2007 750 2044 28
772 2008 929 2055 Aprilis
954 2008 1044 2045 1550
1063 2008 1090 2042 ¹.

1094 2165 1120 2209 †

1032 2216 1182 2268 Jesus.

379 2359 641 2399 Admodum
665 2358 761 2399 [ΝΕ
789 2359 833 2398 in
857 2358 1041 2398 Christo
1064 2357 1216 2397 Pater.

374 2429 538 2470 Gratia
561 2436 601 2469 et
625 2441 717 2480 pax
740 2429 929 2469 Christi.

376 2501 491 2541 Cum
513 2501 558 2540 in
581 2506 740 2539 nostra
762 2498 994 2540 Societate
1023 2500 1194 2538 multae
1216 2498 1306 2537 sint
1333 2498 1685 2538 observationes
1705 2498 1840 2539 laude
1872 2505 1914 2538 et

296 2571 698 2612 commendatione
721 2570 1036 2621 dignissimae,
1061 2570 1136 2609 illa
1159 2569 1400 2620 imprimis
1426 2580 1542 2619 quae
1565 2569 1690 2608 circa
1708 2576 1912 2609 mutuam

294 2644 534 2683 literarum
554 2641 1019 2681 communicationem
1038 2640 1291 2680 maximam
1307 2639 1493 2679 adhibet
1507 2640 1808 2690 diligentiam,
1824 2652 1915 2680 non

296 2720 584 2765 postremum
607 2712 779 2751 obtinet
797 2713 963 2751 locum:
988 2718 1057 2750 est
1074 2711 1196 2750 enim
1213 2711 1348 2749 nimis
1366 2710 1535 2749 rationi
1553 2717 1914 2750 consentaneum

297 2792 346 2824 vt
368 2785 445 2835 qui
466 2795 547 2835 per
570 2783 655 2822 Dei
678 2782 1047 2822 misericordiam
1068 2782 1113 2820 in
1135 2782 1222 2820 hac
1244 2780 1476 2821 Societate
1499 2787 1542 2820 et
1560 2780 1731 2821 Christi
1753 2782 1915 2821 militia

296 2855 472 2906 recepti
494 2865 666 2904 sumus,
692 2860 850 2893 mutuo
868 2853 1112 2893 charitatis
1128 2853 1315 2892 vinculo
1333 2858 1677 2902 connectamur,
1699 2852 1830 2892 cuius
1848 2859 1916 2892 est

296 2926 535 2978 proprium
558 2925 669 2964 nihil
691 2924 863 2964 habere
884 2924 1139 2976 proprium,
1164 2923 1273 2974 quin
1295 2923 1447 2973 potius
1469 2923 1623 2962 omnia
1652 2923 1914 2963 communia

349 3086 358 3105 ¹
399 3084 640 3119 Autographae
653 3084 777 3118 duplici
791 3084 879 3117 folio,
896 3084 1003 3117 primo
1018 3091 1049 3109 n.
1063 3082 1126 3115 302,
1141 3083 1251 3110 altero
1267 3090 1330 3109 non
1347 3086 1532 3109 numerato.
1562 3091 1564 3093 >
