2020 3342
891 230 970 267 AN.
1002 229 1092 267 1556
1725 227 1795 265 263

181 330 445 380 ambitione,
470 334 513 369 et
536 328 764 369 auaritiae
786 328 941 368 calore
963 327 1247 378 flagrabant;
1271 325 1614 376 reprehendere
1635 323 1802 363 oratio-

179 412 284 442 nem
305 400 555 452 quamdam
572 398 834 449 mentalem,
853 404 919 439 tot
938 396 1342 438 obseruationibus
1359 395 1590 435 difficilem
1611 393 1800 442 factam,

179 477 230 512 vt
246 482 364 522 quae
386 483 412 511 a
433 471 558 511 nullo
576 475 845 511 sanctorum
865 469 1161 521 antiquorum
1179 467 1342 507 fuisset
1359 467 1564 516 inuenta,
1583 465 1663 505 sed
1681 476 1803 504 nunc

179 542 345 592 denuo,
370 541 708 592 singularitatis
729 541 898 591 gratia,
928 540 1197 590 excogitata
1219 538 1278 579 ad
1299 536 1635 577 dementandas
1662 535 1803 576 homi-

177 624 285 655 num
308 620 500 661 mentes,
525 612 779 663 domosque
801 611 1050 651 viduarum
1067 608 1378 658 deuorandas,
1396 609 1442 648 in
1460 607 1803 648 detrimentum·

179 696 267 737 que
288 690 333 725 et
355 683 709 735 derogationem
730 683 1016 733 psalmorum
1038 679 1369 732 spiritualium,
1393 690 1510 730 quos
1537 683 1702 718 sancta
1732 688 1804 717 ec—

178 755 318 796 clesia
353 766 522 796 canere
550 754 805 803 consueuit;
842 753 1092 793 conciones
1126 751 1337 803 publicas
1365 750 1411 790 in
1445 749 1611 801 plateis
1645 754 1689 789 et
1719 759 1803 800 pro

175 826 400 879 gradibus
419 825 604 866 habitas
627 824 882 875 ambitioni,
908 823 1165 864 feruentem
1187 821 1528 862 solicitudinem
1548 820 1595 860 in
1622 830 1803 871 promo-

176 897 339 938 uendis
359 896 699 949 poenitentium
721 902 765 935 et
789 894 1052 935 auditorum
1073 893 1239 933 animis
1263 892 1493 932 avaritiae
1515 890 1802 939 consulebat;

176 969 429 1009 damnabat
448 967 705 1008 voluntatis
726 965 1064 1006 indifferentem
1087 963 1496 1015 aequanimitatem
1525 962 1583 1002 ad
1604 962 1802 1002 salutem

177 1048 219 1080 et
244 1040 555 1080 infirmitatem
578 1044 682 1088 etc,
706 1043 757 1077 vt
779 1036 949 1087 dogma
969 1036 1210 1087 antiquum
1228 1046 1402 1084 eorum,
1423 1045 1538 1085 quos
1555 1032 1802 1073 derelictos

177 1116 221 1151 et
242 1111 526 1151 illuminatos
546 1114 736 1159 vocant;
760 1106 1229 1148 communicationem
1251 1105 1521 1145 meritorum
1538 1104 1603 1155 (ut
1619 1103 1698 1144 alii
1718 1115 1802 1155 pro

180 1182 283 1222 aliis
305 1182 523 1232 ieiunent,
547 1181 770 1232 vapulent
792 1185 835 1219 et
859 1177 1047 1227 similia)
1070 1176 1356 1217 haereticam
1385 1175 1664 1216 conuincere
1691 1174 1802 1214 nite-

178 1254 329 1303 batur,
353 1258 513 1304 vtpote
534 1262 653 1304 quae
670 1262 754 1291 suo
770 1249 942 1290 iudicio
959 1248 1140 1300 gratiae
1157 1252 1440 1299 supponeret
1457 1245 1798 1287 certitudinem.

180 1323 390 1365 Tandem
424 1322 704 1364 Antichristi
739 1331 1072 1373 praecursores
1105 1319 1199 1360 iarn
1233 1319 1319 1359 sibi
1354 1329 1583 1369 apparere
1619 1328 1802 1358 asseue-

182 1407 317 1445 ranS,
354 1394 499 1435 feroci
534 1394 687 1434 animo
728 1391 1102 1433 comminabatur
1144 1402 1215 1441 se,
1261 1389 1470 1440 diligenti
1504 1388 1802 1441 inquisitione

180 1465 474 1518 praehabita,
498 1465 622 1517 apud
650 1463 948 1516 inquisitores
975 1462 1242 1502 haereticae
1269 1460 1516 1512 prauitatis
1539 1460 1804 1500 huiusmodi

179 1544 354 1590 pestem
377 1536 704 1588 contagiosam
726 1535 1007 1584 delaturum;
1040 1545 1159 1585 quae
1181 1532 1360 1582 omnia,
1385 1543 1668 1584 quamquam
1687 1531 1800 1583 ipse,

179 1620 270 1649 non
293 1609 441 1648 solum
462 1607 619 1657 tacito,
640 1606 720 1647 sed
738 1606 877 1646 etiam
900 1605 1105 1655 excluso,
1129 1604 1316 1644 nomine
1333 1602 1594 1653 Societatis,
1617 1614 1803 1643 resona-

178 1680 272 1730 bat,
296 1680 376 1720 vix
392 1686 548 1719 tamen
569 1679 689 1718 vllus
707 1677 972 1718 auditorum
994 1676 1048 1716 de
1066 1676 1222 1727 aliquo
1243 1675 1334 1715 alio
1352 1674 1546 1725 intelligi
1568 1674 1801 1722 credebat,

179 1762 288 1791 nam
310 1756 353 1791 et
374 1751 471 1802 ipse
493 1749 690 1801 priuatis
717 1748 879 1789 amicis
910 1748 1117 1788 animum
1144 1758 1278 1786 suum
1305 1745 1582 1797 explicabat.
1613 1744 1804 1786 Curaui-

181 1834 300 1873 mus,
324 1821 447 1874 quod
469 1822 515 1862 in
537 1820 669 1861 nobis
691 1820 789 1870 fuit,
814 1819 1024 1871 Vtrisque
1042 1817 1419 1859 accusationibus
1437 1817 1533 1857 suis
1557 1815 1806 1868 ¹priuatim

179 1893 374 1934 reddere
397 1893 645 1933 certiorem
666 1891 774 1942 (sic)
797 1891 852 1931 de
874 1890 1100 1942 plurimis,
1126 1900 1243 1941 quae
1263 1889 1381 1929 falso
1404 1886 1492 1940 [de]
1515 1887 1650 1928 nobis
1668 1899 1694 1928 a
1711 1888 1804 1939 qui‘-

180 1965 377 2005 busdam
403 1964 462 2005 ad
493 1964 644 2016 ipsum
671 1962 1019 2012 deferebantur3
1050 1962 1289 2002 orauimus
1315 1972 1398 2013 pro
1426 1961 1526 2013 ipso
1554 1959 1804 2009 multotieS,

179 2041 400 2076 cauentes
423 2035 607 2076 interim
632 2046 685 2074 ne
707 2034 850 2074 verbo
868 2044 1073 2085 vnquam
1095 2039 1173 2073 aut
1190 2032 1314 2074 facto
1333 2030 1708 2085 reprehensionis
1725 2041 1807 2070 oc-

180 2108 418 2148 casionem
454 2108 597 2147 vllam
630 2105 974 2158 praeberemus3
1009 2105 1190 2157 publice
1222 2111 1376 2145 autem
1411 2104 1525 2144 nihil
1555 2103 1708 2154 magis
1740 2113 1807 2142 re-

181 2178 464 2231 spondentes
486 2177 620 2218 dictis
641 2177 761 2227 eius,
784 2187 870 2216 nec
894 2180 1133 2216 cessantes
1154 2187 1180 2216 a
1202 2175 1339 2216 dictis
1362 2176 1435 2216 vel
1461 2175 1597 2215 factis
1619 2172 1806 2223 nostriS,

180 2261 320 2302 quarn
356 2249 394 2290 si
429 2249 543 2290 nihil
572 2248 820 2289 accidisset
847 2248 970 2288 noui.
1004 2247 1066 2288 At
1093 2258 1208 2287 vero
1239 2248 1478 2299 quoniam,
1509 2252 1559 2286 vt
1587 2245 1809 2297 scriptum

182 2327 267 2371 est,
292 2332 386 2360 non
407 2319 680 2360 dormitabit
706 2330 850 2370 neque
872 2318 1074 2358 dormiet
1096 2318 1179 2370 qni
1196 2318 1401 2358 custodit
1423 2316 1582 2358 Israel
1602 2316 1636 2367 ²,
1660 2315 1810 2356 conci-

183 2392 299 2432 tauit
319 2391 551 2432 Dominus
572 2391 618 2430 in
642 2390 771 2430 illum
793 2390 889 2430 fere
911 2389 1117 2429 omnium
1140 2389 1473 2440 magistrorum
1504 2394 1547 2428 et
1573 2386 1811 2439 praedica-

186 2469 338 2504 torum
359 2462 565 2502 eiusdem
587 2460 764 2501 ordinis
786 2460 993 2511 animos,
1024 2460 1101 2512 qui
1130 2465 1286 2500 tamen
1313 2466 1418 2500 sunt
1446 2458 1627 2511 Hispali
1654 2469 1811 2510 quam-

184 2534 382 2586 plurimi,
408 2538 546 2584 atque
569 2533 615 2572 hi
636 2543 799 2572 omnes
819 2537 915 2571 tam
936 2531 1186 2581 feruenter,
1210 2530 1391 2582 publice
1408 2536 1451 2571 et
1468 2528 1704 2582 priuatim,
1723 2528 1812 2580 ipsi

183 2606 230 2646 in
249 2605 417 2645 faciem
438 2603 725 2653 restiterunt,
749 2608 932 2643 tantum
953 2602 1193 2653 negotium
1214 2601 1388 2642 homini
1416 2598 1730 2649 facesserunt,
1765 2598 1811 2638 in

184 2682 340 2717 tantas
362 2675 604 2726 angustias
622 2673 918 2725 redegerunt,
939 2680 988 2714 vt
1005 2673 1100 2714 fere
1117 2679 1239 2713 totas
1257 2672 1690 2724 quadragesimales
1705 2681 1810 2710 con-

184 2748 342 2788 ciones
364 2745 497 2798 (proh
519 2745 683 2795 dolori)
708 2745 1006 2796 insumpserit
1027 2745 1073 2784 in
1096 2744 1328 2795 apologiis
1359 2741 1625 2783 recitandis.
1659 2741 1811 2782 Timui

186 2831 241 2859 ne
264 2817 433 2870 Aquilo
454 2817 541 2856 iste
563 2815 772 2856 nouellas
801 2816 1113 2867 plantationes
1146 2814 1365 2855 euelleret
1394 2819 1472 2854 aut
1500 2812 1808 2860 combureret;

239 2954 249 2974 ¹
289 2953 407 2981 Verba
421 2953 505 2980 haec
530 2953 691 2986 utrisque
714 2952 1002 2982 accusationibus
1022 2952 1100 2981 suis
1122 2951 1244 2981 lineam
1266 2950 1391 2979 habent
1414 2957 1514 2986 super
1537 2950 1693 2979 ductam,
1717 2947 1810 2984 quasi

189 3001 330 3028 delenda
346 3000 469 3028 forent.

243 3047 256 3067 “2
294 3046 347 3076 Ps.
365 3053 440 3081 cxx,
458 3054 489 3073 v.
504 3047 530 3077 4,
