2020 3342
260 235 330 273 486
754 235 979 273 LITTERAE
1005 246 1361 279 QUADRIMESTRES

262 332 535 383 spiciuntur,
560 336 835 382 argumento
857 342 959 370 esse
980 337 1188 382 possunt.
1214 332 1273 372 Hi
1291 333 1357 383 (ut
1374 334 1517 374 moris
1535 340 1604 374 est
1621 340 1886 375 nostrorum

263 401 610 454 discipulorum)
632 402 829 453 singulis
849 402 1085 442 mensibus
1112 403 1171 443 ad
1199 403 1509 445 confessionis
1537 412 1885 447 sacramentum

265 474 514 523 accedunt3
538 485 656 525 quae
676 484 752 513 res
773 478 951 513 tantam
971 473 1343 515 beneuolentiam
1365 475 1498 515 nobis
1529 482 1884 528 contraxerunt,

265 550 315 585 ut
336 544 609 585 nobilissimi
632 544 800 596 quique
822 555 916 584 non
937 545 1087 589 solum
1108 545 1276 586 liberos
1298 557 1407 586 suos
1427 547 1562 587 nobis
1588 547 1886 589 instruendos

265 615 465 666 tradant,
490 615 571 655 sed
593 614 731 654 etiam
749 615 890 654 libros
908 614 1241 656 humanissime
1259 617 1581 669 commodent:
1601 618 1679 658 alii
1696 617 1885 659 domum

264 697 396 727 suam
418 685 665 735 aduocant,
689 686 920 737 aliamque
942 697 991 726 se
1012 686 1136 727 uitae
1158 687 1387 728 rationem
1417 694 1575 729 tenere
1601 690 1718 730 uelle
1745 690 1886 741 signi-

264 758 422 798 ficant.

345 828 415 868 De
436 828 625 880 reliquis
646 829 826 869 ciuibus
847 829 959 869 nihil
981 829 1099 879 dieo,
1130 830 1506 882 quandoquidem
1534 843 1696 872 eorum
1726 833 1886 873 uolun-

267 899 351 940 tati
372 899 559 939 minime
582 899 705 939 uires
726 899 1022 951 respondent.
1046 900 1165 941 Nam
1186 901 1295 953 quid
1318 913 1375 941 ex
1392 901 1562 942 afflicta
1580 902 1768 943 ciuitate
1785 915 1886 955 spe-

267 970 466 1011 randum
488 971 586 1010 est?
607 970 651 1010 in
670 982 775 1022 qua,
795 977 980 1022 praeter
998 983 1247 1012 aerumnas
1264 978 1402 1023 atque
1419 973 1641 1024 inopiam,
1661 974 1772 1014 nihil
1791 974 1888 1015 fere

265 1041 490 1092 reperiaS‚
514 1041 576 1081 ita
598 1047 646 1081 ut
668 1041 756 1092 ipsi
776 1042 928 1093 potius
951 1042 1042 1082 sint
1063 1055 1120 1082 ex
1141 1049 1207 1082 tot
1229 1043 1571 1084 calamitatibus
1599 1045 1888 1097 miseriisque

266 1112 468 1162 leuandi,
492 1124 631 1164 quam
654 1119 699 1152 ut
723 1113 838 1152 alios
859 1113 1104 1153 subleuare
1125 1114 1319 1165 possint.
1350 1114 1446 1154 Nos
1474 1114 1658 1166 quidem
1686 1116 1774 1156 hac
1805 1117 1884 1156 mi-

266 1184 489 1224 seriorem
513 1196 567 1224 ae
588 1184 739 1234 magis
757 1195 1030 1235 oppressam
1046 1186 1218 1225 nullam
1240 1186 1400 1226 vrbem
1419 1186 1755 1228 existimamus
1776 1188 1869 1229 Cae

270 1262 419 1296 terum
441 1255 620 1295 Doctor
641 1255 892 1295 Villanoua
918 1254 924 1273 ¹
949 1261 991 1295 et
1015 1256 1216 1296 iustitiae
1236 1256 1506 1297 Praefectus
1526 1257 1541 1277 ²
1567 1264 1747 1298 tantum
1775 1270 1889 1311 erga

269 1338 356 1367 nos
379 1338 585 1366 amorem
615 1325 871 1377 declarant,
902 1332 950 1366 ut
979 1339 1070 1366 non
1098 1327 1252 1367 uerbis
1283 1327 1434 1378 modo,
1468 1329 1590 1380 quod
1620 1330 1890 1382 plerumque

267 1397 461 1448 faciunt,
485 1397 632 1449 plenis
653 1397 957 1438 humanitatis
978 1409 1063 1437 nos
1085 1398 1405 1450 adhortentur,
1430 1399 1510 1440 sed
1531 1400 1670 1440 etiam
1691 1412 1741 1440 re
1771 1400 1887 1453 ipsa,

268 1469 425 1509 multis
447 1469 601 1508 aureis
623 1468 669 1508 in
690 1474 877 1508 nostros
898 1475 1108 1521 sumptus
1130 1470 1353 1520 erogatis,
1377 1470 1612 1511 adiuuent.

348 1540 477 1580 Haec
498 1545 618 1590 sunt,
642 1538 741 1579 Rfle
766 1539 927 1589 Pater,
960 1552 1079 1592 quae
1110 1541 1266 1581 diuina
1297 1541 1562 1592 benignitas
1590 1542 1774 1594 operari
1805 1555 1888 1595 per

271 1623 355 1651 nos
377 1611 570 1661 dignata
593 1617 685 1661 est3
709 1616 752 1650 et
773 1611 916 1650 multo
939 1611 1116 1651 maiora
1139 1612 1416 1661 extitissent,
1441 1613 1528 1652 nisi
1558 1624 1726 1664 segnes
1756 1615 1801 1654 in
1827 1615 1890 1654 ui-

267 1693 355 1722 nea
385 1681 576 1722 Domini
605 1682 805 1733 operarii
830 1682 1092 1722 fuissemus.
1122 1682 1367 1734 Reliquum
1396 1690 1465 1723 est
1495 1690 1544 1724 ut
1574 1696 1659 1724 nos
1689 1691 1733 1724 et
1765 1685 1891 1725 hanc

271 1753 489 1793 miseram
512 1753 748 1793 ciuitatem
769 1753 858 1793 tuis
880 1759 923 1793 et
941 1753 1130 1793 Patrum
1148 1753 1435 1806 fratrumque
1454 1755 1658 1796 omnium
1676 1755 1891 1807 precibus

268 1824 618 1865 commendatos
640 1824 829 1865 habeas.

348 1895 495 1945 Senis,
519 1894 582 1934 89
604 1895 708 1935 idus
729 1894 844 1935 7.bris
869 1895 984 1935 1556.

348 1967 400 2007 T.
424 1966 478 2007 R.
501 1966 550 2006 P.
574 1966 791 2007 minimus
813 1972 857 2007 et
877 1966 1096 2017 indignus
1117 1967 1162 2007 in
1184 1967 1265 2007 X.⁰
1288 1979 1473 2018 seruus,

1165 2103 1356 2150 HECTOR
1386 2110 1678 2152 LEONELLUs.

350 2322 460 2362 Alia
498 2334 642 2362 mmm
682 2322 730 2362 z'n
770 2326 940 2373 quarta
974 2322 1186 2373 pagina.-
1225 2323 1372 2375 Jesus.
1417 2323 1442 2363 8
1482 2323 1588 2364 Idus
1624 2324 1739 2364 [bris
1777 2325 1890 2366 1556.

272 2393 325 2444 Q.
350 2394 404 2445 Q.
429 2393 486 2434 v.

327 2529 336 2548 ¹
377 2529 435 2556 Dr.
452 2529 655 2557 Franciseus
671 2530 866 2563 Villanova„
884 2531 922 2557 de
939 2538 1002 2565 quo
1018 2538 1131 2563 supra.
1149 2537 1226 2564 pag.
1241 2530 1306 2558 2185.

325 2579 338 2596 ²*
375 2577 406 2604 15
422 2578 519 2604 Senis
535 2578 711 2605 dicebatur
731 2578 899 2612 Cape'zano
914 2578 951 2604 dz'
975 2578 1159 2605 (Jmslz'zia.
1176 2578 1261 2605 Vide
1281 2578 1443 2606 Arclzz'vio
1466 2581 1591 2607 storico
1614 2581 1773 2613 italiano,
1790 2581 1798 2608 l
1817 2589 1892 2612 ser..

274 2628 295 2651 t.
312 2631 345 2656 11,
363 2632 439 2659 pag.
457 2625 516 2652 129.
