2020 3342
225 202 269 238 46
758 203 984 240 LITTERAE
1010 215 1366 246 QUADRIMESTHES

226 300 401 338 minum
422 299 572 344 turba,
595 305 646 338 vt
667 311 807 350 supra
830 306 1015 340 centum
1037 306 1170 340 extra
1191 300 1315 340 fores
1341 301 1500 352 templi
1528 302 1757 342 sacrificio
1786 303 1851 342 1111

226 370 420 409 solemni
442 370 645 409 astitisse
666 370 857 410 feratur.

304 440 533 480 Mirantur
555 451 716 480 omnes
738 441 924 481 diuinae
945 442 1126 492 gratiae
1147 441 1446 492 praesidium,
1470 454 1560 493 quo
1587 443 1746 493 fretus,
1780 454 1850 483 sa·

226 523 303 550 cra
328 511 551 561 mysteria
574 511 736 551 diebus
757 512 953 562 singulis
983 512 1241 563 frequento,
1276 524 1330 552 ac
1362 513 1700 563 professionem
1721 514 1847 554 theo-

222 582 422 631 logicam
446 581 580 621 simul
601 589 644 621 et
666 582 934 622 hebraicam
955 594 1224 634 prosequor,
1251 590 1435 633 praeter
1458 584 1558 634 pias
1580 585 1849 635 occupatio-

224 663 306 690 ncs
327 652 454 692 horis
485 653 764 692 successiuis
797 653 1153 704 subsequentes,
1177 666 1292 705 quas
1320 654 1367 693 in
1393 654 1626 694 visitando
1647 655 1849 695 xenodo-

224 723 343 771 chio,
377 722 569 762 aedibus
598 724 942 773 aegrotantium
980 724 1220 773 adeundis,
1259 725 1628 765 confessionibus
1663 726 1849 766 audien-

223 793 308 841 dis,
332 794 517 832 casibus
538 794 1192 853 conscientiaeresoluendis,
1224 796 1513 847 caeterisque
1541 796 1587 836 id
1613 807 1761 846 genus
1792 809 1850 836 ex

225 863 473 903 occasione
495 864 804 904 incidentibus
825 865 1040 914 negotiis,
1061 867 1252 906 colloco.
1275 865 1619 917 Obstupescunt
1636 878 1709 906 me
1727 866 1847 906 dona

226 947 278 973 ac
302 946 491 974 munera
514 935 560 974 in
582 935 812 975 sacrificio
834 937 984 986 primo
1013 936 1266 987 refutasse,
1291 949 1434 988 quae,
1458 938 1497 977 si
1528 949 1582 976 ea
1606 938 1850 977 admittere

225 1006 490 1048 voluissem.
515 1007 695 1045 amicus
724 1006 913 1057 quidam
943 1018 1121 1057 magno
1158 1007 1505 1058 redempturum
1536 1020 1585 1048 se
1608 1008 1846 1048 offerebat.

226 1075 362 1115 Certe
385 1076 577 1116 mirifica
608 1080 651 1116 et
680 1077 1045 1128 fragrantissimi
1073 1078 1229 1118 odoris
1250 1078 1374 1118 fama
1405 1079 1462 1118 de
1484 1078 1719 1119 Societate
1747 1090 1848 1130 pas-

224 1149 310 1186 sim
331 1147 615 1197 diffunditur,
636 1148 758 1199 quod
780 1148 997 1199 stipendii
1021 1150 1094 1188 vel
1119 1149 1422 1190 eleemosinae
1444 1150 1700 1190 ministerio
1717 1149 1850 1189 verbi

223 1231 277 1257 ac
300 1226 699 1259 sacramentorum
722 1219 969 1270 litourgiae
987 1219 1089 1271 jure
1111 1221 1408 1261 meritissimo
1430 1221 1612 1262 debitae
1633 1220 1846 1262 Societas

226 1301 395 1340 expers
415 1302 517 1329 esse
538 1291 754 1330 voluerit.

303 1359 614 1412 Claromonte,
649 1373 830 1402 summo
859 1363 905 1402 in
931 1364 1118 1414 templo,
1149 1369 1392 1414 praesente
1422 1363 1534 1403 R.m0
1561 1362 1763 1403 Domino
1792 1374 1848 1402 ac

224 1432 326 1472 aliis
353 1432 557 1472 eiusdem
584 1433 713 1473 vrbis
743 1437 786 1473 et
816 1433 1099 1484 oppidorum
1127 1434 1557 1474 circumiczcentizmz
1581 1434 1711 1484 locis,
1741 1445 1848 1473 con-

224 1503 435 1542 cionibus
457 1510 563 1543 ante
588 1503 857 1544 Aduentum
877 1505 1059 1554 habitis,
1086 1505 1267 1556 frugem
1283 1505 1527 1555 Euangelii
1545 1505 1670 1544 haud
1687 1505 1849 1555 vulga-

223 1585 320 1613 rem
341 1575 491 1623 retuli,
516 1574 745 1615 desiderio
768 1575 1016 1616 Societatis
1034 1576 1203 1627 vbique
1224 1577 1401 1616 relicto.
1422 1575 1605 1616 Christo
1625 1576 1790 1627 gloria.

302 1644 484 1685 Biliomi
510 1645 778 1686 Aduentum
806 1647 1035 1697 transegi,
1074 1647 1320 1698 epistolam
1354 1647 1413 1686 ad
1447 1647 1688 1686 Hebraeos
1719 1658 1848 1687 enar-

223 1716 386 1766 rando,
409 1727 514 1756 cum
535 1724 665 1756 tanta
699 1717 965 1757 auditorum
995 1718 1145 1767 turba,
1180 1718 1471 1769 potissimum
1501 1717 1662 1757 diebus
1683 1717 1846 1765 sacris,

226 1793 271 1825 rt
292 1787 390 1837 ipse
412 1788 763 1838 obtupescerem
786 1789 846 1827 ob
866 1789 934 1828 rei
955 1789 1231 1829 insolentem
1251 1790 1520 1829 nouitatem.
1551 1788 1728 1828 Videas
1744 1799 1847 1840 pas-

220 1858 307 1897 sim
328 1869 497 1897 nouam
521 1859 724 1898 ciuitatis
746 1859 929 1909 faciem,
952 1860 991 1899 si
1012 1871 1116 1900 curn
1138 1860 1247 1900 olim
1269 1850 1491 1900 consueto
1509 1871 1637 1899 more
1654 1859 1846 1899 viuendi

221 1941 323 1968 earn
345 1929 574 1969 conferas.
598 1931 813 1982 jactatur
834 1931 1009 1981 passim
1031 1931 1269 1982 myriades
1288 1931 1509 1970 vitiorum
1536 1930 1718 1970 nostris
1740 1941 1848 1969 con-

219 2000 432 2039 cionibus
459 2000 739 2052 praepediri.
770 2001 871 2052 Ipse
900 2001 1102 2041 demiror
1133 2007 1313 2042 tantam
1349 2002 1506 2052 populi
1537 2001 1847 2041 reuerentiam

221 2078 360 2121 atque
382 2071 497 2111 adeo
520 2072 882 2112 obseruantiam.
907 2072 1053 2112 Nemo
1073 2079 1143 2112 est
1160 2073 1237 2124 qui
1255 2084 1347 2112 non
1365 2079 1584 2112 vereatur
1600 2084 1758 2112 coram
1776 2083 1850 2112 me

221 2142 372 2181 Deum
394 2143 641 2189 offende1·e;
666 2155 720 2182 ac
742 2143 780 2183 si
810 2143 928 2183 forte
956 2145 1088 2194 lapsu
1117 2144 1304 2193 linguae
1335 2150 1413 2182 aut
1446 2143 1755 2194 imprudentia
1781 2142 1848 2194 ju—

220 2219 290 2252 ret
311 2214 558 2264 quispiam,
583 2226 693 2254 mox
716 2216 926 2254 vltroneo
944 2214 1119 2265 pudore
1140 2214 1366 2265 arguitur,
1388 2225 1590 2265 suusque
1608 2213 1848 2264 sibijudex

221 2291 304 2323 est.
330 2283 524 2334 Quoties
544 2285 742 2334 Biliomi,
767 2286 857 2325 alio
879 2292 1090 2334 vocatus,
1115 2297 1206 2325 non
1235 2297 1425 2336 possum
1454 2285 1741 2333 concionari,
1775 2285 1844 2324 Bi·

221 2356 408 2395 liomaei
446 2356 704 2396 absentiam
739 2368 892 2396 meam
926 2367 1067 2407 aegre
1102 2356 1285 2406 ferunt,
1324 2368 1426 2395 meo
1462 2362 1618 2395 tamen
1653 2355 1845 2396 arbitrio

221 2436 357 2465 suum
378 2427 702 2466 submittentes
725 2426 956 2467 affectum.
978 2426 1080 2466 -Deo
1103 2427 1251 2466 honor
1274 2434 1389 2466 esto.

300 2496 432 2535 Rmus
453 2496 696 2545 Dominus,
730 2498 805 2548 pio
827 2498 1058 2537 vberioris
1090 2498 1206 2537 lucri
1237 2498 1461 2548 spiritalis
1491 2498 1658 2545 studio,
1685 2509 1755 2537 me
1786 2497 1845 2536 ad

220 2567 538 2607 confessiones
560 2568 817 2608 audiendas
837 2569 1050 2608 hortatus
1072 2575 1154 2617 est,
1175 2580 1334 2618 parem
1353 2568 1620 2619 Episcopali
1642 2569 1846 2608 clauium

223 2644 514 2688 potestatem,
541 2646 766 2690 quantum
788 2640 846 2679 ad
869 2650 1006 2679 casus
1028 2646 1295 2678 reseruatos
1319 2640 1497 2688 attinet,
1523 2640 1568 2678 in
1597 2651 1669 2678 me
1698 2646 1846 2679 trans-

222 2710 390 2749 ferens.
411 2709 529 2749 Reus
546 2709 594 2748 P.
614 2710 911 2760 Paschasius,
931 2710 1151 2760 Episcopi
1169 2711 1464 2749 subscribens
1478 2711 1683 2759 arbitrio,
1703 2710 1846 2750 lucius

222 2780 513 2819 sacramenti
547 2781 1000 2820 administrationem
1040 2780 1151 2820 mihi
1193 2781 1436 2830 commisit,
1480 2792 1619 2832 quam
1660 2781 1845 2831 quidem

223 2862 442 2900 exerceo,
467 2858 695 2901 quatenus
718 2863 799 2902 per
821 2851 1153 2902 occupationes
1176 2852 1294 2890 licet.

302 2921 715 2973 Vigesimoquarto
761 2921 977 2961 Octobris
1017 2922 1062 2961 in
1108 2920 1297 2972 synodo
1345 2921 1704 2962 Claromontana
1729 2954 1737 2972 ,
1785 2922 1844 2962 ad

224 3004 361 3042 quam
382 2992 599 3032 Pastores
621 2993 869 3032 vniuersae
886 2992 1152 3032 dioeceseos
1171 2999 1488 3032 conuocantur
1505 3004 1562 3032 ex
1580 3004 1721 3042 more,
1742 3004 1843 3033 ora-
