2020 3342
261 257 331 298 320
756 257 982 297 LITTERAE
1007 265 1362 301 QUADRIMESTRES

264 357 420 397 tonius
439 355 610 406 Vinch,
635 356 821 396 tametsi
841 354 949 395 huic
971 354 1179 405 Collegio
1199 365 1292 394 non
1313 364 1479 405 parum
1495 352 1780 404 commodus,
1804 364 1877 393 cu-

263 428 334 468 ius
369 427 468 478 ipse
503 432 600 466 tum
632 425 958 476 gubernacula
994 425 1188 476 regebat
1225 424 1251 463 ¹.
1286 424 1383 465 Nec
1416 424 1560 465 multo
1599 429 1705 476 post
1742 423 1879 464 huius

264 497 533 545 aduentum,
559 503 723 537 coacto
753 496 965 548 concilio,
998 496 1126 537 ciues
1160 496 1259 536 eius
1291 495 1421 536 vrbis
1456 501 1623 536 octaua
1657 493 1880 535 februarii

263 569 587 617 decreuerunt,
612 573 661 607 vt
683 567 849 608 ciuitas
870 567 947 607 illa
967 567 1115 607 tribus
1136 567 1270 607 annis
1297 566 1538 618 proximis,
1568 566 1646 617 qui
1676 578 1703 606 a
1729 565 1880 618 prima

264 638 479 679 Octobris
500 638 572 678 die
593 643 965 689 numerarentur,
995 639 1086 678 tria
1114 642 1445 678 coronatorum
1471 635 1650 689 M[illia]
1680 636 1879 678 Societa-

262 709 332 750 tz·²
353 710 484 750 daret
505 708 563 749 ad
584 709 760 749 reditus
781 708 1004 749 emendos
1035 715 1077 749 et
1109 708 1367 759 Collegium
1396 708 1442 748 in
1470 720 1525 749 ea
1556 707 1877 750 extruendum.

264 780 415 832 Quam
437 781 496 821 ad
516 792 615 823 rem
642 781 740 832 ipse
767 792 951 832 quoque
978 780 1238 832 Episcopus
1268 780 1461 831 triginta
1489 780 1652 820 vncias
1683 791 1878 830 annuas,

263 864 380 905 quae
400 853 699 904 septuaginta
722 852 922 904 quinque
945 856 1194 892 coronatos
1215 849 1229 869 ³
1255 851 1428 902 valent,
1452 851 1508 891 de
1537 862 1621 891 suo
1648 851 1883 903 pollicitus

263 929 347 964 est.
383 923 579 976 Jamque
614 924 712 963 eius
747 923 1008 975 sumptibus
1035 922 1157 963 idem
1184 921 1322 962 Pater
1348 921 1582 962 Antonius
1609 933 1715 962 cum
1735 922 1882 963 altero

264 994 507 1035 sacerdote
528 1006 584 1034 ac
606 994 783 1034 duobus
805 994 1027 1034 fratribus
1056 993 1205 1045 laycis
1232 993 1324 1033 illic
1351 993 1504 1045 alitur,
1536 1005 1629 1033 non
1657 992 1756 1033 sine
1789 1004 1882 1033 ma-

262 1076 356 1116 gno
394 1065 658 1106 animarum
687 1070 937 1117 prouentu3
968 1076 1077 1105 nam
1103 1070 1148 1105 et
1177 1064 1530 1115 concionantur,
1561 1069 1605 1105 et
1634 1063 1883 1105 confitendi

264 1136 422 1188 gratia
453 1137 597 1177 multo
625 1137 781 1188 plures
807 1136 867 1177 ad
892 1147 974 1177 eos
1001 1136 1302 1187 conueniunt,
1330 1144 1471 1189 quam
1501 1134 1661 1176 audire
1687 1134 1880 1187 possint.

264 1207 458 1248 Praeter
479 1207 596 1248 haec
618 1207 730 1259 legit
750 1207 800 1248 P.
823 1207 1058 1248 Antonius
1078 1208 1325 1248 lectionem
1342 1219 1535 1248 casuum
1551 1205 1881 1256 conscientiae,

266 1279 325 1319 acl
345 1290 485 1330 quam
505 1279 660 1330 plures
682 1290 820 1330 quam
842 1279 1140 1331 septuaginta
1156 1278 1433 1331 presbyteri,
1453 1290 1539 1319 nec
1554 1277 1692 1330 pauci
1706 1277 1884 1317 nobiles

268 1361 323 1390 ac
344 1349 565 1401 religiosi,
590 1349 842 1390 confluunt.
865 1350 933 1391 Ea
951 1350 1118 1391 ciuitas
1134 1349 1489 1390 Vniuersitatem
1506 1348 1766 1389 studiorum
1781 1359 1884 1400 pro-

268 1420 443 1461 fitetur:
465 1432 556 1472 qua
577 1420 633 1461 de
654 1433 795 1462 causa
818 1433 911 1462 non
932 1422 1132 1473 exiguus
1152 1421 1330 1462 fructus
1351 1434 1408 1461 ex
1429 1433 1483 1461 eo
1513 1419 1722 1471 Collegio
1749 1430 1884 1471 expe-

266 1492 464 1533 ctandus
484 1492 682 1533 videtur.

349 1563 479 1604 Haec
507 1570 627 1609 sunt.
660 1563 798 1605 Pater
827 1565 1135 1616 obseruande‚
1166 1576 1362 1617 quorum
1387 1563 1435 1604 P.
1469 1563 1521 1604 T.
1551 1562 1797 1604 certiorem
1822 1562 1885 1603 fa-

268 1646 375 1675 cere
397 1635 673 1686 cupiuimus‚
699 1641 748 1676 vt
775 1636 851 1676 vel
878 1636 984 1676 inde
1012 1636 1250 1687 coniicias,
1283 1647 1400 1688 quos
1427 1647 1485 1675 ex
1512 1635 1599 1675 hac
1630 1634 1768 1675 vinea
1795 1633 1885 1674 fru—

269 1712 370 1746 ctus
393 1717 583 1757 sperare
603 1706 770 1758 possis,
793 1706 894 1748 Deo
917 1708 1117 1748 fauente.
1143 1707 1281 1759 Apud
1303 1707 1434 1747 cuius
1451 1706 1744 1747 maiestatem
1761 1704 1886 1745 obni-

265 1777 459 1818 xissime
495 1784 539 1818 te
572 1789 811 1829 rogamus,
843 1784 894 1819 vt
928 1779 1019 1819 tuis
1053 1779 1269 1831 precibus
1302 1790 1388 1831 pro
1422 1778 1556 1819 nobis
1590 1777 1887 1829 interpellare

267 1849 475 1900 digneris
495 1855 560 1900 vt,
583 1861 765 1901 semper
788 1850 847 1890 ad
867 1850 1049 1891 maiora
1071 1856 1114 1890 et
1135 1851 1331 1891 meliora
1353 1850 1630 1901 aspirantes,
1649 1859 1887 1900 nunquam

266 1920 324 1960 ab
346 1920 445 1960 eius
464 1920 760 1961 sanctissima
782 1921 1023 1962 voluntate
1046 1921 1361 1972 seiungamur.

344 1991 605 2043 Messanae,
628 1991 719 2033 21.Ο
738 1991 850 2032 Maii
872 2004 995 2032 anno
1021 1992 1121 2033 1556
1141 1991 1171 2033 ⁴.

1241 2133 1472 2175 AEGIDIUS
1501 2133 1675 2174 FABER.

350 2348 410 2388 In
433 2352 607 2399 quarta
628 2348 817 2399 pagina
834 2348 1030 2389 secundi
1041 2348 1373 2399 exemplz‘haec
1388 2350 1574 2388 tantum
1590 2346 1845 2397 leguntur:
1863 2346 1891 2394 †

270 2419 434 2460 Mess.a
455 2420 643 2471 maggio
668 2420 781 2460 1556.

322 2604 333 2624 ¹
373 2604 502 2631 Κρεῖον
517 2606 603 2633 erat.
621 2605 789 2632 Polancus
804 2606 836 2632 in
851 2605 958 2639 primo
973 2605 1138 2639 exemplo.

324 2650 337 2670 ²
377 2651 506 2679 Vocem
521 2652 608 2679 hanc
624 2653 829 2680 cancellavit
845 2652 967 2680 ibidem
982 2653 1160 2680 Polancus.

326 2699 338 2717 3
378 2701 478 2733 “quos
494 2702 713 2727 coronatos..
730 2701 892 2735 appellat,
908 2700 1007 2728 hodie
1025 2703 1140 2727 §culos
1156 2707 1347 2734 vocamus„
1365 2699 1588 2731 AGU1LERA.1.
1604 2706 1642 2733 c.,
1660 2705 1735 2732 cap.
1759 2706 1792 2732 v,
1809 2705 1840 2724 n.
1865 2703 1895 2724 vi

322 2747 335 2767 ἃ
375 2747 429 2774 Sic
447 2747 481 2774 in
497 2748 645 2774 secundo
660 2748 828 2782 exemplo:
844 2748 876 2775 in
890 2748 999 2782 primo
1014 2752 1127 2775 autem

522 2843 727 2875 Messanae,
743 2843 812 2870 12⁰
827 2843 1102 2878 calendasjum'i
1116 2850 1208 2870 anno
1223 2844 1294 2871 dni.
1310 2843 1394 2871 1556

590 2890 643 2917 Ex
658 2892 904 2918 commissione
920 2891 955 2918 P.
973 2891 1134 2918 Rectoris

657 2937 694 2964 P.
723 2938 754 2965 T.

733 2986 903 3019 indignus
919 2986 955 3012 in
973 2985 1107 3012 Christo
1119 2985 1228 3020 filius,

1015 3081 1180 3107 AEGmlus
1197 3079 1325 3107 FABER.
