<?xml version="1.0" encoding="UTF-8"?>
<!DOCTYPE html PUBLIC "-//W3C//DTD XHTML 1.0 Transitional//EN"
    "http://www.w3.org/TR/xhtml1/DTD/xhtml1-transitional.dtd">
<html xmlns="http://www.w3.org/1999/xhtml" xml:lang="en" lang="en">
 <head>
  <title>
</title>
<meta http-equiv="Content-Type" content="text/html;charset=utf-8" />
  <meta name='ocr-system' content='tesseract 3.04.00' />
  <meta name='ocr-capabilities' content='ocr_page ocr_carea ocr_par ocr_line ocrx_word'/>
</head>
<body>
  <div class='ocr_page' id='page_1' title='image "./litteraequadrime16lain_0440.png"; bbox 0 0 2020 3342; ppageno 0'>
   <div class='ocr_carea' id='block_1_1' title="bbox 297 268 1399 310">
    <p class='ocr_par' dir='ltr' id='par_1_1' title="bbox 297 268 1399 310">
     <span class='ocr_line' id='line_1_1' title="bbox 297 268 1399 310; baseline 0 -6"><span class='ocrx_word' id='word_1_1' title='bbox 297 270 369 306; x_wconf 62' lang='lat'>434</span> <span class='ocrx_word' id='word_1_2' title='bbox 792 268 1018 306; x_wconf 74' lang='lat' dir='ltr'><strong>LITTERAE</strong></span> <span class='ocrx_word' id='word_1_3' title='bbox 1042 278 1399 310; x_wconf 77' lang='lat' dir='ltr'>QUADRniESTREs</span> 
     </span>
    </p>
   </div>
   <div class='ocr_carea' id='block_1_2' title="bbox 960 717 1248 770">
    <p class='ocr_par' dir='ltr' id='par_1_2' title="bbox 960 717 1248 770">
     <span class='ocr_line' id='line_1_2' title="bbox 960 717 1248 770; baseline 0.003 -1"><span class='ocrx_word' id='word_1_4' title='bbox 960 717 1248 770; x_wconf 86' lang='lat' dir='ltr'>DXXXII</span> 
     </span>
    </p>
   </div>
   <div class='ocr_carea' id='block_1_3' title="bbox 360 945 1331 1124">
    <p class='ocr_par' dir='ltr' id='par_1_3' title="bbox 360 945 1331 1124">
     <span class='ocr_line' id='line_1_3' title="bbox 360 945 750 993; baseline -0.003 -9"><span class='ocrx_word' id='word_1_5' title='bbox 360 947 552 993; x_wconf 71' lang='lat' dir='ltr'>joannes</span> <span class='ocrx_word' id='word_1_6' title='bbox 573 945 750 984; x_wconf 85' lang='lat' dir='ltr'>Cuadra</span> 
     </span>
     <span class='ocr_line' id='line_1_4' title="bbox 408 1011 990 1060; baseline 0.003 -12"><span class='ocrx_word' id='word_1_7' title='bbox 408 1011 529 1048; x_wconf 85' lang='lat' dir='ltr'>Patri</span> <span class='ocrx_word' id='word_1_8' title='bbox 548 1012 715 1057; x_wconf 70' lang='lat' dir='ltr'>ignatio</span> <span class='ocrx_word' id='word_1_9' title='bbox 735 1012 788 1049; x_wconf 90' lang='lat' dir='ltr'>de</span> <span class='ocrx_word' id='word_1_10' title='bbox 807 1012 990 1060; x_wconf 86' lang='lat' dir='ltr'>Loyola.</span> 
     </span>
     <span class='ocr_line' id='line_1_5' title="bbox 452 1077 1331 1124; baseline 0 -11"><span class='ocrx_word' id='word_1_11' title='bbox 452 1077 706 1124; x_wconf 84' lang='lat' dir='ltr'>Methymna</span> <span class='ocrx_word' id='word_1_12' title='bbox 727 1077 895 1124; x_wconf 85' lang='lat' dir='ltr'>Campi,</span> <span class='ocrx_word' id='word_1_13' title='bbox 916 1077 962 1115; x_wconf 75' lang='lat'>30</span> <span class='ocrx_word' id='word_1_14' title='bbox 981 1077 1175 1124; x_wconf 84' lang='lat' dir='ltr'>Augusti</span> <span class='ocrx_word' id='word_1_15' title='bbox 1197 1077 1288 1115; x_wconf 78' lang='lat'>1556</span> <span class='ocrx_word' id='word_1_16' title='bbox 1307 1078 1331 1113; x_wconf 87' lang='lat'>¹.</span> 
     </span>
    </p>
   </div>
   <div class='ocr_carea' id='block_1_4' title="bbox 1048 1236 1158 1309">
    <p class='ocr_par' dir='ltr' id='par_1_4' title="bbox 1048 1236 1158 1309">
     <span class='ocr_line' id='line_1_6' title="bbox 1048 1236 1158 1309; baseline 0 0"><span class='ocrx_word' id='word_1_17' title='bbox 1048 1236 1158 1309; x_wconf 54' lang='lat' dir='ltr'>liis</span> 
     </span>
    </p>
   </div>
   <div class='ocr_carea' id='block_1_5' title="bbox 257 1430 1912 2894">
    <p class='ocr_par' dir='ltr' id='par_1_5' title="bbox 364 1430 1191 1471">
     <span class='ocr_line' id='line_1_7' title="bbox 364 1430 1191 1471; baseline -0.001 0"><span class='ocrx_word' id='word_1_18' title='bbox 364 1431 628 1471; x_wconf 81' lang='lat' dir='ltr'>Admodum</span> <span class='ocrx_word' id='word_1_19' title='bbox 649 1430 751 1471; x_wconf 58' lang='grc' dir='ltr'>ΚΦ)</span> <span class='ocrx_word' id='word_1_20' title='bbox 773 1432 817 1470; x_wconf 92' lang='lat' dir='ltr'>in</span> <span class='ocrx_word' id='word_1_21' title='bbox 839 1431 1025 1471; x_wconf 87' lang='lat' dir='ltr'>Christo</span> <span class='ocrx_word' id='word_1_22' title='bbox 1048 1430 1191 1470; x_wconf 88' lang='lat' dir='ltr'>Patri.</span> 
     </span>
    </p>

    <p class='ocr_par' dir='ltr' id='par_1_6' title="bbox 287 1501 1912 1624">
     <span class='ocr_line' id='line_1_8' title="bbox 364 1501 1912 1554; baseline 0.001 -13"><span class='ocrx_word' id='word_1_23' title='bbox 364 1502 576 1542; x_wconf 78' lang='lat' dir='ltr'>Gratiam</span> <span class='ocrx_word' id='word_1_24' title='bbox 616 1508 660 1541; x_wconf 90' lang='lat' dir='ltr'>et</span> <span class='ocrx_word' id='word_1_25' title='bbox 699 1502 1073 1542; x_wconf 88' lang='lat' dir='ltr'>beneuolentiam</span> <span class='ocrx_word' id='word_1_26' title='bbox 1113 1501 1284 1541; x_wconf 80' lang='lat' dir='ltr'>Christi</span> <span class='ocrx_word' id='word_1_27' title='bbox 1322 1501 1433 1554; x_wconf 90' lang='lat' dir='ltr'>Jesu</span> <span class='ocrx_word' id='word_1_28' title='bbox 1467 1501 1797 1553; x_wconf 88' lang='lat' dir='ltr'>Redemptoris</span> <span class='ocrx_word' id='word_1_29' title='bbox 1830 1503 1912 1543; x_wconf 82' lang='lat' dir='ltr'>tibi</span> 
     </span>
     <span class='ocr_line' id='line_1_9' title="bbox 287 1573 993 1624; baseline -0.001 -11"><span class='ocrx_word' id='word_1_30' title='bbox 287 1585 470 1624; x_wconf 86' lang='lat' dir='ltr'>semper</span> <span class='ocrx_word' id='word_1_31' title='bbox 491 1580 708 1624; x_wconf 86' lang='lat' dir='ltr'>optamus</span> <span class='ocrx_word' id='word_1_32' title='bbox 728 1573 993 1624; x_wconf 79' lang='lat' dir='ltr'>propitiam.</span> 
     </span>
    </p>

    <p class='ocr_par' dir='ltr' id='par_1_7' title="bbox 280 1643 1909 1836">
     <span class='ocr_line' id='line_1_10' title="bbox 363 1643 1908 1695; baseline -0.001 -11"><span class='ocrx_word' id='word_1_33' title='bbox 363 1644 492 1695; x_wconf 82' lang='lat' dir='ltr'>Quae</span> <span class='ocrx_word' id='word_1_34' title='bbox 513 1644 819 1694; x_wconf 74' lang='lat' dir='ltr'>praecipienti</span> <span class='ocrx_word' id='word_1_35' title='bbox 841 1644 922 1683; x_wconf 90' lang='lat' dir='ltr'>tibi</span> <span class='ocrx_word' id='word_1_36' title='bbox 945 1643 1253 1694; x_wconf 75' lang='lat' dir='ltr'>significanda</span> <span class='ocrx_word' id='word_1_37' title='bbox 1274 1655 1356 1694; x_wconf 90' lang='lat' dir='ltr'>per</span> <span class='ocrx_word' id='word_1_38' title='bbox 1377 1643 1621 1694; x_wconf 89' lang='lat' dir='ltr'>epistolam</span> <span class='ocrx_word' id='word_1_39' title='bbox 1638 1650 1908 1694; x_wconf 89' lang='lat' dir='ltr'>occurrunt,</span> 
     </span>
     <span class='ocr_line' id='line_1_11' title="bbox 282 1714 1909 1766; baseline -0.001 -11"><span class='ocrx_word' id='word_1_40' title='bbox 282 1716 338 1755; x_wconf 86' lang='lat' dir='ltr'>de</span> <span class='ocrx_word' id='word_1_41' title='bbox 361 1716 416 1755; x_wconf 90' lang='lat' dir='ltr'>iis</span> <span class='ocrx_word' id='word_1_42' title='bbox 438 1726 549 1754; x_wconf 87' lang='lat' dir='ltr'>uero</span> <span class='ocrx_word' id='word_1_43' title='bbox 578 1714 802 1764; x_wconf 79' lang='lat' dir='ltr'>maxime,</span> <span class='ocrx_word' id='word_1_44' title='bbox 834 1726 951 1765; x_wconf 84' lang='lat' dir='ltr'>quae</span> <span class='ocrx_word' id='word_1_45' title='bbox 975 1725 1078 1754; x_wconf 87' lang='lat' dir='ltr'>cum</span> <span class='ocrx_word' id='word_1_46' title='bbox 1108 1714 1292 1764; x_wconf 89' lang='lat' dir='ltr'>pietatis</span> <span class='ocrx_word' id='word_1_47' title='bbox 1322 1714 1474 1753; x_wconf 91' lang='lat' dir='ltr'>studio</span> <span class='ocrx_word' id='word_1_48' title='bbox 1497 1720 1782 1766; x_wconf 81' lang='lat' dir='ltr'>sanctaeque</span> <span class='ocrx_word' id='word_1_49' title='bbox 1808 1714 1909 1754; x_wconf 85' lang='lat' dir='ltr'>reli-</span> 
     </span>
     <span class='ocr_line' id='line_1_12' title="bbox 280 1784 1901 1836; baseline -0.001 -11"><span class='ocrx_word' id='word_1_50' title='bbox 280 1787 434 1836; x_wconf 67' lang='lat' dir='ltr'>gionis</span> <span class='ocrx_word' id='word_1_51' title='bbox 455 1787 594 1825; x_wconf 82' lang='lat' dir='ltr'>ullam</span> <span class='ocrx_word' id='word_1_52' title='bbox 616 1785 788 1824; x_wconf 86' lang='lat' dir='ltr'>habere</span> <span class='ocrx_word' id='word_1_53' title='bbox 810 1785 1025 1824; x_wconf 88' lang='lat' dir='ltr'>uidentur</span> <span class='ocrx_word' id='word_1_54' title='bbox 1047 1784 1336 1833; x_wconf 86' lang='lat' dir='ltr'>affinitatem,</span> <span class='ocrx_word' id='word_1_55' title='bbox 1360 1785 1524 1835; x_wconf 78' lang='lat' dir='ltr'>paucis</span> <span class='ocrx_word' id='word_1_56' title='bbox 1554 1785 1901 1825; x_wconf 80' lang='lat' dir='ltr'>demonstrabo.</span> 
     </span>
    </p>

    <p class='ocr_par' dir='ltr' id='par_1_8' title="bbox 276 1854 1907 2262">
     <span class='ocr_line' id='line_1_13' title="bbox 358 1854 1907 1906; baseline -0.001 -10"><span class='ocrx_word' id='word_1_57' title='bbox 358 1856 594 1906; x_wconf 88' lang='lat' dir='ltr'>Principio</span> <span class='ocrx_word' id='word_1_58' title='bbox 631 1856 779 1895; x_wconf 83' lang='lat' dir='ltr'>sacris</span> <span class='ocrx_word' id='word_1_59' title='bbox 810 1854 1182 1894; x_wconf 84' lang='lat' dir='ltr'>confessionibus</span> <span class='ocrx_word' id='word_1_60' title='bbox 1213 1866 1267 1894; x_wconf 90' lang='lat' dir='ltr'>ac</span> <span class='ocrx_word' id='word_1_61' title='bbox 1299 1855 1468 1894; x_wconf 89' lang='lat' dir='ltr'>diuinis</span> <span class='ocrx_word' id='word_1_62' title='bbox 1510 1856 1657 1906; x_wconf 89' lang='lat' dir='ltr'>epulis</span> <span class='ocrx_word' id='word_1_63' title='bbox 1685 1855 1907 1895; x_wconf 87' lang='lat' dir='ltr'>Euchari-</span> 
     </span>
     <span class='ocr_line' id='line_1_14' title="bbox 278 1925 1907 1978; baseline 0 -12"><span class='ocrx_word' id='word_1_64' title='bbox 278 1928 394 1967; x_wconf 84' lang='lat' dir='ltr'>stiae</span> <span class='ocrx_word' id='word_1_65' title='bbox 413 1927 701 1978; x_wconf 78' lang='lat' dir='ltr'>trequentius</span> <span class='ocrx_word' id='word_1_66' title='bbox 723 1925 974 1966; x_wconf 79' lang='lat' dir='ltr'>assuefacti</span> <span class='ocrx_word' id='word_1_67' title='bbox 996 1926 1174 1965; x_wconf 88' lang='lat' dir='ltr'>maiora</span> <span class='ocrx_word' id='word_1_68' title='bbox 1197 1925 1243 1964; x_wconf 90' lang='lat' dir='ltr'>in</span> <span class='ocrx_word' id='word_1_69' title='bbox 1260 1925 1357 1965; x_wconf 91' lang='lat' dir='ltr'>dies</span> <span class='ocrx_word' id='word_1_70' title='bbox 1373 1926 1497 1965; x_wconf 90' lang='lat' dir='ltr'>uitae</span> <span class='ocrx_word' id='word_1_71' title='bbox 1515 1926 1737 1976; x_wconf 65' lang='lat' dir='ltr'>spiritalis</span> <span class='ocrx_word' id='word_1_72' title='bbox 1759 1926 1907 1966; x_wconf 90' lang='lat' dir='ltr'>incre-</span> 
     </span>
     <span class='ocr_line' id='line_1_15' title="bbox 279 1996 1904 2048; baseline -0.001 -11"><span class='ocrx_word' id='word_1_73' title='bbox 279 2004 433 2038; x_wconf 85' lang='lat' dir='ltr'>menta</span> <span class='ocrx_word' id='word_1_74' title='bbox 469 1997 814 2048; x_wconf 82' lang='lat' dir='ltr'>quodammodo</span> <span class='ocrx_word' id='word_1_75' title='bbox 849 1996 1106 2048; x_wconf 88' lang='lat' dir='ltr'>persentire</span> <span class='ocrx_word' id='word_1_76' title='bbox 1143 1996 1424 2047; x_wconf 80' lang='lat' dir='ltr'>quotidianis</span> <span class='ocrx_word' id='word_1_77' title='bbox 1460 1997 1792 2047; x_wconf 84' lang='lat' dir='ltr'>experimentis</span> <span class='ocrx_word' id='word_1_78' title='bbox 1830 1997 1904 2036; x_wconf 89' lang='lat' dir='ltr'>de-</span> 
     </span>
     <span class='ocr_line' id='line_1_16' title="bbox 277 2066 1906 2119; baseline -0.001 -11"><span class='ocrx_word' id='word_1_79' title='bbox 277 2068 643 2119; x_wconf 85' lang='lat' dir='ltr'>prehenduntur.</span> <span class='ocrx_word' id='word_1_80' title='bbox 666 2067 809 2119; x_wconf 87' lang='lat' dir='ltr'>Atqui</span> <span class='ocrx_word' id='word_1_81' title='bbox 831 2079 905 2107; x_wconf 83' lang='lat' dir='ltr'>res</span> <span class='ocrx_word' id='word_1_82' title='bbox 926 2067 1014 2108; x_wconf 86' lang='lat' dir='ltr'>ista</span> <span class='ocrx_word' id='word_1_83' title='bbox 1038 2067 1083 2106; x_wconf 91' lang='lat' dir='ltr'>in</span> <span class='ocrx_word' id='word_1_84' title='bbox 1106 2067 1399 2107; x_wconf 87' lang='lat' dir='ltr'>scholasticis</span> <span class='ocrx_word' id='word_1_85' title='bbox 1421 2066 1794 2107; x_wconf 86' lang='lat' dir='ltr'>adolescentibus</span> <span class='ocrx_word' id='word_1_86' title='bbox 1815 2068 1906 2107; x_wconf 86' lang='lat' dir='ltr'>elu-</span> 
     </span>
     <span class='ocr_line' id='line_1_17' title="bbox 277 2138 1906 2191; baseline -0.001 -12"><span class='ocrx_word' id='word_1_87' title='bbox 277 2145 349 2179; x_wconf 91' lang='lat' dir='ltr'>cet</span> <span class='ocrx_word' id='word_1_88' title='bbox 369 2140 416 2179; x_wconf 89' lang='lat' dir='ltr'>in</span> <span class='ocrx_word' id='word_1_89' title='bbox 435 2139 611 2190; x_wconf 91' lang='lat' dir='ltr'>primis,</span> <span class='ocrx_word' id='word_1_90' title='bbox 636 2140 694 2179; x_wconf 92' lang='lat' dir='ltr'>ad</span> <span class='ocrx_word' id='word_1_91' title='bbox 716 2151 831 2190; x_wconf 87' lang='lat' dir='ltr'>quos</span> <span class='ocrx_word' id='word_1_92' title='bbox 854 2140 1026 2191; x_wconf 89' lang='lat' dir='ltr'>optima</span> <span class='ocrx_word' id='word_1_93' title='bbox 1048 2138 1236 2178; x_wconf 87' lang='lat' dir='ltr'>uiuendi</span> <span class='ocrx_word' id='word_1_94' title='bbox 1258 2138 1484 2178; x_wconf 88' lang='lat' dir='ltr'>institutio</span> <span class='ocrx_word' id='word_1_95' title='bbox 1502 2138 1741 2188; x_wconf 89' lang='lat' dir='ltr'>potissime</span> <span class='ocrx_word' id='word_1_96' title='bbox 1763 2138 1906 2177; x_wconf 84' lang='lat' dir='ltr'>dima-</span> 
     </span>
     <span class='ocr_line' id='line_1_18' title="bbox 276 2207 1906 2262; baseline -0.001 -13"><span class='ocrx_word' id='word_1_97' title='bbox 276 2216 370 2250; x_wconf 89' lang='lat' dir='ltr'>nat.</span> <span class='ocrx_word' id='word_1_98' title='bbox 394 2210 678 2261; x_wconf 85' lang='lat' dir='ltr'>Tragoedia,</span> <span class='ocrx_word' id='word_1_99' title='bbox 704 2221 842 2261; x_wconf 86' lang='lat' dir='ltr'>quam</span> <span class='ocrx_word' id='word_1_100' title='bbox 860 2209 1003 2249; x_wconf 88' lang='lat' dir='ltr'>frater</span> <span class='ocrx_word' id='word_1_101' title='bbox 1022 2209 1254 2262; x_wconf 89' lang='lat' dir='ltr'>Josephus</span> <span class='ocrx_word' id='word_1_102' title='bbox 1270 2207 1283 2226; x_wconf 74' lang='lat'><strong>²</strong></span> <span class='ocrx_word' id='word_1_103' title='bbox 1301 2209 1357 2248; x_wconf 90' lang='lat' dir='ltr'>de</span> <span class='ocrx_word' id='word_1_104' title='bbox 1376 2209 1584 2261; x_wconf 89' lang='lat' dir='ltr'>Jeptaeo,</span> <span class='ocrx_word' id='word_1_105' title='bbox 1605 2208 1745 2248; x_wconf 88' lang='lat' dir='ltr'>filiam</span> <span class='ocrx_word' id='word_1_106' title='bbox 1766 2209 1906 2249; x_wconf 85' lang='lat' dir='ltr'>truci-</span> 
     </span>
    </p>

    <p class='ocr_par' dir='ltr' id='par_1_9' title="bbox 257 2278 1905 2753">
     <span class='ocr_line' id='line_1_19' title="bbox 257 2278 1905 2331; baseline 0.001 -13"><span class='ocrx_word' id='word_1_107' title='bbox 257 2280 429 2330; x_wconf 83' lang='lat' dir='ltr'>dante,</span> <span class='ocrx_word' id='word_1_108' title='bbox 454 2281 729 2331; x_wconf 88' lang='lat' dir='ltr'>composuit,</span> <span class='ocrx_word' id='word_1_109' title='bbox 754 2291 846 2319; x_wconf 90' lang='lat' dir='ltr'>non</span> <span class='ocrx_word' id='word_1_110' title='bbox 868 2280 985 2319; x_wconf 90' lang='lat' dir='ltr'>citra</span> <span class='ocrx_word' id='word_1_111' title='bbox 1007 2281 1220 2331; x_wconf 87' lang='lat' dir='ltr'>plausum</span> <span class='ocrx_word' id='word_1_112' title='bbox 1247 2279 1485 2329; x_wconf 86' lang='lat' dir='ltr'>ingentem</span> <span class='ocrx_word' id='word_1_113' title='bbox 1512 2284 1556 2318; x_wconf 91' lang='lat' dir='ltr'>et</span> <span class='ocrx_word' id='word_1_114' title='bbox 1582 2278 1742 2329; x_wconf 85' lang='lat' dir='ltr'>jugem</span> <span class='ocrx_word' id='word_1_115' title='bbox 1763 2279 1905 2320; x_wconf 90' lang='lat' dir='ltr'>totius</span> 
     </span>
     <span class='ocr_line' id='line_1_20' title="bbox 274 2349 1903 2402; baseline -0.001 -12"><span class='ocrx_word' id='word_1_116' title='bbox 274 2351 432 2402; x_wconf 89' lang='lat' dir='ltr'>populi</span> <span class='ocrx_word' id='word_1_117' title='bbox 452 2351 839 2390; x_wconf 86' lang='lat' dir='ltr'>acclamationem</span> <span class='ocrx_word' id='word_1_118' title='bbox 860 2350 1107 2401; x_wconf 90' lang='lat' dir='ltr'>publicitus</span> <span class='ocrx_word' id='word_1_119' title='bbox 1136 2356 1242 2389; x_wconf 90' lang='lat' dir='ltr'>acta</span> <span class='ocrx_word' id='word_1_120' title='bbox 1270 2355 1358 2397; x_wconf 86' lang='lat' dir='ltr'>est;</span> <span class='ocrx_word' id='word_1_121' title='bbox 1384 2356 1427 2388; x_wconf 91' lang='lat' dir='ltr'>et</span> <span class='ocrx_word' id='word_1_122' title='bbox 1454 2355 1641 2400; x_wconf 88' lang='lat' dir='ltr'>praeter</span> <span class='ocrx_word' id='word_1_123' title='bbox 1662 2349 1903 2390; x_wconf 89' lang='lat' dir='ltr'>incredibi-</span> 
     </span>
     <span class='ocr_line' id='line_1_21' title="bbox 275 2419 1902 2471; baseline -0.001 -10"><span class='ocrx_word' id='word_1_124' title='bbox 275 2423 365 2461; x_wconf 86' lang='lat' dir='ltr'>lem</span> <span class='ocrx_word' id='word_1_125' title='bbox 385 2421 586 2461; x_wconf 86' lang='lat' dir='ltr'>sructum</span> <span class='ocrx_word' id='word_1_126' title='bbox 609 2421 817 2461; x_wconf 86' lang='lat' dir='ltr'>classicis</span> <span class='ocrx_word' id='word_1_127' title='bbox 844 2421 1017 2460; x_wconf 90' lang='lat' dir='ltr'>nostris</span> <span class='ocrx_word' id='word_1_128' title='bbox 1044 2420 1149 2460; x_wconf 91' lang='lat' dir='ltr'>inde</span> <span class='ocrx_word' id='word_1_129' title='bbox 1177 2419 1550 2471; x_wconf 88' lang='lat' dir='ltr'>proficiscentem</span> <span class='ocrx_word' id='word_1_130' title='bbox 1577 2426 1622 2459; x_wconf 91' lang='lat' dir='ltr'>et</span> <span class='ocrx_word' id='word_1_131' title='bbox 1643 2419 1809 2460; x_wconf 89' lang='lat' dir='ltr'>miram</span> <span class='ocrx_word' id='word_1_132' title='bbox 1838 2420 1902 2460; x_wconf 89' lang='lat' dir='ltr'>in-</span> 
     </span>
     <span class='ocr_line' id='line_1_22' title="bbox 273 2490 1902 2542; baseline 0 -11"><span class='ocrx_word' id='word_1_133' title='bbox 273 2493 400 2542; x_wconf 79' lang='lat' dir='ltr'>genii</span> <span class='ocrx_word' id='word_1_134' title='bbox 435 2492 780 2541; x_wconf 84' lang='lat' dir='ltr'>dexteritatem,</span> <span class='ocrx_word' id='word_1_135' title='bbox 819 2491 1045 2542; x_wconf 83' lang='lat' dir='ltr'>arguebat</span> <span class='ocrx_word' id='word_1_136' title='bbox 1081 2492 1124 2530; x_wconf 90' lang='lat' dir='ltr'>in</span> <span class='ocrx_word' id='word_1_137' title='bbox 1161 2502 1307 2541; x_wconf 87' lang='lat' dir='ltr'>puero</span> <span class='ocrx_word' id='word_1_138' title='bbox 1341 2490 1485 2530; x_wconf 89' lang='lat' dir='ltr'>ueluti</span> <span class='ocrx_word' id='word_1_139' title='bbox 1515 2490 1751 2540; x_wconf 91' lang='lat' dir='ltr'>specimen</span> <span class='ocrx_word' id='word_1_140' title='bbox 1787 2491 1902 2541; x_wconf 91' lang='lat' dir='ltr'>opti-</span> 
     </span>
     <span class='ocr_line' id='line_1_23' title="bbox 272 2560 1902 2613; baseline -0.001 -11"><span class='ocrx_word' id='word_1_141' title='bbox 272 2574 411 2611; x_wconf 89' lang='lat' dir='ltr'>mum,</span> <span class='ocrx_word' id='word_1_142' title='bbox 432 2563 555 2613; x_wconf 90' lang='lat' dir='ltr'>quod</span> <span class='ocrx_word' id='word_1_143' title='bbox 572 2562 879 2602; x_wconf 87' lang='lat' dir='ltr'>certissimam</span> <span class='ocrx_word' id='word_1_144' title='bbox 896 2562 1031 2601; x_wconf 88' lang='lat' dir='ltr'>nobis</span> <span class='ocrx_word' id='word_1_145' title='bbox 1046 2561 1229 2601; x_wconf 85' lang='lat' dir='ltr'>futurae</span> <span class='ocrx_word' id='word_1_146' title='bbox 1246 2560 1413 2600; x_wconf 91' lang='lat' dir='ltr'>indolis</span> <span class='ocrx_word' id='word_1_147' title='bbox 1430 2560 1647 2600; x_wconf 88' lang='lat' dir='ltr'>fiduciam</span> <span class='ocrx_word' id='word_1_148' title='bbox 1661 2560 1902 2601; x_wconf 89' lang='lat' dir='ltr'>confirma-</span> 
     </span>
     <span class='ocr_line' id='line_1_24' title="bbox 275 2631 1900 2684; baseline 0 -12"><span class='ocrx_word' id='word_1_149' title='bbox 275 2634 369 2683; x_wconf 91' lang='lat' dir='ltr'>bat,</span> <span class='ocrx_word' id='word_1_150' title='bbox 398 2640 440 2672; x_wconf 89' lang='lat' dir='ltr'>et</span> <span class='ocrx_word' id='word_1_151' title='bbox 463 2633 602 2684; x_wconf 72' lang='lat' dir='ltr'>&lt;quod</span> <span class='ocrx_word' id='word_1_152' title='bbox 623 2633 821 2684; x_wconf 87' lang='lat' dir='ltr'>amplius</span> <span class='ocrx_word' id='word_1_153' title='bbox 841 2632 934 2682; x_wconf 89' lang='lat' dir='ltr'>est)</span> <span class='ocrx_word' id='word_1_154' title='bbox 956 2632 1155 2672; x_wconf 88' lang='lat' dir='ltr'>formam</span> <span class='ocrx_word' id='word_1_155' title='bbox 1176 2632 1284 2671; x_wconf 90' lang='lat' dir='ltr'>hinc</span> <span class='ocrx_word' id='word_1_156' title='bbox 1311 2632 1427 2671; x_wconf 89' lang='lat' dir='ltr'>bene</span> <span class='ocrx_word' id='word_1_157' title='bbox 1455 2631 1645 2671; x_wconf 90' lang='lat' dir='ltr'>uiuendi</span> <span class='ocrx_word' id='word_1_158' title='bbox 1672 2638 1900 2682; x_wconf 88' lang='lat' dir='ltr'>spectato-</span> 
     </span>
     <span class='ocr_line' id='line_1_25' title="bbox 275 2701 1706 2753; baseline -0.001 -10"><span class='ocrx_word' id='word_1_159' title='bbox 275 2716 349 2743; x_wconf 91' lang='lat' dir='ltr'>res</span> <span class='ocrx_word' id='word_1_160' title='bbox 371 2704 626 2743; x_wconf 84' lang='lat' dir='ltr'>hauserunt</span> <span class='ocrx_word' id='word_1_161' title='bbox 647 2716 739 2743; x_wconf 87' lang='lat' dir='ltr'>Vna</span> <span class='ocrx_word' id='word_1_162' title='bbox 762 2715 868 2743; x_wconf 91' lang='lat' dir='ltr'>cum</span> <span class='ocrx_word' id='word_1_163' title='bbox 889 2704 1063 2753; x_wconf 88' lang='lat' dir='ltr'>optima</span> <span class='ocrx_word' id='word_1_164' title='bbox 1084 2703 1345 2742; x_wconf 90' lang='lat' dir='ltr'>animorum</span> <span class='ocrx_word' id='word_1_165' title='bbox 1368 2701 1706 2742; x_wconf 89' lang='lat' dir='ltr'>aedificatione.</span> 
     </span>
    </p>

    <p class='ocr_par' dir='ltr' id='par_1_10' title="bbox 273 2773 1901 2894">
     <span class='ocr_line' id='line_1_26' title="bbox 351 2773 1896 2825; baseline -0.001 -12"><span class='ocrx_word' id='word_1_166' title='bbox 351 2773 388 2813; x_wconf 90' lang='lat' dir='ltr'><strong>E</strong></span> <span class='ocrx_word' id='word_1_167' title='bbox 411 2775 556 2813; x_wconf 88' lang='lat' dir='ltr'>tribus</span> <span class='ocrx_word' id='word_1_168' title='bbox 578 2781 745 2823; x_wconf 89' lang='lat' dir='ltr'>autem,</span> <span class='ocrx_word' id='word_1_169' title='bbox 779 2785 895 2825; x_wconf 86' lang='lat' dir='ltr'>quos</span> <span class='ocrx_word' id='word_1_170' title='bbox 926 2774 1153 2813; x_wconf 89' lang='lat' dir='ltr'>hactenus</span> <span class='ocrx_word' id='word_1_171' title='bbox 1183 2773 1230 2812; x_wconf 91' lang='lat' dir='ltr'>in</span> <span class='ocrx_word' id='word_1_172' title='bbox 1261 2773 1547 2823; x_wconf 90' lang='lat' dir='ltr'>spiritalibus</span> <span class='ocrx_word' id='word_1_173' title='bbox 1583 2773 1821 2813; x_wconf 83' lang='lat' dir='ltr'>exercitiis</span> <span class='ocrx_word' id='word_1_174' title='bbox 1837 2773 1896 2812; x_wconf 92' lang='lat' dir='ltr'>ad</span> 
     </span>
     <span class='ocr_line' id='line_1_27' title="bbox 273 2843 1901 2894; baseline -0.001 -10"><span class='ocrx_word' id='word_1_175' title='bbox 273 2850 461 2885; x_wconf 88' lang='lat' dir='ltr'>nostrae</span> <span class='ocrx_word' id='word_1_176' title='bbox 482 2843 727 2884; x_wconf 80' lang='lat' dir='ltr'>Societatis</span> <span class='ocrx_word' id='word_1_177' title='bbox 748 2856 960 2884; x_wconf 89' lang='lat' dir='ltr'>normam</span> <span class='ocrx_word' id='word_1_178' title='bbox 990 2844 1357 2893; x_wconf 86' lang='lat' dir='ltr'>instruebamus,</span> <span class='ocrx_word' id='word_1_179' title='bbox 1387 2844 1598 2894; x_wconf 83' lang='lat' dir='ltr'>regulam</span> <span class='ocrx_word' id='word_1_180' title='bbox 1631 2843 1720 2883; x_wconf 88' lang='lat' dir='ltr'>sibi</span> <span class='ocrx_word' id='word_1_181' title='bbox 1749 2849 1901 2883; x_wconf 87' lang='lat' dir='ltr'>cartu-</span> 
     </span>
    </p>
   </div>
   <div class='ocr_carea' id='block_1_6' title="bbox 274 2955 534 2965">
    <p class='ocr_par' dir='ltr' id='par_1_11' title="bbox 274 2955 534 2965">
     <span class='ocr_line' id='line_1_28' title="bbox 274 2955 534 2965; baseline 0 0"><span class='ocrx_word' id='word_1_182' title='bbox 274 2955 534 2965; x_wconf 95' lang='lat' dir='ltr'> </span> 
     </span>
    </p>
   </div>
   <div class='ocr_carea' id='block_1_7' title="bbox 319 3027 970 3112">
    <p class='ocr_par' dir='ltr' id='par_1_12' title="bbox 319 3027 970 3112">
     <span class='ocr_line' id='line_1_29' title="bbox 321 3027 970 3063; baseline -0.003 -6"><span class='ocrx_word' id='word_1_183' title='bbox 321 3031 328 3050; x_wconf 83' lang='lat'><strong>¹</strong></span> <span class='ocrx_word' id='word_1_184' title='bbox 371 3030 617 3063; x_wconf 79' lang='lat' dir='ltr'>Autographae</span> <span class='ocrx_word' id='word_1_185' title='bbox 633 3027 732 3056; x_wconf 86' lang='lat' dir='ltr'>unico&#39;</span> <span class='ocrx_word' id='word_1_186' title='bbox 746 3029 835 3061; x_wconf 86' lang='lat' dir='ltr'>solio,</span> <span class='ocrx_word' id='word_1_187' title='bbox 854 3037 885 3056; x_wconf 91' lang='lat' dir='ltr'>n.</span> <span class='ocrx_word' id='word_1_188' title='bbox 902 3029 970 3056; x_wconf 77' lang='lat'>375.</span> 
     </span>
     <span class='ocr_line' id='line_1_30' title="bbox 319 3077 825 3112; baseline -0.002 -8"><span class='ocrx_word' id='word_1_189' title='bbox 319 3078 332 3097; x_wconf 76' lang='lat'><em>²</em></span> <span class='ocrx_word' id='word_1_190' title='bbox 374 3077 430 3104; x_wconf 88' lang='lat' dir='ltr'>Fr.</span> <span class='ocrx_word' id='word_1_191' title='bbox 446 3077 612 3112; x_wconf 82' lang='lat' dir='ltr'>Josephus</span> <span class='ocrx_word' id='word_1_192' title='bbox 627 3078 666 3103; x_wconf 87' lang='lat' dir='ltr'>de</span> <span class='ocrx_word' id='word_1_193' title='bbox 682 3077 825 3104; x_wconf 79' lang='lat' dir='ltr'>Acosta.</span> 
     </span>
    </p>
   </div>
  </div>
 </body>
</html>
