2020 3342
844 242 926 281 ΑΝ.
963 243 1052 281 1556
1693 248 1754 286 181

133 335 446 377 diebuslunae
467 337 512 377 in
534 339 704 390 templo
724 339 832 380 Diui
851 340 1055 393 Josephi‚
1094 341 1216 393 quod
1251 353 1356 382 cum
1387 342 1588 383 dirutum
1616 350 1754 395 esset,

134 413 178 446 et
197 408 346 448 altera
367 408 657 450 hebdomada
683 410 1071 462 quadragesimae
1086 412 1375 453 reaedificari
1396 414 1639 465 coepisset,
1664 427 1756 456 non

132 478 279 529 potuit
296 490 411 530 opus
427 479 695 521 inchoatum
711 481 949 533 perficere:
967 494 1025 523 ex
1041 494 1132 534 quo
1149 483 1443 524 indicabatur
1460 495 1753 536 sarracenos,

133 549 242 600 quia
263 549 391 590 iuxta
414 550 503 590 hoc
524 552 744 603 templum
766 553 991 602 habitant,
1022 564 1244 604 magnam
1278 554 1526 595 Vtilitatem
1560 567 1661 596 esse
1683 568 1755 596 ca-

132 626 308 671 pturos,
327 621 553 674 siquidem
571 634 624 662 eo
645 622 937 664 familiariter
958 631 1164 674 Vtuntur,
1189 631 1233 665 et
1254 626 1552 677 quamplures
1578 638 1636 667 ex
1666 627 1755 667 illis

130 692 403 742 praedicant
423 705 472 733 se
501 704 673 733 amare.

207 762 385 804 Deniae
406 764 708 805 concionatus
741 771 810 806 est
844 777 926 817 per
960 766 1083 807 idem
1116 772 1299 819 tempus
1333 767 1500 808 Frater
1527 767 1750 819 Magister

127 833 368 885 Martinez,
391 835 521 875 cuius
542 836 792 876 conciones
819 837 1029 888 plurimis
1059 837 1195 878 Vtiles
1221 844 1265 878 et
1287 837 1516 878 iucundae
1547 838 1749 880 fuerunt.

127 903 261 945 Multi
277 905 404 946 illum
422 912 645 958 perpetuo
658 906 907 947 audiebant
924 908 988 949 ita
1006 914 1196 959 attente,
1215 914 1279 959 vt,
1299 910 1483 950 tametsi
1501 910 1749 962 aliquando

130 975 363 1027 prolixus,
402 988 584 1028 semper
619 984 774 1019 tamen
814 979 969 1019 breuis
1009 991 1110 1019 esse
1150 980 1402 1021 videretur.
1443 980 1621 1021 Eodem
1659 993 1751 1021 vna

129 1046 366 1098 profectus
387 1054 457 1088 est
476 1048 615 1088 Pater
637 1049 909 1100 designatus
948 1050 1190 1101 Rogelius,
1225 1057 1276 1091 vt
1297 1051 1446 1092 officio
1475 1052 1749 1093 confessarii

127 1117 414 1168 fungeretur,
438 1119 484 1158 in
505 1130 595 1171 quo
617 1125 713 1160 tam
734 1127 859 1161 recte
882 1132 930 1161 se
951 1122 1111 1171 gessit,
1141 1127 1192 1162 vt
1221 1122 1392 1162 multos
1418 1123 1476 1163 ad
1507 1135 1639 1163 vsum
1661 1124 1746 1164 fre-

126 1194 344 1240 quentem
365 1195 767 1231 sacramentorum
794 1191 1102 1232 confessionis
1136 1198 1180 1232 et
1211 1204 1375 1234 sacrae
1410 1195 1749 1235 communionis

125 1259 372 1300 induxerit.
397 1260 568 1301 Multae
589 1260 851 1302 discordiae
872 1268 1010 1314 atque
1031 1263 1133 1303 lites
1163 1275 1322 1304 eorum
1354 1276 1495 1316 opera
1523 1267 1746 1317 composi-

125 1337 199 1371 tae
220 1331 418 1372 fuerunt.
443 1331 655 1373 Aderant
676 1333 821 1381 multi,
846 1334 1011 1385 quibus
1031 1345 1168 1376 nemo
1189 1340 1372 1386 poterat
1394 1336 1675 1387 persuadere
1697 1344 1747 1376 vt

123 1401 390 1454 frequenter
410 1414 494 1443 sua
514 1409 708 1455 peccata
729 1404 1073 1454 confiterentur,
1094 1406 1258 1446 saltem
1274 1406 1345 1446 bis
1362 1412 1441 1447 aut
1459 1412 1528 1447 ter
1544 1407 1590 1447 in
1608 1419 1743 1457 anno,

124 1473 202 1524 qui
244 1473 512 1514 eorumdem
556 1474 950 1516 admonitionibus
986 1476 1150 1516 crebro
1185 1483 1347 1527 postea
1386 1477 1585 1518 confessi
1622 1485 1744 1519 sunt.

124 1543 245 1595 Quid
264 1543 466 1585 referam
485 1546 669 1586 turbam
686 1546 925 1587 hominum
944 1546 1001 1587 ad
1019 1558 1099 1587 eos
1116 1548 1290 1599 passim
1314 1549 1674 1590 convenientiun
1695 1557 1745 1591 vt

123 1614 306 1655 illorum
325 1615 531 1656 consiliis
553 1628 580 1656 a
601 1617 747 1658 variis
768 1618 992 1658 molestiis
1009 1624 1052 1658 et
1075 1618 1402 1660 afflictionibus
1418 1620 1745 1662 liberarentur?

120 1698 239 1738 quae
260 1692 390 1727 tanta
407 1694 524 1738 erat,
542 1694 593 1728 vt
614 1689 695 1729 vix
711 1689 910 1740 negotiis
927 1689 1129 1741 propriis
1141 1696 1330 1741 possent
1347 1691 1633 1732 satisfacere.
1654 1691 1743 1733 Do-

120 1757 213 1798 cuit
228 1763 326 1798 toto
348 1764 573 1810 tempore,
592 1771 682 1812 quo
702 1759 764 1800 ibi
784 1761 960 1800 versati
981 1768 1103 1811 sunt,
1141 1760 1190 1801 P.
1227 1760 1451 1812 Rogelius
1482 1762 1744 1803 doctrinam

121 1828 427 1870 christianam
444 1841 628 1882 pueros,
665 1830 712 1870 in
743 1842 835 1883 qua
869 1831 1065 1872 aderant
1097 1838 1141 1872 et
1176 1832 1378 1873 maiores
1413 1839 1540 1884 natU,
1571 1846 1628 1874 ex
1654 1845 1743 1885 qua

121 1911 282 1941 omnes
298 1901 502 1941 sentiunt
520 1912 742 1953 magnum
759 1902 960 1942 fructum
978 1903 1256 1954 percepisse.
1278 1903 1474 1944 Factum
1496 1910 1566 1944 est
1586 1905 1740 1955 etiam,

120 1971 335 2023 precibus
356 1978 400 2012 et
413 1972 808 2013 admonitionibus
824 1973 1092 2014 eorumdem
1112 1980 1312 2025 patrum.
1329 1981 1394 2025 vt,
1415 1975 1568 2016 edicto
1581 1976 1744 2027 guber-

119 2042 295 2083 natoris
308 2049 351 2083 et
368 2044 626 2093 consulum,
641 2044 687 2084 in
699 2045 852 2095 platea
865 2044 1049 2096 publica
1063 2044 1165 2085 libri
1178 2045 1408 2097 prophani
1421 2046 1744 2087 combureren-

119 2119 207 2165 tur,
233 2120 369 2166 atque
386 2114 662 2155 immodicus
679 2115 981 2155 saltationum
997 2127 1108 2155 Vsus
1125 2121 1509 2168 caeterorumque
1526 2118 1743 2158 ludorum

119 2185 458 2236 prohiberetur,
489 2197 548 2226 ex
567 2186 734 2238 quibus
763 2185 911 2226 hostis
931 2186 1147 2238 perennis
1168 2192 1363 2227 naturae
1396 2187 1627 2228 humanae
1648 2201 1740 2229 non

118 2256 336 2307 exiguum
360 2256 652 2298 commodum
686 2257 915 2309 capiebat.
954 2257 1282 2298 Confessiones
1319 2258 1530 2299 Gandiae
1556 2259 1743 2300 fuerunt

118 2327 366 2368 admodum
400 2328 665 2380 frequentes
701 2334 799 2370 tota
833 2329 1208 2381 quadragesima.
1246 2329 1423 2370 Eodem
1453 2336 1661 2382 tempore
1683 2332 1742 2372 ad

117 2399 464 2451 percipiendam
485 2411 670 2441 sacram
691 2401 1082 2451 communionem,
1106 2407 1150 2441 et
1181 2407 1286 2452 post
1315 2401 1506 2452 pascha,
1531 2402 1660 2442 multi
1682 2403 1740 2443 ad

118 2458 202 2510 nos
222 2470 490 2522 frequenter
524 2478 838 2512 accesserunt.
870 2471 1097 2512 Doctrina
1132 2472 1388 2512 christiana
1417 2472 1602 2524 publica
1631 2484 1738 2514 con-

118 2541 248 2582 cione
265 2541 425 2582 diebus
446 2542 691 2583 dominicis
718 2542 911 2583 docetur
946 2555 972 2582 a
1007 2542 1144 2583 Patre
1176 2549 1336 2583 nostro
1372 2543 1618 2594 Roderico,
1649 2556 1739 2596 qua

116 2611 257 2663 finita,
289 2613 421 2664 pueri
455 2613 501 2653 in
533 2613 695 2654 eadem
728 2613 978 2654 familiater
1013 2614 1318 2664 instruuntur,
1359 2614 1494 2666 idque
1526 2626 1619 2655 non
1639 2616 1738 2655 sine

115 2683 362 2724 manifesta
396 2684 595 2725 Vtilitate
630 2686 903 2736 multorum,
941 2696 1224 2737 quamquam
1259 2685 1486 2726 eiusmodi
1530 2692 1737 2738 tempore

115 2753 524 2806 quadragesimae,
554 2767 644 2807 quo
673 2756 861 2796 liberius
897 2762 1123 2796 vacarent
1157 2767 1317 2796 omnes
1354 2756 1596 2797 audiendis
1631 2769 1734 2798 con-

113 2824 335 2876 cionibus,
358 2827 718 2867 exercitationes
735 2833 778 2867 et
799 2827 952 2867 studia
974 2827 1237 2868 intermissa
1265 2833 1385 2868 sunt.
1418 2827 1657 2868 Hactenus
1679 2828 1734 2868 de

113 2896 447 2948 communibus,
470 2908 594 2937 nunc
615 2897 671 2938 de
691 2898 967 2949 quibusdam
995 2897 1310 2949 singularibus
1340 2898 1477 2939 rebus
1503 2898 1650 2949 gestis
1669 2898 1733 2939 fa-

116 2966 234 3007 ciam
254 2973 298 3007 te
326 2968 587 3008 certiorem.

194 3036 308 3079 Cum
330 3038 458 3080 multi
478 3039 761 3090 gandienses
777 3040 835 3081 ob
856 3040 1048 3083 caedem
1065 3040 1201 3084 vnius
1218 3041 1475 3096 inciperent
1492 3040 1537 3081 in
1559 3040 1731 3083 discor-
