2020 3342
804 271 887 309 AN.
919 271 1011 309 1556
1647 267 1716 312 515

92 369 359 409 Praeteribo
381 380 519 419 quam
539 368 684 408 multa
706 368 919 408 restituta
942 369 1049 419 sint,
1072 380 1189 420 quae
1211 368 1366 420 inique
1389 368 1543 408 ablata
1566 376 1713 419 erant,

92 445 203 491 quot
224 439 546 480 dissidentium
566 439 686 478 inter
709 450 810 478 sese
832 439 1095 479 animorum
1117 439 1407 490 compositae
1427 439 1712 480 inimicitiae.

175 510 359 561 Quanta
381 521 492 549 uero
515 511 573 549 sit
595 520 771 558 eorum,
796 509 874 560 qui
894 516 1106 550 nostrum
1127 509 1393 561 frequenter
1414 509 1585 550 adeunt
1606 516 1717 550 tem-

95 582 235 633 plum,
259 581 467 630 deuotio,
484 580 724 620 declarant
746 580 931 631 quidem
953 592 1058 620 cum
1074 580 1274 631 habitus,
1297 580 1550 620 modestior
1572 581 1717 621 inces-

96 663 189 701 sus,
221 651 665 702 lachrymarumque
695 646 878 700 effusio,
911 658 1008 690 tum
1038 651 1241 691 maxime
1269 662 1449 691 morum
1478 651 1524 691 in
1555 652 1717 692 melius

96 722 410 763 commutatio.
435 721 550 762 Sunt
577 721 700 761 enim
723 721 855 761 multi
875 722 1172 762 matrimonio
1202 722 1421 774 copulati,
1455 734 1653 774 quorum
1680 723 1719 763 si

96 793 317 845 pietatem
339 804 444 833 cum
465 804 627 832 eorum
651 791 899 842 ¹moribus,
924 793 1003 844 qui
1028 793 1074 832 in
1105 794 1404 833 monasteriis
1429 794 1633 844 perfecte
1657 795 1720 834 ui·

95 871 224 915 uunt,
248 864 477 913 conferas,
501 864 658 903 nescio
680 874 795 914 quos
815 864 972 903 uerius
988 863 1285 915 perfectionis
1308 864 1489 915 apicem
1506 865 1720 916 attigisse

96 936 239 976 dicas.
264 934 379 976 Sunt
400 936 572 974 multae
593 946 777 985 quoque
799 935 1023 985 virgines,
1048 947 1167 986 quae
1185 941 1229 975 et
1246 936 1533 986 uirginitatis
1555 942 1599 976 et
1620 937 1720 976 reli-

96 1006 249 1057 gionis
267 1012 378 1046 uoto
400 1017 449 1045 se
471 1005 779 1045 adstrinxere.
809 1004 1029 1045 Nonnulli
1050 1006 1189 1046 etiarn
1210 1005 1544 1057 adolescentes,
1569 1007 1647 1058 qui
1670 1010 1721 1048 ‘et

97 1078 214 1128 aliis,
234 1084 277 1117 et
296 1083 485 1117 nostrae
502 1077 728 1128 imprimis
746 1088 847 1116 sese
864 1077 1079 1127 religioni
1096 1084 1445 1117 consecrarunt.
1465 1077 1589 1118 Inter
1606 1090 1722 1130 quos

98 1149 284 1200 quidam
302 1160 395 1188 non
413 1148 622 1188 obscuris
640 1148 874 1188 natalibus
892 1154 1036 1198 ortus,
1057 1149 1103 1188 in
1120 1149 1278 1188 latinis
1296 1155 1338 1188 et
1360 1150 1545 1199 graecis
1565 1150 1722 1190 multis

98 1220 190 1259 iam
224 1220 359 1260 annis
388 1226 617 1267 uersatus,
649 1220 957 1259 hebraearum
985 1231 1078 1259 non
1108 1220 1301 1271 ignarus
1329 1220 1535 1266 omnino,
1560 1221 1723 1272 paucis

99 1297 207 1331 ante
224 1290 385 1331 diebus
407 1291 452 1331 in
473 1297 683 1331 nostrum
705 1291 953 1341 collegium
975 1291 1207 1330 admissus
1224 1297 1306 1341 est,
1327 1292 1420 1342 qui,
1441 1292 1548 1343 quia
1566 1292 1721 1333 iuuen-

99 1361 208 1402 tutis
229 1362 546 1402 Messanensis
571 1362 823 1413 exemplar,
849 1367 944 1401 tam
968 1361 1014 1401 in
1034 1362 1222 1412 pietate,
1247 1374 1387 1413 quam
1409 1362 1455 1402 in
1476 1363 1622 1403 literis
1644 1364 1722 1404 ha-

100 1433 308 1483 bebatur,
328 1440 371 1473 et
389 1439 502 1481 erat,
524 1433 625 1472 ideo
642 1434 812 1472 multos
829 1432 875 1472 in
891 1433 964 1473 sui
979 1433 1336 1472 admirationem
1354 1439 1397 1472 et
1415 1433 1723 1476 imitationem

100 1504 256 1544 traxit:
287 1511 462 1555 estque,
486 1510 536 1543 vt
556 1504 743 1555 generis
764 1504 1018 1554 nobilitate,
1042 1504 1104 1543 ita
1128 1510 1173 1544 et
1201 1515 1381 1543 morum
1409 1504 1648 1555 facilitate,
1681 1513 1724 1546 et

103 1575 196 1615 oris
217 1575 443 1615 modestia
467 1575 728 1626 insignitus.
754 1574 886 1615 Nunc
905 1575 951 1615 in
979 1575 1213 1626 obsequiis
1241 1575 1508 1616 domesticis
1537 1577 1600 1617 ita
1623 1589 1722 1617 uer-

100 1653 243 1696 satur,
268 1653 315 1686 ut
333 1646 447 1686 nihil
469 1653 564 1686 tam
585 1651 872 1696 generosum
894 1646 1053 1686 uirum
1074 1647 1232 1686 decere
1248 1646 1261 1664 ‘³
1283 1653 1426 1698 putet.
1446 1647 1551 1687 Duo
1570 1648 1723 1688 Abba·

101 1724 169 1757 tes
191 1729 386 1769 quorum
409 1718 605 1757 alterum
625 1717 748 1757 fama
771 1729 794 1756 e
822 1717 1041 1757 Calabria
1071 1717 1129 1756 ad
1157 1729 1241 1757 nos
1265 1718 1495 1769 perduxit,
1525 1720 1724 1760 alterum

103 1800 214 1828 uero
237 1788 488 1839 singularis
516 1787 712 1827 fratrum
733 1794 1002 1828 nostrorum
1033 1788 1274 1838 modestia,
1309 1789 1548 1841 ignitaque
1577 1790 1726 1830 chari-

103 1866 188 1909 tas,
213 1859 270 1899 ad
293 1870 451 1898 eorum
475 1859 781 1898 imitationem
801 1859 1058 1899 inflammat
1088 1859 1286 1899 assiduis
1311 1860 1541 1910 precibus,
1575 1867 1622 1901 ut
1653 1863 1726 1902 uel

104 1931 163 1971 ad
183 1930 518 1970 sordz'dz'ssz'nm
539 1928 552 1947 ⁵
575 1929 830 1969 ministeria
853 1930 1171 1979 admittantur,
1196 1929 1465 1981 efflagitant.

183 2002 253 2042 Ex
275 2001 330 2041 iis
356 2012 538 2052 quoque
566 2000 849 2050 mutieribus,
874 2012 1007 2052 quae,
1033 2013 1058 2041 a
1087 2001 1210 2052 turpi
1234 2001 1359 2041 uitae
1385 2013 1558 2052 genere
1582 2003 1627 2043 in
1649 2003 1726 2043 ho-

103 2073 280 2113 nestius
298 2083 568 2121 conuersae,
589 2072 633 2111 in
651 2072 786 2112 domo
805 2074 961 2123 (quam
978 2073 1267 2123 probationis
1284 2074 1472 2124 uocant)
1491 2074 1725 2124 uiuebant,

105 2145 354 2184 nonnullae
400 2151 505 2183 sunt
549 2143 843 2183 matrimonio
887 2144 1134 2194 copulatae
1155 2176 1162 2192 ,
1204 2152 1403 2195 quatuor
1438 2151 1594 2184 autem
1635 2157 1727 2185 uno

105 2216 358 2266 eodemque
379 2220 587 2264 tempore
608 2214 881 2264 religionem
902 2221 1222 2266 susceperunt.

184 2285 287 2326 Non
316 2291 384 2325 est
406 2285 451 2325 in
474 2285 627 2325 animo
656 2284 730 2324 hic
753 2285 936 2336 singula
958 2286 1187 2337 persequi,
1208 2285 1261 2325 R.
1282 2286 1347 2337 P„
1371 2271 1490 2338 quae
1511 2286 1728 2338 prolixio-

107 2369 196 2408 res,
211 2367 349 2408 quam
366 2368 451 2407 par
466 2363 550 2405 est,
568 2356 729 2395 literas
747 2356 1080 2406 desiderarent,
1100 2356 1182 2397 sed
1197 2369 1251 2396 ecl
1268 2355 1282 2374 ⁴
1299 2357 1451 2398 dicam
1469 2357 1728 2407 dumtaxat,

108 2439 226 2479 quae
247 2427 493 2479 praeteriri
514 2426 701 2466 minime
723 2433 931 2477 possunt,
957 2438 1167 2479 quaeque
1195 2428 1433 2468 declarent
1454 2429 1731 2479 praesertim

108 2499 154 2539 in
172 2498 453 2539 sustinendis
471 2497 650 2537 iniuriis
668 2497 1079 2548 aequanimitatem
1092 2510 1268 2549 eorum,
1289 2499 1365 2551 qui
1383 2500 1429 2539 in
1446 2506 1605 2539 nostro
1623 2505 1730 2539 tem-

110 2571 184 2620 plo
220 2569 468 2609 conciones
503 2574 547 2608 et
583 2567 926 2618 confessiones,
964 2569 1397 2621 communionisque
1438 2577 1733 2610 sacramenta

110 2640 406 2692 frequentare
441 2646 546 2678 sunt
582 2638 719 2687 soliti,
753 2638 875 2690 quod
910 2651 963 2679 eo
985 2639 1120 2680 debet
1145 2639 1294 2680 uideri
1316 2640 1482 2691 maius,
1510 2652 1595 2692 quo
1619 2651 1735 2692 gens

110 2717 178 2751 est
208 2712 325 2750 haec
354 2709 612 2761 promptior
643 2710 942 2761 paratiorque
975 2711 1034 2750 ad
1070 2710 1346 2762 uindictam,
1383 2711 1735 2763 antiquissima-

114 2793 309 2833 rumque
327 2780 340 2800 ⁵
356 2781 630 2821 iniuriarum
648 2792 839 2821 memor.
861 2780 1146 2822 Vulneratus
1164 2791 1232 2823 est
1251 2783 1338 2822 hac
1355 2783 1401 2822 in
1418 2783 1530 2822 urbe
1548 2783 1735 2834 quidam

167 2895 175 2914 ¹
219 2881 423 2921 mullorum.
441 2893 624 2920 PoLAxcus.

166 2943 178 2961 '2
217 2943 340 2969 decere
354 2948 565 2974 generosum
583 2941 711 2967 uirum.
727 2939 775 2967 10.

166 2990 179 3010 5
217 2989 353 3025 infima.
369 2988 417 3016 Io.

167 3039 181 3057 4
219 3037 407 3071 quaedam.
424 3036 474 3063 h).

169 3085 182 3105 ⁵
219 3084 556 3118 antz'quz'ssz'mm‘um
574 3086 692 3111 ctiam.
708 3083 753 3113 ID.
