2020 3342
609 227 828 265 ADDENDA
856 238 897 265 lN
924 238 1037 265 TOMO
1065 237 1258 265 SECUNDO
1679 226 1745 264 641

208 536 338 585 Pag.
379 535 463 580 81,
490 538 600 585 post
627 534 857 586 hispanas
887 535 1056 575 Patris
1086 535 1295 587 sommis
1328 535 1526 574 Gmnero
1561 534 1752 574 litteras

128 606 373 645 addendae
394 610 657 656 sequentes:

700 960 1082 1015 CLXXXVII
1122 958 1189 995 ¹³³³

198 1192 273 1231 Fr.
295 1194 459 1233 Lucius
479 1193 641 1240 Croce,

250 1259 318 1296 Ex
337 1256 656 1296 commissione
675 1259 818 1296 Patris
837 1259 1018 1306 Joannis
1039 1259 1244 1303 Gamero,

299 1325 420 1362 Patri
438 1325 607 1372 Ignatio
629 1324 681 1361 de
701 1324 885 1372 Loyola.

344 1390 561 1436 Valentia,
583 1390 630 1427 30
649 1390 909 1427 Decembris
931 1389 1023 1428 1552
1042 1389 1065 1426 ἰ.

895 1544 992 1620 ηᾟε

215 1739 315 1780 Rde
342 1740 388 1780 in
411 1740 595 1780 Christo
619 1739 770 1779 Pater.

215 1811 284 1851 Ex
312 1811 457 1850 literis
487 1822 698 1860 psOXIrnO
727 1810 1056 1862 quadrimestri
1090 1810 1150 1850 ad
1183 1810 1234 1850 T.
1275 1809 1397 1850 piem
1424 1810 1626 1861 scriptis,
1653 1821 1758 1850 eam

134 1882 428 1934 potissimum
450 1881 696 1921 certiorem
718 1881 912 1921 fecimus
934 1881 1168 1921 discessus
1188 1882 1338 1921 nostri
1359 1881 1513 1921 Patris
1530 1881 1757 1932 Hierony-

134 1953 211 2000 mi,
236 1953 313 2004 qui
334 1964 456 1993 nono
478 1952 703 1992 kalendas
725 1950 1009 2002 Septembris
1026 1952 1132 1992 hinc
1151 1951 1498 1991 Barchinonam
1521 1951 1759 2003 profectus

134 2031 218 2064 est.
247 2023 319 2064 Ac
357 2024 629 2074 priusquam
656 2022 764 2062 hinc
798 2022 1078 2070 discederet,
1116 2022 1331 2062 Fratrem
1365 2022 1620 2062 Gamerum
1650 2023 1758 2062 huic

133 2094 330 2145 collegio
370 2094 593 2145 praefecit
614 2126 621 2144 ‚
664 2104 903 2145 quousque
944 2105 970 2132 a
1008 2093 1291 2134 Prouinciali
1331 2093 1488 2133 Araoz
1527 2093 1758 2144 quispiam

135 2166 267 2215 alius,
293 2166 370 2216 qui
392 2165 513 2204 illius
533 2165 682 2204 vicem
703 2169 852 2214 gerat,
873 2164 1197 2203 constituatur:
1222 2163 1366 2203 frater
1384 2165 1505 2203 enim
1528 2162 1758 2203 Gamerus

139 2248 246 2276 cum
267 2243 388 2276 esset
417 2236 566 2275 sacris
593 2234 800 2274 initiatus
827 2240 1076 2286 antequam
1105 2233 1388 2274 Societatem
1418 2234 1756 2284 ingrederetur,

136 2314 329 2347 coactus
346 2313 414 2347 est
433 2309 529 2346 eius
546 2307 673 2345 iussu
692 2306 749 2345 ad
767 2304 1026 2345 Sacerdotii
1044 2305 1317 2355 dignitatem
1334 2305 1613 2355 promoveri,
1634 2305 1758 2356 quod

139 2377 228 2418 Dei
252 2378 413 2429 optimi
435 2377 625 2416 maximi
656 2375 879 2415 beneficio
909 2376 1084 2416 factum
1110 2384 1193 2415 est.
1219 2375 1309 2416 Vbi
1337 2375 1485 2426 primo
1516 2375 1587 2415 die
1618 2374 1759 2415 dorni-

140 2449 246 2489 nico
268 2449 441 2488 mensis
462 2447 761 2498 Septembris,
786 2447 828 2486 in
852 2453 1012 2486 nostro
1035 2448 1205 2498 templo
1237 2446 1646 2495 semiconstructo,
1671 2446 1759 2497 pri-

138 2531 264 2559 mum
299 2530 485 2558 sacrum
518 2517 792 2566 celebrauit;
831 2524 873 2557 et
912 2529 1018 2557 cum
1050 2517 1186 2557 Pater
1222 2517 1447 2568 Baptista,
1489 2516 1759 2557 Praefectus

137 2590 321 2641 collegii
343 2588 642 2637 Gandiensis,
667 2588 790 2639 apud
817 2600 901 2628 nos
929 2594 1070 2639 esset,
1099 2588 1327 2639 frequenti
1354 2587 1577 2627 concione
1599 2593 1667 2626 est
1698 2587 1760 2626 ibi

137 2661 457 2709 concionatus,
482 2671 574 2699 non
596 2659 694 2698 sine
716 2659 922 2699 maxima
942 2659 1141 2699 Vtilitate
1163 2670 1349 2707 eorum,
1374 2658 1450 2708 qui
1472 2669 1520 2698 se
1543 2658 1632 2697 huc
1655 2669 1759 2697 con-

136 2733 355 2772 tulerunt.
379 2730 650 2770 Discessum
671 2736 827 2769 autern
848 2730 994 2770 nostri
1013 2729 1163 2770 Patris
1179 2729 1470 2780 Hieronymi,
1490 2729 1576 2768 etsi
1593 2740 1651 2768 ex
1668 2728 1761 2768 Va-

136 2803 323 2843 lentinis
345 2802 476 2841 multi
498 2812 552 2841 ac
573 2812 658 2840 nos
687 2812 847 2840 omnes
873 2800 1030 2852 iniquo
1053 2801 1207 2841 animo
1238 2800 1502 2848 tulerimus,
1532 2799 1763 2839 nihilomi-

195 2927 203 2946 ⁴
243 2927 278 2953 In
295 2928 362 2954 vol.
379 2926 510 2959 Qnadr.
527 2925 729 2957 15534554,
744 2926 980 2959 autographae
998 2925 1121 2959 duplici
1143 2926 1232 2957 solio,
1248 2925 1356 2959 primo
1373 2933 1403 2951 n.
1417 2925 1480 2957 350,
1497 2925 1605 2951 altero
1627 2931 1691 2950 non
1706 2930 1762 2950 nu-

140 2978 284 3003 merato.
301 2973 384 3001 Sunt
400 2978 531 3000 tantum
556 2973 832 3007 praecedentium
853 2974 889 3004 (t.
909 2972 952 3006 11,
974 2980 1052 3007 pag.
1072 2973 1168 3003 79-81)
1193 2973 1335 3000 latinum
1357 2973 1557 3005 exemplum;
1574 2979 1632 2998 eas
1648 2975 1763 2997 tamen

141 3020 323 3048 distinctas
338 3022 411 3048 loco
429 3026 461 3048 et
478 3028 616 3048 numero
631 3021 794 3054 ponimus,
809 3021 886 3054 quia
901 3021 943 3047 ab
955 3021 1022 3048 alio
1035 3021 1183 3055 scriptae
1196 3021 1329 3054 alioque
1345 3019 1396 3046 die
1411 3019 1625 3051 subscriptae
1637 3022 1725 3045 sunt.
