2020 3342
867 223 947 262 AN.
979 225 1070 262 1556
1704 223 1774 259 373

151 324 319 375 uagari
340 329 477 375 atque
498 323 692 362 uolitare
714 322 939 371 solebant,
960 321 1047 360 hoc
1071 319 1253 360 uirtutis
1277 319 1442 370 laqueo
1465 318 1642 366 irretiti,
1663 324 1772 357 tem-

152 406 238 448 pus
258 395 329 434 his
349 394 556 435 honestis
579 393 845 444 sanctisque
867 392 1128 432 actionibus
1156 395 1455 439 consumant3
1486 395 1772 440 quantopere

154 471 308 506 autem
330 465 418 505 hoc
440 465 496 504 ab
518 464 732 504 omnibus
752 464 865 503 uiris
880 462 1046 514 probis
1071 460 1078 481 ¹
1097 461 1334 513 probetur,
1359 460 1439 500 uix
1461 471 1577 511 queo
1601 459 1771 499 dicere:

153 542 428 587 argumento
450 535 540 575 sint
561 535 643 574 tibi
663 534 839 584 laudes,
863 534 1027 585 quibus
1048 544 1134 572 nos
1160 537 1460 582 nostramque
1491 530 1773 571 Societatem

152 608 328 658 passim
349 607 589 656 extollunt,
614 617 719 646 cum
739 605 1027 656 perspiciunt
1044 615 1129 643 nos
1145 614 1239 643 non
1257 603 1407 642 solum
1424 602 1664 641 literarum
1682 608 1772 640 stu-

152 678 240 718 diis
262 688 422 718 eorum
441 677 611 717 liberos
633 687 877 723 exornare,
898 675 977 715 sed
996 681 1039 715 et
1057 675 1263 715 animum
1279 673 1403 713 intus
1419 673 1551 712 bonis
1569 672 1774 712 moribus

151 749 401 790 informare
421 749 556 797 uelle,
580 748 702 799 quod
724 747 859 787 facile
880 747 1197 798 unusquisque
1220 744 1379 784 uidere
1401 747 1415 766 2
1435 749 1601 795 potest.

232 820 356 860 Nam
377 831 416 859 sc
439 819 501 858 ad
519 818 770 858 lz'terarzmz
787 823 1110 869 progressum
1141 815 1624 864 scholasticorumque
1651 812 1774 852 utils-

150 895 296 932 tatem
316 889 478 931 oculos
498 882 771 930 conuertere
793 889 1052 938 noluerint,
1074 899 1167 927 uon
1187 888 1359 927 desunt
1381 897 1499 936 quae
1519 897 1571 924 ea
1592 884 1775 924 euiden-

151 962 353 1004 tissimis
374 961 534 1012 signis
553 961 885 1011 mamfesteut:
907 960 997 999 hoc
1018 959 1140 998 em'm
1163 956 1491 1010 quadrimestri
1521 962 1615 995 tres
1645 967 1670 994 a
1700 967 1774 995 no-

152 1033 261 1074 stris
277 1031 634 1073 adolescentulis
650 1031 836 1071 habitae
852 1036 959 1070 sunt
976 1029 1227 1078 orationes,
1248 1039 1446 1080 quarum
1463 1027 1581 1067 duae
1598 1027 1645 1066 in
1665 1032 1775 1066 tem-

151 1105 228 1156 plo
251 1104 426 1144 maiori
441 1102 455 1121 ³
476 1103 611 1143 huius
632 1102 775 1152 urbis,
801 1101 892 1141 alia
915 1101 1005 1141 alio
1026 1101 1071 1140 in
1088 1102 1190 1140 loco
1208 1099 1366 1139 habita
1384 1098 1487 1145 fuit;
1510 1098 1646 1149 quod,
1668 1099 1776 1148 quia

154 1176 326 1216 multae
347 1175 432 1215 fuit
453 1174 624 1226 populo
646 1172 957 1219 admirationi,
982 1171 1236 1222 sigillatim,
1260 1178 1398 1221 prout
1425 1181 1501 1208 res
1527 1175 1661 1220 gesta
1689 1175 1774 1218 est,

152 1247 369 1287 narrabo.
411 1245 671 1297 Episcopus
708 1243 737 1294 ⁴,
780 1243 858 1296 qui
898 1243 1102 1283 maximo
1141 1254 1226 1282 nos
1266 1252 1425 1282 amore
1459 1240 1772 1292 prosequitur,

153 1329 259 1358 cum
280 1317 514 1357 nonnullis
542 1315 714 1356 nostris
745 1314 1032 1355 orationibus
1058 1312 1358 1362 interfuisset,
1392 1322 1562 1362 easque
1585 1311 1777 1350 nimium

152 1389 332 1441 publice
360 1388 619 1440 probasset,
649 1393 811 1438 optare
842 1397 891 1425 se
922 1384 1041 1425 uelle
1063 1384 1192 1434 dixit,
1217 1389 1265 1423 ut
1287 1383 1441 1434 aliqua
1473 1383 1531 1422 ad
1553 1382 1775 1422 Senatum

151 1460 207 1501 de
229 1458 599 1500 administranda
619 1457 874 1509 Republica
897 1456 1083 1496 omnino
1106 1455 1377 1495 haberetur:
1409 1454 1531 1505 quod
1552 1464 1669 1493 onus
1691 1464 1776 1492 nos

151 1531 449 1583 paratissimo
477 1530 632 1570 animo
661 1528 940 1569 subiuimus:
973 1526 1270 1568 sanctissimo
1300 1526 1442 1576 igitur
1473 1524 1774 1564 Pentecostes

151 1603 223 1644 die
259 1602 630 1642 adolescentulus
670 1600 858 1652 quidam
897 1611 955 1639 ex
993 1598 1167 1637 nostris
1207 1597 1400 1645 scholis,
1443 1596 1520 1647 qui
1559 1595 1772 1635 duodeci-

150 1686 274 1715 mum
310 1673 408 1724 agit
442 1683 629 1722 annum,
666 1671 784 1711 filius
815 1670 1058 1710 cuiusdam
1095 1669 1210 1709 ciuis
1242 1667 1530 1717 nobilissimi,
1564 1668 1641 1717 qui
1673 1666 1775 1705 Col-

149 1745 258 1797 legii
281 1745 428 1785 nostri
450 1755 611 1784 curam
633 1743 785 1793 habet,
810 1743 933 1793 quod
961 1742 1023 1781 ad
1052 1741 1228 1780 uictum
1260 1739 1527 1789 cultumque
1557 1742 1775 1777 nostrum

150 1820 386 1868 expectat,
422 1815 580 1855 habuit
615 1814 874 1854 orationem
914 1813 969 1852 de
1010 1810 1379 1852 administranda
1418 1809 1688 1860 Republica,
1730 1808 1776 1847 in

152 1888 322 1940 templo
356 1885 531 1928 maiori
560 1885 589 1936 ⁵,
628 1896 787 1925 coram
818 1884 949 1924 Duce
984 1883 1289 1933 omnibusque
1321 1880 1639 1925 Senatoribus,
1674 1879 1775 1929 Epi-

151 1970 293 2010 scopo
329 1958 522 2009 aliisque
558 1957 751 1997 ciuibus.
791 1955 914 2007 Quid
945 1955 1030 1993 Izac
1057 1954 1105 1993 in
1134 1965 1184 1992 re
1207 1951 1514 2003 potissimum
1549 1950 1776 1998 acimsrer,

151 2029 319 2070 nescio.
344 2029 468 2069 Nam
495 2028 534 2068 si
555 2027 796 2068 hominum
828 2025 1137 2077 frequentiam
1167 2023 1363 2075 aspicio,
1383 2026 1452 2062 tot
1485 2034 1533 2060 se
1563 2021 1679 2060 uu‘lu'
1706 2020 1776 2070 os-

142 2101 335 2152 fernus,
364 2104 415 2140 ut
435 2098 449 2118 ⁶
471 2099 748 2140 confirmare
777 2096 973 2138 audeam
1001 2095 1200 2147 amplius
1226 2096 1252 2134 ὃ
1278 2094 1421 2134 millia
1443 2094 1682 2132 hominum
1713 2092 1775 2131 in-

154 2172 390 2213 terfuisse:
413 2171 537 2223 quod
557 2170 597 2210 si
617 2168 905 2221 applausum
928 2167 955 2218 ⁷,
985 2178 1076 2219 quo
1098 2167 1155 2206 ab
1177 2165 1391 2206 omnibus
1414 2164 1497 2205 fuit
1521 2163 1671 2203 oratio
1699 2174 1776 2202 au—

153 2243 265 2295 dita,
288 2242 468 2283 intueri
484 2241 643 2291 uelzm,
665 2240 748 2280 fuit
770 2240 882 2279 adeo
905 2250 1134 2289 magnus,
1156 2243 1204 2277 ut
1226 2242 1315 2288 per
1346 2235 1360 2254 ⁸
1391 2241 1609 2288 quattuor
1636 2235 1778 2274 horas

154 2317 351 2363 (tantum
370 2313 599 2365 siquidem
619 2311 842 2363 temporis
864 2309 1118 2350 interfluxit
1145 2309 1253 2349 dum
1287 2307 1495 2348 diuinum
1522 2306 1777 2346 celebrare-

151 2392 227 2427 tur
261 2384 476 2434 officium)
515 2374 693 2424 immoti
721 2380 1078 2434 permanserint
1112 2378 1126 2399 ⁹
1161 2384 1464 2430 expectantes
1499 2376 1774 2424 orationem,

150 2467 284 2509 quae,
301 2456 409 2497 dum
426 2455 677 2495 haberetur
699 2451 741 2502 ¹⁰,
766 2465 823 2493 ne
843 2452 1062 2492 minimus
1082 2450 1269 2502 quidem
1289 2452 1359 2489 est
1383 2447 1410 2467 ¹¹
1433 2448 1652 2500 strepitus
1670 2459 1773 2487 con-

251 2569 362 2596 bonis.
378 2567 564 2595 Pomucus.

252 2615 349 2643 domi
359 2622 446 2642 suae
461 2614 631 2649 experiri.
646 2613 700 2642 Io·

254 2663 421 2691 maximo.
437 2662 484 2690 In.

253 2710 417 2745 Aegidius
433 2709 606 2738 Falcetta.
625 2709 713 2737 Vide
728 2716 843 2744 supra,
859 2715 938 2743 pag.
957 2707 1016 2740 131.
1035 2709 1149 2734 annot.
1163 2705 1191 2734 2.

252 2759 285 2787 in
300 2765 438 2785 summo
453 2758 591 2792 templo.
607 2757 793 2784 POLANCUS.

253 2807 403 2842 spectes.
424 2805 472 2833 10.

253 2855 282 2882 si
297 2848 540 2881 attentionem.
558 2852 607 2880 ID.

201 2568 216 2780 wbfflfflfl—

253 2904 355 2929 tanta
368 2901 443 2935 fuit,
460 2904 497 2928 ut
512 2907 602 2928 cum.
619 2899 668 2927 ΙΙ).

251 2949 550 2985 permansissent.
566 2947 617 2975 ID.

252 2997 330 3024 dum
346 3003 387 3023 ea
402 2996 599 3023 haberetur.
615 2994 662 3023 ID.

252 3044 309 3074 sit.
326 3044 374 3075 In.

200 2804 218 3065 -0000-102

188 2999 197 3064 ...—
