2020 3342
244 245 309 282 106
751 243 976 281 LITTERAE
1003 255 1362 288 QUADRIMESTRES

241 341 545 391 ingrediatur,
584 341 631 381 in
664 352 754 393 quo
785 340 886 381 Deo
909 341 1161 392 perfectius
1194 341 1478 392 liberiusque
1503 340 1680 381 seruire
1702 340 1874 391 possit„

242 411 362 451 Noui
391 412 665 452 monasterii
703 413 930 452 moniales
970 423 1130 452 omnes
1166 411 1263 452 fere
1298 411 1523 452 exercitia
1564 411 1870 450 absoluerunt

242 493 348 522 cum
367 493 540 533 magno
563 483 825 523 animarum
848 494 1042 522 suarum
1064 482 1325 523 commodo.

320 553 370 593 In
403 552 638 593 Natalitiis
672 553 863 594 Domini
898 553 1027 593 multi
1060 554 1119 593 ad
1154 553 1497 593 confessionem
1531 558 1783 602 uenerunt,
1823 557 1871 592 et.

241 630 401 674 aperte
423 635 472 663 se
494 624 549 663 de
570 625 775 675 peccatis
805 623 1022 664 admissis
1057 624 1213 664 dolere
1249 624 1529 664 indicarunt.
1559 623 1683 663 Inter
1709 622 1869 674 poeni-

241 700 392 734 tentes
414 706 531 735 unus
553 694 655 744 fuit,
678 695 755 746 qui
776 700 953 746 septem
974 706 1121 734 annos
1143 694 1307 735 incesti
1329 694 1521 734 crimine
1546 694 1805 744 tenebatur,
1824 698 1878 734 et

240 776 321 816 pcr
345 765 651 806 confessionis
671 766 892 805 virtutem
913 771 1093 805 tantum
1114 771 1303 816 propter
1326 765 1626 805 commissum
1648 764 1871 804 delictum

240 836 401 886 doluit,
426 842 474 876 ut
495 837 735 888 antiquam
757 837 901 876 uitam
923 837 969 876 in
986 848 1160 876 nouam
1179 842 1224 876 et
1245 836 1485 876 meliorem
1511 835 1520 855 ¹
1552 835 1871 886 commutarit,

242 918 348 946 cum
369 908 609 958 proposito
635 914 678 947 et
700 908 1011 958 promissione
1033 919 1126 947 non
1156 907 1216 947 ad
1247 913 1455 947 ueterem
1489 906 1727 946 redeundi.
1763 905 1883 946 Fuit?

242 978 469 1017 monacha
507 978 642 1018 tertii
674 978 860 1018 ordinis
894 981 907 1000 ²
945 989 1064 1030 quae
1099 978 1484 1018 consuetudinem
1524 988 1721 1029 prauam
1755 976 1883 1016 duosn

241 1060 389 1088 annos
411 1060 516 1088 cum
545 1050 777 1088 monacho
799 1049 973 1099 habuit3
1005 1055 1049 1089 et
1070 1056 1119 1089 ut
1147 1049 1236 1089 hoc
1272 1049 1424 1088 scelus
1459 1049 1730 1097 occultaret,
1763 1058 1879 1090 curn⁴

241 1119 343 1159 aliis
371 1120 649 1160 monialibus
677 1119 735 1159 ad
762 1131 972 1160 mensam
1006 1120 1289 1160 dominicam
1325 1120 1594 1170 accedebat3
1627 1119 1709 1159 sed
1731 1125 1876 1170 partu.

243 1190 335 1240 filii,
369 1202 505 1242 quem
528 1203 586 1230 ex
608 1191 838 1231 monacho
875 1198 1170 1242 conceperat,
1207 1197 1306 1231 tota
1340 1202 1415 1230 res
1450 1191 1632 1231 detecta
1666 1196 1751 1230 est:
1774 1190 1878 1240 illa„

241 1272 503 1311 agnoscens
524 1262 854 1313 turpitudinem
875 1262 1080 1311 sceleris,
1114 1263 1341 1312 cogitauit
1373 1262 1428 1302 de
1459 1261 1750 1301 emendando
1780 1261 1870 1300 hoc

242 1332 436 1383 flagitio;
463 1333 588 1372 venit
610 1333 669 1373 ad
692 1333 939 1384 quemdam
960 1332 1149 1372 Patrem
1164 1339 1446 1382 nostrorum,
1471 1332 1547 1372 cui
1566 1331 1622 1371 de
1642 1331 1730 1371 hoc
1748 1331 1876 1382 turpi

240 1402 364 1443 facto
386 1403 602 1443 confessa
632 1409 714 1454 est,
753 1404 990 1455 doluitque
1026 1404 1341 1453 uehementem
1378 1409 1600 1454 tantaque
1635 1409 1704 1442 est
1731 1401 1872 1442 ducta

241 1474 541 1524 poenitentia,
566 1480 616 1514 ut
640 1475 934 1514 continenter
950 1475 1153 1525 suspiria
1175 1475 1420 1524 emitteret;
1439 1485 1525 1513 nec
1542 1473 1588 1513 id
1605 1473 1790 1524 quidem
1813 1472 1875 1513 ad

241 1552 423 1595 tempus
443 1545 566 1596 fecit,
591 1545 672 1585 sed
699 1552 795 1585 tam
825 1546 1035 1596 grauiter
1062 1545 1306 1596 poenituit,
1337 1551 1386 1585 ut
1409 1544 1562 1592 Pater,
1593 1544 1667 1584 cui
1688 1543 1872 1584 confite-

240 1617 391 1665 batur,
415 1616 565 1667 ipsam
587 1616 642 1656 de
664 1617 951 1667 poenitentia
974 1618 1208 1656 remittere
1231 1615 1403 1667 aliquid
1432 1616 1623 1666 iuberet,
1656 1627 1715 1655 ne
1738 1626 1787 1655 se
1808 1615 1875 1654 ni-

240 1687 332 1727 mio
355 1688 479 1727 luctu
501 1688 781 1739 assiduoque
803 1688 961 1727 dolore
986 1687 1250 1728 conficeret:
1275 1688 1322 1727 in
1344 1686 1637 1727 confessione
1665 1693 1708 1725 et
1736 1686 1879 1725 bonis

241 1758 460 1809 operibus
483 1770 812 1809 perseuerans,
839 1765 1021 1798 tantum
1049 1759 1180 1798 breui
1205 1765 1413 1810 tempore
1440 1757 1636 1809 profecit
1663 1757 1711 1797 in
1731 1756 1871 1796 uirtu-

240 1829 299 1868 tis
321 1829 410 1875 uia,
433 1835 482 1869 ut
503 1829 606 1869 aliis
626 1841 719 1869 non
741 1830 890 1869 solum
911 1830 1032 1869 bono
1054 1830 1113 1869 sit
1134 1830 1362 1881 exemplo,
1385 1829 1467 1869 sed
1487 1829 1629 1869 etiam
1650 1827 1709 1868 ad
1729 1827 1879 1878 pieta--

243 1907 335 1939 tem
356 1901 526 1940 multos
547 1901 815 1952 cultumque
833 1900 1043 1940 diuinum
1060 1900 1285 1940 hortetur.
1306 1900 1511 1940 Fuerunt
1532 1904 1777 1950 praeterea
1794 1898 1875 1949 qui

242 1983 268 2010 a
287 1970 326 2018 2,
349 1969 388 2020 3,
414 1969 453 2020 4,
478 1971 612 2010 annis
635 1970 837 2010 confessi
858 1983 951 2011 non
972 1977 1120 2021 erant,
1144 1970 1221 2021 qui
1242 1970 1288 2010 in
1310 1970 1398 2010 hoc
1419 1969 1537 2010 festo
1560 1969 1619 2009 ad
1635 1968 1875 2020 poeniten-

245 2040 358 2081 tiam
379 2048 622 2081 uenerunt.

322 2110 425 2151 Non
459 2112 615 2151 multis
651 2118 757 2152 ante
794 2112 955 2152 diebus
991 2112 1336 2163 baptizauimus
1371 2122 1608 2161 maurum,
1645 2110 1778 2151 nobis
1815 2110 1880 2148 ab

242 2182 364 2221 I.¹¹m0
404 2182 535 2222 Duce
552 2183 812 2223 Bibonense
832 2182 845 2201 ³
873 2184 1081 2223 missum:
1112 2183 1294 2223 iuuenis
1329 2190 1397 2222 est
1420 2183 1579 2233 probis
1601 2181 1806 2221 moribus
1829 2187 1878 2221 ct

243 2254 445 2303 ingenua
468 2254 609 2293 animi
630 2254 784 2294 indole
806 2255 1058 2305 praeditus,
1080 2261 1123 2294 et
1140 2261 1209 2294 est
1228 2254 1380 2294 adhuc
1398 2254 1656 2303 nobiscum,
1676 2252 1882 2303 diligens,

245 2324 293 2363 in
315 2323 553 2364 functione
575 2324 834 2364 officiorum
856 2336 1064 2365 suorum.

322 2394 450 2434 Haec
487 2402 593 2435 sunt
612 2427 619 2445 ,
659 2395 759 2435 R.d0
802 2394 869 2445 R,
907 2407 1024 2446 quae
1060 2407 1118 2435 ex
1153 2395 1416 2435 obedientia
1451 2394 1712 2445 generatim
1745 2393 1879 2433 Tuae

245 2464 367 2504 R.<¹ae
390 2464 471 2505 ΡΝ
502 2465 768 2516 significare
788 2466 1034 2506 noluimus.
1058 2466 1142 2506 His
1159 2466 1342 2516 similia,
1363 2472 1407 2506 et
1435 2465 1574 2505 etiam
1602 2464 1799 2514 maiora,
1822 2470 1875 2504 ut

244 2535 463 2586 deinceps
486 2547 627 2586 agere
655 2536 905 2587 possimus,
934 2538 1026 2576 tuis
1054 2536 1363 2576 sanctissimis
1385 2536 1602 2586 precibus
1624 2547 1649 2574 a
1671 2533 1774 2574 Deo
1794 2534 1874 2574 im-

250 2612 432 2657 petrato
453 2604 482 2655 ⁴,
508 2606 696 2646 interim
718 2605 892 2647 Diuina
913 2607 1097 2647 bonitas
1118 2613 1162 2646 te
1178 2606 1313 2646 nobis
1329 2606 1408 2646 diu
1425 2607 1686 2646 incolumen
1703 2612 1880 2651 seruet,

305 2764 315 2784 ¹
357 2766 500 2791 omnino
518 2765 649 2792 addidit
664 2765 840 2791 Polancus.

296 2810 309 2829 ²
340 2811 486 2846 semina
503 2812 682 2842 relligioni·
707 2812 861 2838 addicta.
881 2812 1067 2838 POLAxcus.
1092 2811 1201 2838 Linea
1223 2812 1431 2845 superducta
1453 2813 1496 2839 ab
1511 2811 1607 2838 initio
1628 2811 1727 2844 hujus
1748 2811 1885 2845 periodi·

246 2865 349 2891 usque
366 2858 408 2885 ad
424 2859 533 2885 verba
548 2859 752 2891 cultumque
766 2858 931 2884 diuinum
948 2858 1118 2890 hortetur,
1135 2858 1284 2884 indicare
1297 2858 1433 2885 videtur
1445 2858 1529 2885 haee
1540 2858 1573 2885 in
1584 2857 1794 2892 apographis
1806 2865 1881 2884 esse

247 2906 449 2932 omittenda:
466 2909 623 2932 attamen
641 2906 673 2932 in
691 2905 901 2939 apographo,
918 2905 956 2931 de
970 2913 1034 2938 quo
1049 2912 1160 2932 sermo
1174 2910 1225 2932 est
1241 2906 1273 2932 in
1288 2906 1397 2939 prima
1412 2905 1629 2932 annotatione
1641 2904 1740 2939 hujus
1754 2905 1882 2938 episto-

251 2952 315 2984 iae,
329 2953 558 2980 inveniuntur.

305 3000 319 3018 5
359 3000 463 3027 Petro
478 3001 517 3027 de
534 3000 640 3027 Luna.

304 3049 318 3067 4
356 3048 454 3075 Prius
470 3048 657 3082 scripserat
672 3048 742 3081 ipse
758 3046 921 3079 Lapidius
937 3048 1151 3082 impetratis.
