2020 3342
851 278 934 315 AN.
971 277 1060 315 1556
1702 282 1770 319 207

146 372 409 425 flagremus:
433 374 479 415 id
499 374 649 426 ipsum
671 374 966 426 exposcimus
983 387 1008 415 a
1027 374 1236 426 patribus
1257 373 1571 426 fratribusque
1593 378 1767 417 nostris

147 445 192 484 in
212 443 296 485 Χ.Ο
317 445 620 494 charissimis,
646 446 723 497 qui
744 447 917 487 ibidem
938 445 1122 487 adsunt.

225 514 550 567 Salmanticae,
570 516 718 567 pridie
735 517 973 558 Kalendas
990 517 1099 557 Maii
1120 516 1234 556 1556.

568 587 790 638 Indignus
810 588 943 638 filius,

1338 729 1506 771 RUEDA
1531 730 1556 769 ¹.

222 943 572 994 Sapen-emptio
594 944 642 983 in
665 947 837 994 quarta
852 942 1060 994 pagina:
1081 941 1111 994 †
1131 942 1262 996 Jhus.
1287 942 1346 983 Al
1369 955 1478 995 muy
1500 943 1600 984 R.d0
1617 944 1767 985 Padre

141 1021 328 1054 nuestro
351 1026 408 1054 en
430 1014 549 1066 Xpo.
575 1015 616 1054 el
637 1013 684 1054 Ρ.
709 1013 792 1054 M.0
813 1013 994 1065 Ignatio
1016 1014 1072 1054 de
1094 1013 1288 1065 Loyola,
1313 1015 1549 1066 preposito
1571 1017 1760 1066 general

145 1086 201 1125 de
222 1086 266 1125 la
289 1085 546 1137 Compafiia
569 1085 624 1125 de
645 1084 795 1137 Jesus,
820 1097 876 1125 en
898 1084 1061 1125 Roma.

220 1156 330 1196 Alsa
353 1168 515 1196 manu:
539 1156 653 1196 1556.
676 1155 962 1197 Salmantica
1001 1155 1375 1206 Quadrimestres
1397 1155 1450 1195 30
1470 1156 1662 1208 Api-ilis.

220 1228 382 1267 Manet
400 1227 662 1278 vestigium
684 1239 814 1267 cerae
836 1227 1007 1266 rubrae
1029 1226 1202 1277 sigilli.

828 1655 1083 1712 CDXCV

211 1883 244 1920 F
249 1885 474 1922 ranciscus
494 1884 703 1923 Adornus
1652 1889 1665 1905 ⁸

258 1950 375 1987 Patri
395 1949 562 1997 Ignatio
583 1949 635 1988 de
655 1950 838 1998 Loyola.

305 2013 595 2058 Conimbrica‚
615 2015 661 2052 30
681 2016 844 2063 Aprilis
868 2016 959 2053 1550
977 2017 1006 2051 ².

939 2136 959 2168 †

901 2171 998 2213 IHS

215 2297 325 2348 Muy
347 2296 449 2337 Rld0
477 2309 535 2337 en
556 2297 742 2338 Christo
763 2297 929 2338 Padre.

213 2368 280 2408 La
302 2380 482 2408 summa
502 2368 656 2419 gratia
677 2381 708 2420 y
730 2381 862 2409 amor
884 2369 939 2409 de
975 2376 1163 2410 nuestro
1199 2369 1349 2410 Sefior
1371 2381 1500 2410 more
1532 2370 1588 2409 de
1616 2369 1761 2409 eonti-

135 2451 228 2480 nuo
250 2451 306 2479 en
327 2446 543 2480 nuestras
565 2440 760 2479 animas.
792 2440 957 2481 Amen.

213 2510 333 2550 Para
354 2511 550 2562 complir
570 2512 613 2550 lo
642 2523 729 2562 que
762 2511 820 2551 V.
858 2510 908 2550 Ρ.
945 2523 1031 2552 nos
1066 2512 1188 2552 tiene
1224 2512 1458 2552 mandado
1495 2523 1663 2552 acerca
1679 2512 1756 2552 ‘del

135 2581 312 2621 screuir
328 2581 423 2621 (164
444 2593 501 2622 en
520 2581 546 2620 4
565 2593 716 2622 meses
737 2583 780 2622 lo
809 2593 897 2634 que
931 2583 972 2622 61
1006 2581 1154 2623 Sefior
1187 2594 1270 2634 por
1293 2594 1346 2623 su
1368 2582 1554 2622 bondad
1577 2593 1625 2622 se
1647 2582 1757 2622 dina

133 2653 270 2692 obrar
292 2664 377 2704 poi·
397 2659 521 2692 estos
538 2664 618 2692 sus
629 2651 761 2703 hijos,
781 2665 838 2692 en
862 2660 960 2693 esta
984 2654 1279 2693 brenemente
1297 2654 1336 2693 16
1355 2654 1571 2693 daremos
1589 2659 1755 2694 cuenta

132 2722 287 2763 destos
308 2723 494 2763 ultimos
524 2724 549 2763 4
570 2734 720 2763 meses
752 2723 970 2775 pasados;
993 2727 1017 2764 6
1048 2724 1407 2775 primeramente
1442 2724 1676 2764 hablando
1703 2723 1759 2764 de

183 2859 194 2879 ¹
233 2860 380 2886 Videtur
395 2866 468 2886 esse
484 2858 518 2886 P.
534 2859 703 2886 Antonius
717 2859 757 2886 de
773 2859 901 2892 Rueda,
918 2860 972 2894 qui
988 2867 1075 2886 anno
1091 2861 1288 2894 praecedeti
1306 2860 1536 2888 Salinanticae
1553 2860 1760 2888 Societatem

131 2911 182 2934 est
199 2908 387 2942 ingressus.

182 2955 196 2971 ⁹
237 2955 459 2991 Archetypae
475 2956 600 2990 duplici
612 2956 702 2991 folio,
719 2957 839 2984 nn 5-17
855 2961 887 2983 et
902 2955 963 2982 518.
980 2955 1017 2982 In
1032 2956 1073 2982 iis
1088 2955 1158 2982 alia
1173 2963 1291 2982 manus
1306 2955 1487 2989 epistolam
1509 2955 1680 2987 exaravit,
1696 2955 1764 2982 alia

133 3007 306 3036 postrema
322 3005 439 3037 verba,
456 3004 498 3030 de
515 3004 676 3031 Coimbra
681 3024 732 3032 .....
739 3003 927 3037 —Odornos
943 3003 1027 3030 haec
1043 3007 1158 3030 autem
1172 3008 1265 3030 certe
1282 3010 1346 3030 non
1359 3007 1412 3030 est
1427 3002 1602 3030 Francisci
1622 3002 1762 3033 Adorni¹

133 3051 191 3078 sed
203 3051 274 3085 ejus
286 3051 342 3085 qui
355 3051 549 3079 versionem
560 3052 714 3086 latinam,
727 3059 804 3079 mox
817 3059 837 3079 a
848 3051 943 3079 nobis
959 3050 1266 3084 transcribendam,
1279 3051 1489 3085 subscripsit,
1503 3050 1645 3081 scilicet,
1658 3050 1763 3077 Anto-

137 3098 181 3126 nii
200 3099 373 3126 Andrade.
