2020 3342
821 230 903 268 AN.
934 227 1023 268 1556
1665 231 1733 272 175

121 323 252 378 Quae
286 327 441 368 omnia
475 326 643 368 mirum
678 327 724 367 in
754 339 839 368 nos
868 339 1075 368 amorem
1105 327 1262 379 populi
1292 328 1621 379 conciliarunt3
1654 331 1732 381 qui

118 398 304 450 quidem
325 404 481 438 tantus
502 404 585 445 est.
610 405 660 439 vt
681 409 766 438 nos
784 398 876 450 xpi.
897 398 1079 449 milites,
1099 399 1240 439 immo
1257 398 1525 450 Apostolos,
1544 407 1732 440 vocant.

115 468 217 509 Hac
240 468 615 520 quadragesima,
641 469 714 509 die
735 468 812 509 §.ti
838 468 1027 521 Joseph,
1050 469 1124 509 cui
1144 475 1355 510 nostrum
1372 471 1594 522 templum
1612 470 1733 511 dica-

115 546 211 579 tum
233 546 316 588 est,
343 539 463 580 R.dus
499 539 546 579 Ρ.
580 539 818 591 Philippus
848 540 915 590 (vt
945 540 1140 590 singulis
1170 540 1312 580 etiam
1342 541 1732 592 quadragesimae

116 610 294 660 diebus)
318 610 623 650 concionatus
650 617 739 660 est;
775 609 1006 650 affuerunt
1036 611 1250 651 concioni
1281 611 1413 651 multi
1444 612 1661 653 doctores
1692 620 1735 653 et

113 681 291 721 nobiles
313 681 416 731 viri,
440 682 744 731 magistratus
767 681 983 731 ciuitatis,
1009 688 1052 722 et
1074 683 1172 733 ipse
1189 682 1329 722 etiam
1346 682 1620 735 Episcopus,
1640 685 1734 736 qui-

115 751 200 791 bus
221 752 435 792 omnibus
457 753 534 792 illa
555 764 648 792 non
668 752 964 793 mediocriter
985 753 1160 804 placuit
1180 764 1187 792 :
1216 753 1400 793 recitati
1433 761 1539 794 sunt
1569 761 1613 794 et
1639 756 1735 806 plu-

113 823 218 863 rimi
239 823 402 875 hymni
423 829 467 863 et
488 824 843 875 epigrammata,
868 830 964 864 tum
984 835 1174 875 graeca,
1198 831 1296 865 tum
1317 825 1476 876 latina,
1503 838 1529 866 a
1559 827 1732 877 pueris:

113 894 275 935 habita
304 901 374 934 est
404 901 448 935 et
482 895 632 935 oratio
663 907 689 935 a
719 895 919 946 quodam
941 895 1236 936 adolescente
1258 896 1305 936 in
1326 897 1510 938 laudem
1530 897 1639 938 Diui
1659 897 1734 950 Jo-

113 966 247 1017 seph:
271 966 439 1017 quibus
460 967 674 1006 omnibus
695 967 883 1018 praesul
904 972 948 1007 et
970 979 1146 1018 omnes,
1170 968 1249 1019 qui
1280 967 1370 1008 huc
1402 976 1733 1018 conuenerant,

113 1036 365 1077 admodum
384 1037 545 1077 laetati
565 1044 686 1088 sunt,
712 1037 835 1089 quod
855 1049 881 1077 a
899 1037 1070 1077 nostris
1088 1038 1331 1089 discipulis
1347 1039 1535 1091 aliquod
1551 1039 1736 1080 futurae

113 1106 389 1148 eruditionis
409 1108 645 1158 specimen
667 1108 985 1159 praeberetur.
1010 1107 1136 1149 Idem
1165 1108 1212 1149 in
1242 1110 1414 1161 templo
1444 1109 1553 1150 Diui
1580 1110 1736 1150 Domi-

113 1178 220 1228 nici,
245 1178 317 1218 die
338 1178 554 1229 Angelici
584 1178 805 1219 Doctoris
834 1179 1042 1219 Thomae
1073 1179 1337 1231 Aquinatis,
1370 1187 1526 1220 actum
1556 1187 1639 1221 est.
1670 1180 1737 1222 Sit

113 1247 214 1289 Deo
236 1249 385 1289 honor
406 1257 450 1289 et
470 1249 637 1300 gloria.

191 1320 298 1360 Dici
319 1321 400 1361 vix
420 1327 589 1373 potest,
612 1320 714 1362 R.de
735 1321 893 1373 Pater,
919 1329 1093 1374 quanto
1114 1334 1200 1363 nos
1221 1334 1380 1363 amore
1406 1323 1601 1364 Illustris
1629 1323 1736 1365 Sue-

113 1402 195 1431 rus
230 1400 554 1444 prosequatur,
593 1405 730 1445 quem
764 1405 903 1445 saepe
938 1394 1220 1444 declarauit‚
1259 1401 1303 1434 et
1341 1395 1536 1446 singulis
1576 1396 1737 1436 diebus

117 1463 324 1513 apertius
352 1463 575 1504 declarat.
605 1454 787 1515 Quotus
808 1465 930 1505 enim
954 1465 1149 1516 quisque
1181 1465 1280 1505 dies
1310 1472 1393 1516 est,
1426 1477 1518 1517 quo
1549 1469 1633 1507 iios
1662 1467 1737 1507 ille

113 1534 268 1574 visum
298 1546 392 1574 non
422 1535 604 1586 veniat,
639 1535 894 1576 domestice
930 1537 1072 1576 etiam
1106 1548 1211 1576 cum
1245 1536 1469 1577 fratribus
1504 1537 1737 1579 comedat?

111 1604 234 1655 Quid
264 1605 388 1657 quod
424 1604 706 1647 Societatem
740 1607 930 1658 ingredi«
956 1608 1271 1659 mundumque
1306 1608 1568 1660 relinquere
1602 1610 1737 1650 vehe-

112 1682 294 1716 menter
332 1676 589 1717 desiderat?
628 1690 776 1730 neque
815 1679 937 1719 enim
976 1684 1107 1730 putat
1146 1690 1249 1719 esse
1289 1679 1416 1720 factu
1451 1680 1633 1720 difficile
1668 1688 1733 1732 vt,

112 1754 384 1788 constructo
406 1748 618 1798 collegio,
644 1749 755 1789 illud
783 1749 1101 1801 ingrediatur;
1124 1750 1204 1789 vbi
1225 1750 1347 1790 hunc
1369 1750 1456 1790 sibi
1472 1752 1612 1792 vellet
1629 1764 1734 1792 con-

112 1818 214 1858 cedi
229 1819 469 1870 honorem,
488 1831 578 1871 quo
600 1819 713 1859 nihil
732 1818 1062 1871 praestabilius
1084 1821 1335 1871 existimat,
1359 1827 1409 1861 vt
1429 1821 1651 1863 fratribus
1672 1823 1735 1862 in-

113 1890 327 1930 seruiret.
350 1890 499 1931 Huius
526 1891 666 1931 etiam
684 1891 890 1931 ciuitatis
906 1891 1039 1932 Rmus
1068 1891 1261 1932 Praesul
1285 1891 1309 1943 ⁸,
1330 1893 1432 1944 quis
1454 1893 1610 1933 verbis
1634 1906 1732 1945 pos·

113 1966 182 2001 set
211 1961 432 2013 consequi
460 1973 599 2013 quam
620 1962 679 2002 sit
701 1973 814 2013 erga
836 1962 924 2002 hoc
951 1963 1200 2013 collegium
1230 1963 1455 2004 affectus?
1491 1964 1733 2016 siquidem,

110 2039 300 2083 praeter
330 2032 578 2072 ecclesiam
609 2040 652 2073 et
684 2033 824 2073 situm
858 2034 1057 2084 collegii,
1094 2046 1187 2074 non
1222 2034 1447 2075 mediocri
1482 2035 1735 2086 opitulatus

113 2109 181 2143 est
203 2103 485 2143 eleemosina
503 2116 510 2143 :
534 2103 592 2144 ad
612 2103 729 2144 haec
746 2104 878 2144 nobis
895 2104 1038 2144 libros
1055 2105 1396 2154 accommodat,
1417 2112 1461 2146 et
1479 2107 1635 2146 omnia
1652 2118 1735 2146 sua

110 2174 250 2214 hilari
271 2174 425 2214 animo
447 2174 594 2223 offert,
618 2181 757 2226 atque
779 2174 1132 2226 diligentissime
1160 2183 1293 2216 curat
1314 2183 1364 2217 vt
1397 2177 1444 2216 in
1469 2177 1735 2229 praecipuis

114 2245 256 2285 huius
278 2245 504 2286 dioecesis
525 2245 793 2286 ciuitatibus
814 2244 1064 2287 Societatis
1086 2248 1286 2298 collegia
1308 2254 1654 2289 construantur.

196 2316 327 2356 Haec
348 2322 469 2364 sunt,
493 2315 593 2357 Rde
627 2316 781 2367 Pater,
813 2329 953 2369 quam
985 2318 1259 2358 breuissime
1289 2317 1387 2358 fieri
1418 2319 1580 2370 potuit,
1614 2331 1731 2371 quae

113 2387 361 2427 scribenda
383 2387 660 2438 censuimus,
685 2387 792 2428 licet
811 2388 970 2439 multa,
993 2388 1238 2428 breuitatis
1256 2401 1415 2440 causa,
1434 2390 1527 2430 sint
1544 2390 1731 2431 omissa.

110 2456 244 2498 Nunc
266 2463 422 2498 autem
443 2469 603 2498 omnes
625 2458 762 2498 huius
783 2456 967 2510 collegii
988 2458 1152 2499 Patres
1172 2466 1217 2500 et
1241 2460 1413 2500 fratres
1434 2460 1734 2501 Paternitatis

110 2528 314 2569 Vestrae
335 2529 623 2569 orationibus
645 2540 694 2569 se
715 2541 1002 2581 magnopere
1024 2531 1366 2571 commendant.
1391 2530 1527 2572 Vale.

192 2599 367 2640 Datum
387 2598 651 2651 Syracusis,
673 2600 759 2641 XII
782 2600 971 2641 Calend.
994 2600 1170 2653 Aprilis
1190 2600 1204 2620 ²
1229 2601 1346 2643 1556.

190 2669 500 2711 Reuerentiae
521 2670 720 2712 Vestrae
741 2671 960 2723 indignus
981 2683 1160 2724 seruus,

865 2778 1105 2821 GEORGIUS
1133 2780 1514 2823 PANORMITANUS.

161 2949 171 2970 ¹
211 2950 439 2987 Hieronymus
455 2952 495 2979 de
509 2951 671 2980 Bononia.

161 2998 175 3017 ἓ
212 2998 266 3026 Sic
280 2999 458 3033 perspicue
475 3000 507 3026 in
518 2999 589 3031 Ms..
605 3007 706 3028 manu
720 3000 824 3035 ipsius
841 3001 990 3036 Georgii.
1006 3002 1053 3030 At
1069 3006 1201 3031 certum
1215 3004 1286 3031 sere
1308 3009 1359 3032 est
1381 3005 1584 3033 dormitasse
1608 3006 1661 3033 hic
1677 3008 1733 3034 bo-

111 3052 187 3072 num
202 3045 385 3079 Georgium
396 3050 430 3074 et
451 3047 525 3074 loco
546 3047 636 3074 Maii
655 3048 831 3082 scripsisse
855 3048 1001 3083 Aprilis
1022 3049 1109 3078 Nam
1130 3050 1175 3077 1.⁰
1196 3046 1334 3079 italicae
1355 3053 1492 3081 litterae
1516 3054 1617 3081 datae
1639 3058 1734 3081 certo
