2020 3342
833 199 914 236 AN.
946 199 1035 235 1556
1679 197 1742 234 341

124 304 330 338 mentum
347 297 507 338 diebus
528 296 812 336 solemnibus
828 295 1136 346 frequentant.
1165 294 1354 344 Aliquot
1372 299 1538 332 octauo
1563 304 1744 344 quoque

125 367 197 408 die
231 367 544 419 poenitentiae
579 377 905 418 synaxeosque
937 370 1231 405 sacramenta
1262 369 1488 414 repetunt.
1523 362 1614 402 Res
1646 371 1745 403 erat

126 439 201 478 hic
236 438 393 478 audita
427 438 507 478 vix
541 449 768 488 vnquam‚
804 448 926 476 nunc
962 436 1112 486 magis
1148 446 1202 475 ac
1238 435 1390 484 magis
1426 434 1742 474 increbrescit.

125 509 365 561 Quaedam
386 508 762 549 Sacramentaria
785 520 839 547 ac
857 506 1152 547 Lutherismo
1169 516 1362 557 prorsus
1379 505 1565 555 infecta,
1585 505 1743 544 nihilo-

124 581 275 621 minus
300 586 596 620 sacramenta
617 580 820 619 humano
848 579 1012 618 timore
1035 577 1208 629 absque
1230 576 1317 616 fide
1338 576 1639 626 frequentans
1659 588 1743 627 pro

124 662 252 692 more
287 650 502 699 fidelium,
541 650 677 701 idque
714 649 846 689 annis
885 661 978 688 non
1018 648 1202 703 paucis,
1239 658 1476 697 nunquam
1512 647 1646 686 alteri
1680 647 1743 686 ita

122 724 303 773 integre
325 733 379 762 ac
400 721 514 762 mihi
535 721 764 770 confessa,
789 732 870 772 per
890 732 962 760 me
984 720 1210 769 absoluta,
1235 730 1345 758 vere
1367 718 1598 758 catholica
1620 729 1741 757 nunc

121 794 250 835 viuit.
275 793 453 843 Altera,
478 804 596 845 quae
615 798 816 844 quatuor
834 803 982 831 annos
1003 791 1093 831 duo
1111 796 1305 842 peccata
1325 790 1492 829 rubore
1511 789 1743 829 conticue-

121 871 208 916 rat,
233 877 416 917 semper
436 864 776 905 confessionem
799 863 1009 903 mutilam
1031 873 1277 914 peragens,
1302 861 1412 901 mihi
1435 872 1541 900 cum
1566 860 1741 899 vberri-

119 937 207 977 mis
227 936 482 988 lachrymis
503 947 700 987 syncere
722 947 776 975 ac
798 935 979 985 integre
997 933 1336 973 confessionem
1352 932 1474 972 fecit.
1499 931 1740 981 Quaedam

120 1007 379 1048 sacerdotis
400 1006 675 1057 concubina,
700 1018 724 1046 e
745 1017 836 1058 qua
853 1005 1076 1045 tredecim
1092 1004 1261 1044 liberos
1277 1003 1535 1053 sacrilegus
1552 1003 1626 1042 ille
1644 1013 1738 1042 sus-

119 1080 302 1129 tulerat,
326 1079 438 1119 mihi
458 1077 674 1118 confessa
704 1084 772 1117 est
801 1088 907 1117 cum
934 1076 1087 1116 fructu
1115 1075 1442 1126 poenitentiae.
1474 1074 1609 1114 Aliae
1631 1085 1739 1113 con-

119 1151 314 1191 cubinae
336 1150 669 1191 canonicorum
691 1149 801 1189 mihi
823 1148 1064 1188 confessae
1086 1148 1232 1187 vitam
1252 1146 1472 1186 infamem
1491 1146 1536 1184 in
1554 1145 1739 1184 castita-

118 1222 178 1263 tis
198 1222 401 1262 studium
423 1226 782 1261 commutarunt.
805 1219 909 1259 Non
929 1218 1066 1270 pauci
1096 1217 1337 1268 Vtriusque
1359 1227 1519 1265 sexus,
1543 1215 1738 1255 enormi-

118 1293 204 1333 bus
231 1292 500 1333 criminibus
528 1291 739 1341 obnoxii,
768 1289 983 1330 horridas
1014 1289 1178 1329 sordes
1206 1287 1393 1337 animis,
1432 1286 1739 1326 confessionis

117 1364 327 1405 antidoto
349 1376 375 1404 a
397 1375 469 1403 me
491 1362 855 1411 subministrato,
875 1362 1165 1412 expulerunt.
1191 1359 1230 1400 A
1247 1358 1473 1399 confessis
1490 1357 1738 1398 restitutio-

116 1447 197 1476 nes
218 1435 343 1476 haud
361 1434 477 1475 leuis
497 1433 717 1486 ponderis
739 1439 783 1473 et
804 1433 956 1473 factae
985 1436 1092 1472 sunt
1119 1436 1162 1471 et
1191 1431 1318 1470 fiunt.
1350 1428 1486 1469 Certe
1516 1440 1640 1468 noua
1670 1440 1738 1468 re-

114 1519 217 1547 rum
236 1506 382 1547 facies
402 1506 449 1546 in
470 1506 719 1546 multorum
740 1504 928 1544 familiis
949 1502 1210 1553 euangelici
1232 1500 1476 1541 ministerii
1497 1499 1738 1549 energiam

117 1578 289 1628 arguit.

192 1649 553 1701 Aegrotantium
574 1648 713 1688 aedes
733 1646 1005 1687 consolandi
1027 1656 1140 1696 ergo
1171 1644 1426 1695 frequento.
1452 1642 1738 1682 Adolescen-

114 1721 237 1771 tulis,
261 1720 458 1772 hospitis
478 1720 568 1760 mei
589 1719 789 1759 alumnis
808 1717 835 1768 ¹,
854 1728 1047 1769 operam
1063 1727 1229 1763 meam,
1249 1721 1478 1766 quatenus
1494 1725 1577 1765 per
1593 1713 1737 1753 otium

114 1793 236 1842 licet,
260 1798 359 1832 tum
379 1792 424 1832 in
445 1791 667 1841 moribus,
691 1796 789 1830 tum
810 1790 857 1829 in
877 1789 1024 1828 literis
1045 1786 1277 1838 impendo,
1302 1786 1379 1837 qui
1401 1785 1598 1835 singulis
1614 1796 1737 1824 men-

114 1863 239 1905 sibus
259 1875 317 1904 ex
337 1875 440 1903 meo
462 1874 624 1903 omnes
644 1861 933 1914 praescripto
955 1858 1247 1908 confitentur,
1271 1863 1315 1897 et
1337 1857 1525 1908 aliquot,
1546 1868 1618 1895 me
1636 1867 1738 1895 sua-

114 1946 238 1984 sore,
276 1945 512 1985 nunquam
541 1934 670 1985 prius
704 1937 998 1972 sacramento
1026 1935 1230 1980 sumpto,
1267 1927 1463 1979 Corpori
1491 1926 1738 1967 Dominico

113 2005 531 2046 communicarunt.

189 2076 486 2128 Lachrymae
508 2082 551 2115 et
573 2075 774 2126 suspiria
796 2074 842 2114 in
864 2072 1237 2114 confessionibus
1258 2077 1302 2111 et
1323 2069 1629 2110 concionibus
1650 2069 1739 2109 fre-

111 2153 405 2199 quentantur.
428 2146 638 2199 Jurandi,
659 2144 903 2197 jurgandi,
928 2144 1170 2194 Deumque
1198 2142 1243 2182 id
1271 2153 1420 2192 genus
1447 2141 1574 2181 vitiis
1601 2140 1738 2180 offen-

111 2218 264 2269 dendi,
288 2230 443 2258 mores
464 2216 821 2268 corruptissimi,
841 2216 1102 2256 abolentur:
1126 2215 1230 2265 piae
1253 2212 1613 2253 consuetudines
1635 2223 1740 2250 sen-

112 2290 199 2329 sim
218 2289 515 2339 inuehuntur,
540 2287 733 2328 dissidia
755 2287 1051 2336 dirimuntur,
1076 2297 1216 2337 paces
1238 2284 1564 2324 conciliantur.
1598 2283 1739 2323 Bene-

113 2360 262 2401 dictus
284 2359 412 2400 Deus
433 2372 516 2411 pro
539 2359 777 2399 immensis
800 2370 854 2398 ac
877 2357 1133 2398 innumeris
1153 2355 1389 2396 beneficiis
1411 2355 1522 2395 suis.

190 2430 435 2472 Societatis
466 2430 718 2470 aduentum
748 2429 909 2469 diebus
938 2427 1134 2479 singulis
1160 2427 1517 2478 praestolamur,
1556 2425 1629 2465 cui
1661 2424 1739 2464 do·

112 2513 214 2543 mus
234 2502 388 2542 vicina
411 2506 724 2553 praeparatur
745 2501 791 2540 in
813 2499 1164 2547 habitationem,
1189 2498 1337 2538 donec
1370 2496 1631 2547 Collegium
1662 2508 1738 2535 no-

110 2573 181 2613 bis
201 2579 408 2613 erectum
428 2572 487 2612 sit
510 2572 567 2612 ab
590 2573 837 2623 Episcopo.
863 2571 1000 2610 Haud
1021 2569 1181 2609 dubito
1199 2569 1325 2620 quin,
1346 2568 1523 2608 colonis
1544 2579 1737 2607 numero

111 2643 510 2693 accrescentibus,
533 2643 822 2694 agricultura
845 2643 923 2682 illa
945 2640 1218 2691 euangelica
1242 2639 1472 2679 indefesso
1494 2638 1664 2678 sudore
1694 2644 1738 2677 et

111 2721 384 2756 exerceatur
411 2720 455 2754 et
483 2721 840 2765 promoueatur,
874 2720 920 2752 vt
952 2723 1150 2752 messem
1178 2717 1410 2751 maturam
1440 2711 1488 2750 in
1516 2710 1738 2749 horreum

110 2785 404 2826 Dominicum
425 2784 781 2825 convehendam
805 2791 931 2824 terra
953 2783 1276 2823 Aruernorum
1297 2782 1467 2834 pariat.

189 2857 251 2897 Vt
272 2856 638 2908 quadrimestres
660 2855 900 2907 proximas
924 2853 1191 2905 anticipaui,
1212 2853 1274 2892 ita
1292 2853 1434 2893 hasce
1454 2852 1628 2904 aliquot
1645 2851 1736 2890 die-

165 3015 174 3035 ¹
215 3014 302 3042 Vide
318 3023 434 3050 supra,
451 3019 475 3042 t.
491 3022 535 3047 111,
548 3022 627 3050 pag.
642 3014 705 3042 638.
