2020 3342
809 263 889 301 ΑΝ.
921 262 1012 301 1556
1649 263 1716 301 193

173 362 416 403 Caeterum
449 362 587 402 etiam
609 362 686 413 qui
707 362 753 401 in
775 361 971 401 vinculis
1004 353 1280 411 detinentur,
1315 361 1412 400 siue
1441 361 1498 400 ob
1529 367 1713 412 patrata

93 433 318 481 facinora,
351 433 448 473 siue
478 439 667 484 propter
695 433 863 483 debita,
900 433 998 472 siue
1033 433 1173 472 etiam
1209 432 1325 471 alias
1360 432 1416 472 ob
1448 443 1631 479 causas,
1664 431 1713 471 P.

94 503 351 555 Praepositi
375 515 517 555 opera
539 503 743 555 quotidie
761 503 995 554 J'uuantur,
1021 509 1117 543 tum
1138 504 1183 542 in
1201 503 1272 542 his
1294 514 1412 554 quae
1434 502 1493 542 ad
1511 503 1715 542 animum

93 581 318 626 spectant,
339 581 435 614 tum
453 586 571 626 quae
588 573 647 614 ad
663 585 848 626 corpus:
870 586 979 614 nam
997 574 1152 614 anima
1172 574 1310 624 longe
1331 573 1626 624 grauioribus
1643 584 1716 613 ca—

93 645 247 686 thenis
267 657 407 697 quam
435 657 607 696 corpus
632 646 902 697 plerumque
931 645 1182 685 constricta
1201 644 1339 696 jacet,
1369 643 1610 684 daemonis
1637 644 1715 684 im-

93 716 220 767 perio
241 716 449 766 subacta,
475 728 500 755 a
523 717 686 767 quibus
713 716 919 768 plerique
947 717 1176 763 leuantur,
1208 715 1286 767 qui
1314 715 1496 766 pondus
1522 715 1717 766 grauius

93 786 262 826 aethna
282 798 330 826 se
348 787 618 838 deposuisse
636 794 912 837 agnoscunt.
932 787 1118 828 Inediae
1135 787 1329 838 aliisque
1346 786 1715 833 necessitatibus,

94 858 190 898 siue
211 858 350 897 etiam
372 858 730 907 infirmitatibus,
756 865 980 909 quantum
1000 858 1099 898 fieri
1121 864 1288 909 potest,
1321 857 1548 909 prouidet.
1573 856 1717 908 Quos-

93 928 200 968 dam
230 929 386 979 etiam,
419 929 496 979 qui
531 929 587 968 ob
615 930 838 980 exiguam
864 929 1090 980 pecuniae
1119 940 1348 969 summam
1379 928 1718 977 detinebantur,

92 1001 301 1051 quaesita
322 1000 630 1052 undequaque
659 1001 858 1052 pecunia
886 1001 1116 1049 liberauit,
1147 1000 1263 1040 alios
1292 1012 1471 1051 quoque
1498 1011 1582 1051 pro
1612 1000 1719 1045 viri,-

59 1091 63 1096 ·
93 1071 177 1111 bus
207 1071 476 1111 consolatur
503 1078 546 1111 et
573 1082 599 1110 a
631 1072 789 1123 prauis
817 1071 1228 1111 consuetudinibus
1260 1071 1463 1120 redimit,
1498 1082 1554 1110 ne
1583 1071 1719 1110 simul

92 1153 197 1181 cum
219 1143 444 1193 corporis,
471 1143 653 1182 animae
675 1154 857 1194 quoque
879 1143 975 1182 vita
998 1142 1253 1193 priuentur.

171 1212 328 1265 Nuper
353 1214 426 1253 Vir
454 1213 642 1265 quidam
668 1214 830 1264 grauis
858 1225 913 1253 ac
941 1213 1180 1253 modestus
1207 1213 1431 1253 exercitia
1460 1212 1720 1264 spiritualia

93 1285 312 1335 suscepit,
339 1285 413 1336 qui
436 1296 541 1324 cum
563 1285 759 1335 animas,
784 1296 896 1324 suae
914 1297 1055 1325 curae
1071 1285 1289 1335 creditas,
1309 1284 1550 1324 literarum
1566 1283 1719 1323 studio

94 1356 159 1405 (vt
181 1355 227 1395 in
248 1356 336 1395 hac
359 1355 598 1395 academia
621 1356 827 1407 plerique
849 1356 1013 1406 solent)
1034 1356 1387 1407 postposuisset,
1412 1366 1515 1394 cum
1549 1353 1720 1406 perspi-

94 1437 180 1465 cua
211 1426 384 1466 erroris
415 1426 553 1465 huius
582 1426 871 1478 aliorumque
901 1426 1166 1466 defectuum
1197 1427 1435 1477 agnitione
1464 1437 1518 1466 ac
1546 1436 1718 1476 magno

94 1496 323 1537 desiderio
350 1497 663 1548 respondendi
689 1508 800 1536 suae
828 1497 1080 1547 vocationi,
1110 1503 1288 1537 mutato
1320 1486 1492 1547 animo,
1522 1496 1581 1536 ad
1611 1507 1722 1536 suos

94 1567 250 1607 statim
272 1579 487 1607 reuersus
508 1574 593 1607 est.
617 1566 868 1617 Speramus
886 1568 1099 1619 equidem
1121 1580 1226 1608 eum
1247 1569 1459 1619 exemplo
1477 1579 1532 1607 ac
1554 1567 1719 1607 doctri-

93 1649 151 1677 na
180 1650 272 1677 non
304 1650 468 1689 parum
500 1645 544 1678 et
574 1638 670 1678 suis
702 1644 745 1678 et
767 1638 869 1678 aliis
890 1638 936 1678 in
965 1637 1165 1679 Domino
1194 1639 1503 1690 profuturum.
1534 1638 1720 1688 Dirigat

94 1720 199 1749 eum
221 1709 378 1749 diuina
400 1710 645 1749 clementia
667 1710 714 1749 in
736 1709 805 1748 sui
832 1709 1016 1749 laudem
1044 1716 1088 1749 et
1108 1710 1323 1760 gloriam,
1356 1716 1406 1750 vt
1428 1709 1483 1749 de
1511 1709 1598 1749 sibi
1626 1720 1720 1748 cre-

96 1780 191 1820 dito
212 1791 358 1831 grege
380 1779 705 1832 patrifamilias
726 1780 954 1830 intrepide
972 1780 1146 1832 justam
1166 1781 1398 1821 rationem
1427 1780 1621 1820 reddere
1643 1792 1721 1819 va-

94 1852 198 1891 leat.
224 1851 438 1891 Accessit
459 1851 599 1891 etiam
621 1851 694 1891 his
716 1851 877 1891 diebus
903 1851 1240 1892 baccalaureus
1268 1852 1455 1903 quidam
1485 1851 1721 1891 louanien-

95 1923 158 1962 sis
179 1923 381 1974 optimae
411 1922 593 1973 indoliS,
626 1929 789 1973 sponte
820 1923 879 1962 ad
899 1923 1120 1974 pietatem
1151 1934 1359 1971 currens,
1390 1935 1539 1974 nuper
1574 1921 1723 1964 sacris

95 1994 333 2034 ordinibus
362 1994 626 2044 insignitus:
651 1993 747 2045 jam
777 2005 911 2034 orsus
938 2000 1007 2034 est
1035 1995 1276 2035 exercitia:
1304 1995 1382 2034 Vbi
1412 1996 1562 2046 magis
1589 1997 1722 2037 nobis

96 2065 359 2114 innotuerit,
383 2065 529 2105 fusius
558 2065 829 2105 scribemus.

171 2137 352 2176 Literas
382 2136 576 2186 indicas,
610 2148 727 2188 quas
757 2143 992 2188 postremo
1016 2150 1042 2178 a
1070 2138 1205 2178 vobis
1238 2139 1518 2190 accepimuS,
1550 2140 1721 2190 gallico

95 2219 306 2247 sermone
338 2208 536 2248 donatas
561 2208 687 2259 typis
717 2208 930 2248 mandari
951 2209 1236 2259 curauimus,
1270 2215 1320 2249 vt
1350 2210 1508 2250 diuina
1538 2194 1745 2250 bonitas¹

95 2279 245 2329 magis
281 2290 335 2318 ac
366 2279 519 2329 magis
545 2278 807 2319 innotescat
834 2280 1042 2320 nouitate
1070 2280 1404 2321 miraculorum
1436 2280 1461 2321 ¹.
1492 2281 1585 2322 Eas
1612 2293 1722 2321 non-

95 2350 206 2389 nulli
227 2361 331 2390 cum
352 2350 660 2390 admiratione
676 2357 720 2390 et
738 2356 929 2401 stupore
946 2352 1083 2401 graui
1101 2353 1443 2403 amplexantur,
1463 2359 1723 2393 metuentes

96 2420 277 2461 interim
300 2426 348 2460 ut
376 2421 421 2460 in
451 2432 536 2461 nos
558 2421 636 2460 illa
656 2421 870 2461 veritatis
891 2428 1111 2462 aeternae
1134 2423 1280 2463 verba
1308 2429 1720 2475 contorqueantur,

96 2492 260 2542 quibus
289 2502 485 2542 regnum
514 2504 539 2531 a
565 2491 747 2543 judaeis
774 2493 1030 2533 tollendum
1063 2500 1107 2532 et
1141 2494 1359 2545 gentibus
1389 2494 1724 2535 conferendum

97 2563 480 2602 comminabatur.
505 2562 743 2603 Concedat
774 2563 908 2603 nobis
929 2562 1056 2603 Deus
1087 2563 1191 2615 Opt.
1224 2564 1350 2606 Max.
1382 2577 1473 2605 vna
1504 2578 1606 2606 cum
1636 2566 1724 2605 illis

97 2644 241 2684 regno
262 2634 350 2674 hoc
373 2634 512 2685 potiri
534 2634 833 2685 sempiterno.

174 2704 303 2745 Haec
334 2712 456 2755 sunt,
493 2705 630 2745 Pater
661 2706 1107 2756 obseruandissime,
1146 2719 1263 2758 quae
1295 2707 1416 2748 Rdae
1451 2708 1727 2748 Paternitati

96 2774 222 2815 Tuae
243 2776 488 2815 scribenda
512 2777 835 2817 occurrebant.

229 2846 456 2897 Lutetiae,
480 2846 530 2886 27
552 2847 727 2898 Aprilis
754 2847 870 2888 1556.

154 3033 163 3050 ¹
206 3031 333 3059 Harum
356 3031 548 3059 Indicarum
564 3033 760 3059 litterarum
775 3033 900 3066 gallice
923 3033 985 3060 hoc
1002 3041 1089 3060 anno
1108 3033 1252 3061 Parisiis
1274 3034 1443 3061 editarum
1461 3043 1525 3062 non
1547 3037 1727 3063 meminere

106 3078 340 3112 bibliographi.

291 3138 339 3176 T.
372 3150 424 3175 1v.
1501 3152 1538 3187 13
