2020 3342
222 242 291 280 224
731 241 955 280 LITTERAE
982 252 1338 285 QUADRIMESTRES

223 352 249 379 a
284 345 407 379 statu
438 340 619 390 peccati
649 339 941 379 discedentes
971 350 1052 390 per
1085 338 1437 388 confessionem,
1472 338 1531 378 ad
1561 337 1686 378 vitae
1717 338 1842 378 noui-

221 414 364 450 tatem
400 410 603 461 regressi
636 417 755 459 sunt,
795 411 914 450 inter
950 421 1065 461 quos
1099 409 1348 461 quamdam
1379 409 1611 460 publicam
1642 409 1844 449 meretri-

223 494 337 532 cem,
361 490 411 521 vt
432 481 561 521 Deus
583 482 628 521 in
652 482 865 521 omnibus
886 480 1185 531 glorificetur,
1211 480 1392 520 silentio
1423 479 1634 519 transire
1655 491 1747 520 non
1768 491 1845 531 po-

222 559 335 602 tero,
361 565 492 604 quae,
517 564 621 592 cum
644 553 835 592 multum
857 551 1079 602 temporis
1100 551 1196 590 suis
1216 550 1459 590 fallacibus
1485 550 1641 590 verbis
1663 550 1722 590 ad
1739 555 1844 601 pes-

221 624 392 663 sz'mmn
426 623 612 663 lucrum
644 623 853 663 homines
883 622 1134 673 allexisset,
1169 621 1411 662 cuiusdam
1441 621 1609 661 Patris
1640 621 1846 662 consiliis

223 695 439 743 excitata,
466 707 569 734 cum
591 694 791 733 mirabili
813 693 1066 732 mutatione
1089 691 1305 733 consessa
1328 699 1411 742 est,
1437 692 1644 743 adeoque
1673 692 1718 732 in
1740 704 1844 733 con-

222 765 423 805 fessione
446 778 471 805 a
491 765 645 804 diuina
663 763 986 804 misericordia
1004 769 1251 813 commota,
1274 769 1320 803 vt
1336 763 1527 803 monilia
1548 763 1844 814 inauresque,

225 838 269 877 vi
305 837 631 887 comprimens,
662 835 817 875 statim
850 847 872 874 e
900 846 983 874 suo
1012 835 1130 874 collo
1160 834 1400 874 confracta
1429 834 1692 885 proiecerit:
1724 834 1847 874 vnde

221 908 407 947 domum
434 907 632 956 rediens,
664 906 855 946 iuuenes
882 905 1009 945 illam
1037 906 1324 956 alloquentes
1350 917 1442 945 non
1474 906 1622 945 solum
1656 905 1847 956 repelle-

220 979 312 1026 bat,
337 990 498 1018 uerum
520 978 675 1028 etiam,
700 977 903 1017 maxima
925 977 1208 1028 poenitentia
1235 977 1387 1027 ducta,
1421 976 1478 1016 ad
1499 987 1607 1016 suos
1627 982 1846 1028 parentes

222 1050 477 1089 redituram
499 1060 605 1088 cum
627 1059 800 1099 magna
822 1048 1026 1088 omnium
1050 1047 1360 1088 admiratione
1380 1047 1606 1099 promisit.

301 1120 500 1170 Quidam
528 1120 682 1167 etiam,
715 1120 870 1170 palma
891 1120 1032 1169 genis
1062 1131 1087 1159 a
1109 1131 1192 1159 suo
1225 1119 1432 1159 debitore
1461 1119 1629 1158 iniuste
1659 1130 1846 1170 percus-

221 1203 312 1239 sus,
339 1191 446 1241 qnia
464 1191 692 1241 pecmzsas
709 1190 991 1230 sz‘bl'debz'tczs
1007 1191 1361 1241 depoposcerat,
1377 1201 1703 1241 percussorem
1725 1189 1844 1230 occi-

221 1263 328 1302 dere
351 1262 633 1311 intendebat3
663 1273 861 1313 cumque
884 1262 1041 1302 diuina
1072 1262 1392 1302 misericordia
1420 1261 1606 1301 cuidam
1635 1267 1844 1302 nostrum

221 1334 437 1384 confiteri
462 1333 710 1383 voluisset,
739 1334 801 1373 ita
832 1339 1061 1373 mutatum
1088 1339 1156 1373 est
1184 1345 1263 1373 cor
1292 1333 1404 1383 eius,
1438 1339 1487 1373 Vt
1517 1345 1610 1373 non
1640 1333 1790 1373 solum
1820 1346 1845 1374 a

221 1416 305 1444 suo
352 1405 510 1455 iniquo
557 1405 795 1455 proposito
842 1404 1092 1453 destiterit,
1136 1415 1300 1444 verum
1339 1404 1502 1451 etiam,
1551 1407 1845 1444 contrczrmm

225 1474 399 1525 adiens,
425 1475 608 1515 veniam
630 1475 686 1514 ab
709 1475 810 1526 ipso
832 1475 1102 1525 suppliciter
1118 1474 1323 1525 petierit.

302 1546 505 1585 Plurima
527 1546 617 1585 alia
639 1545 770 1584 Deus
785 1550 874 1596 per
895 1545 1216 1595 cozqfessz'ones
1238 1549 1482 1597 operatur,
1504 1557 1622 1596 quae
1651 1546 1842 1597 longum

221 1622 344 1656 esset
365 1617 603 1667 sigillatim
624 1627 881 1666 recensere;
902 1616 1013 1656 fiunt
1031 1628 1229 1667 namque
1247 1616 1579 1657 restitutiones:
1604 1616 1842 1656 eradican-

220 1690 301 1726 tur
321 1687 588 1726 iuramenta
610 1693 747 1738 atque
771 1686 859 1726 alia
883 1687 997 1726 Vitia
1030 1687 1170 1726 nimis
1196 1686 1397 1727 fidelium
1419 1687 1585 1727 animis
1614 1687 1847 1727 radicata.-

220 1758 470 1798 visitantur
490 1758 658 1798 infirmi
685 1770 787 1797 cum
820 1758 1022 1798 maxima
1054 1760 1259 1809 ipsorum
1283 1764 1420 1809 atque
1442 1759 1846 1798 circumstantium

221 1829 537 1869 consolatione
565 1835 607 1868 et
637 1828 977 1868 aedificatione:
1009 1828 1362 1879 frequentantur
1393 1835 1702 1878 sacramenta,
1741 1840 1845 1868 cum

220 1906 347 1939 tanta
371 1902 629 1939 animarum
653 1900 864 1949 Vtilitate,
893 1906 938 1939 vt
969 1899 1132 1939 merito
1155 1899 1405 1939 dolendum
1432 1900 1506 1950 sit,
1535 1911 1675 1950 qnam
1707 1899 1845 1951 pauci

220 1972 310 2011 sint
344 1971 566 2021 operarii,
606 1971 681 2021 qui
714 1971 918 2010 omnium
948 1970 1191 2010 desideriis
1219 1982 1310 2010 non
1343 1971 1520 2022 possint
1557 1971 1845 2010 satisfacere:

221 2042 351 2081 multi
372 2042 566 2092 deniqne
588 2041 635 2080 [ιι
657 2041 911 2081 amnestiam
940 2040 1234 2081 reconciliati
1256 2044 1386 2091 sunt,
1416 2041 1536 2081 inter
1557 2052 1673 2093 quos
1693 2041 1846 2081 diabo-

219 2114 289 2152 lus
311 2112 568 2152 discordias
591 2113 919 2152 seminauerat:
943 2112 1023 2152 alii
1051 2112 1247 2163 denique
1279 2112 1429 2162 gratis
1451 2112 1660 2162 iniurias,
1693 2117 1736 2152 et
1757 2112 1849 2152 alia

221 2196 312 2223 non
334 2184 522 2223 minima
545 2184 630 2223 sibi
652 2183 777 2223 facta
794 2189 1076 2223 nocumenta
1094 2182 1692 2234 dimz'serunt,praesertim
1710 2183 1848 2234 quod-

223 2254 329 2293 dam
349 2246 649 2293 homicidium
671 2266 762 2293 non
784 2254 919 2304 parui
939 2254 1175 2294 momenti.

300 2325 370 2364 De
393 2325 692 2364 concionibus
713 2331 882 2375 autem,
907 2330 956 2364 vt
979 2325 1152 2376 aliquid
1181 2324 1348 2374 dicam,
1377 2324 1514 2364 Pater
1536 2331 1694 2364 noster
1722 2324 1846 2364 Basi-

221 2396 308 2435 lius
330 2407 439 2435 suas
462 2396 518 2435 ad
546 2397 763 2446 populum
794 2396 1042 2436 conciones
1074 2395 1224 2435 adhuc
1256 2396 1566 2446 prosequitur,
1600 2407 1657 2435 ex
1686 2395 1848 2447 quibus

224 2467 305 2506 vix
328 2467 391 2516 (vt
414 2478 574 2506 uerum
597 2467 760 2517 fatear)
782 2467 873 2506 dici
893 2472 1045 2518 potest
1066 2472 1290 2517 quantum
1320 2466 1532 2506 Vtilitatis
1555 2466 1848 2506 audientibus

226 2538 424 2577 eueniat.
448 2538 549 2577 Hac
570 2538 780 2588 proxime
802 2539 961 2588 elapsa
989 2537 1349 2588 quadragesima
1377 2543 1536 2577 ternas
1564 2537 1659 2577 fere
1691 2536 1849 2576 habuit

227 2609 476 2648 conciones
497 2620 776 2659 vnaquaque
803 2608 1109 2658 hebdomada,
1145 2619 1248 2648 cum
1271 2619 1443 2659 magno
1477 2608 1732 2658 hominum,
1755 2619 1847 2647 ma-

223 2680 344 2718 xime
366 2679 670 2729 literatorum,
702 2690 946 2730 concursu3
977 2679 1185 2730 singulas
1213 2685 1365 2718 autem
1393 2678 1555 2718 habuit
1578 2679 1623 2718 in
1651 2678 1847 2718 ecclesia

223 2749 397 2789 maiori
413 2761 517 2788 cum
538 2749 620 2788 illo
644 2750 809 2800 spiritu
832 2762 885 2789 ac
914 2749 1113 2799 feruore,
1139 2749 1193 2788 dc
1221 2761 1310 2800 quo
1341 2750 1443 2789 aliis
1464 2750 1672 2800 epistolis
1698 2749 1850 2788 factus

223 2833 273 2860 es
295 2821 479 2860 certior.
504 2820 642 2859 Pater
666 2821 804 2860 etiam
826 2826 982 2860 noster
1004 2819 1311 2860 Prouincialis
1337 2820 1360 2870 ¹,
1381 2820 1458 2871 qui
1478 2831 1624 2871 usque
1642 2819 1700 2859 ad
1717 2830 1850 2870 quar-

223 2899 319 2931 tum
356 2892 459 2930 idus
493 2890 668 2941 Aprilis
698 2891 938 2931 nobiscum
968 2891 1066 2940 fuit,
1107 2890 1213 2930 licet
1250 2891 1352 2930 aliis
1388 2891 1525 2930 rebus
1560 2890 1720 2930 arduis
1755 2889 1850 2929 sere

278 3054 286 3070 Δ
327 3051 363 3077 Ρ.
380 3050 662 3078 Bartholomaeus
678 3052 715 3078 de
736 3051 969 3079 Bustamante.
