<?xml version="1.0" encoding="UTF-8"?>
<!DOCTYPE html PUBLIC "-//W3C//DTD XHTML 1.0 Transitional//EN"
    "http://www.w3.org/TR/xhtml1/DTD/xhtml1-transitional.dtd">
<html xmlns="http://www.w3.org/1999/xhtml" xml:lang="en" lang="en">
 <head>
  <title>
</title>
<meta http-equiv="Content-Type" content="text/html;charset=utf-8" />
  <meta name='ocr-system' content='tesseract 3.04.00' />
  <meta name='ocr-capabilities' content='ocr_page ocr_carea ocr_par ocr_line ocrx_word'/>
</head>
<body>
  <div class='ocr_page' id='page_1' title='image "./litteraequadrime16lain_0297.png"; bbox 0 0 2020 3342; ppageno 0'>
   <div class='ocr_carea' id='block_1_1' title="bbox 877 254 1785 295">
    <p class='ocr_par' dir='ltr' id='par_1_1' title="bbox 877 254 1785 295">
     <span class='ocr_line' id='line_1_1' title="bbox 877 254 1785 295; baseline 0.001 -1"><span class='ocrx_word' id='word_1_1' title='bbox 877 255 961 294; x_wconf 83' lang='grc' dir='ltr'>ΑΝ.</span> <span class='ocrx_word' id='word_1_2' title='bbox 992 255 1082 294; x_wconf 83' lang='grc'>1556</span> <span class='ocrx_word' id='word_1_3' title='bbox 1720 254 1785 295; x_wconf 80' lang='lat'>291</span> 
     </span>
    </p>
   </div>
   <div class='ocr_carea' id='block_1_2' title="bbox 366 564 1597 614">
    <p class='ocr_par' dir='ltr' id='par_1_2' title="bbox 366 564 1597 614">
     <span class='ocr_line' id='line_1_2' title="bbox 366 564 1597 614; baseline 0.002 -8"><span class='ocrx_word' id='word_1_4' title='bbox 366 578 646 607; x_wconf 84' lang='lat' dir='ltr'>Praecedentium</span> <span class='ocrx_word' id='word_1_5' title='bbox 663 564 777 607; x_wconf 69' lang='lat' dir='ltr'>f⁴atris</span> <span class='ocrx_word' id='word_1_6' title='bbox 791 579 950 614; x_wconf 79' lang='lat' dir='ltr'>Alphonsi</span> <span class='ocrx_word' id='word_1_7' title='bbox 967 579 1094 607; x_wconf 83' lang='lat' dir='ltr'>Roman</span> <span class='ocrx_word' id='word_1_8' title='bbox 1110 580 1304 607; x_wconf 77' lang='lat' dir='ltr'>litterarum</span> <span class='ocrx_word' id='word_1_9' title='bbox 1320 581 1427 608; x_wconf 85' lang='lat' dir='ltr'>latina</span> <span class='ocrx_word' id='word_1_10' title='bbox 1442 581 1554 609; x_wconf 83' lang='lat' dir='ltr'>versio</span> <span class='ocrx_word' id='word_1_11' title='bbox 1577 580 1597 609; x_wconf 78' lang='lat'>¹.</span> 
     </span>
    </p>
   </div>
   <div class='ocr_carea' id='block_1_3' title="bbox 934 730 1031 808">
    <p class='ocr_par' dir='ltr' id='par_1_3' title="bbox 934 730 1031 808">
     <span class='ocr_line' id='line_1_3' title="bbox 934 730 1031 808; baseline 0.01 -1"><span class='ocrx_word' id='word_1_12' title='bbox 934 730 1031 808; x_wconf 63' lang='lat' dir='ltr'>uls</span> 
     </span>
    </p>
   </div>
   <div class='ocr_carea' id='block_1_4' title="bbox 174 927 1813 2903">
    <p class='ocr_par' dir='ltr' id='par_1_4' title="bbox 251 927 1279 970">
     <span class='ocr_line' id='line_1_4' title="bbox 251 927 1279 970; baseline -0.001 0"><span class='ocrx_word' id='word_1_13' title='bbox 251 928 517 970; x_wconf 85' lang='lat' dir='ltr'>Admodum</span> <span class='ocrx_word' id='word_1_14' title='bbox 540 927 641 968; x_wconf 65' lang='lat' dir='ltr'>Rde</span> <span class='ocrx_word' id='word_1_15' title='bbox 670 928 808 969; x_wconf 86' lang='lat' dir='ltr'>Pater</span> <span class='ocrx_word' id='word_1_16' title='bbox 829 935 990 969; x_wconf 88' lang='lat' dir='ltr'>noster</span> <span class='ocrx_word' id='word_1_17' title='bbox 1010 929 1057 969; x_wconf 87' lang='lat' dir='ltr'>in</span> <span class='ocrx_word' id='word_1_18' title='bbox 1078 928 1279 969; x_wconf 89' lang='lat' dir='ltr'>Christo.</span> 
     </span>
    </p>

    <p class='ocr_par' dir='ltr' id='par_1_5' title="bbox 176 999 1798 1121">
     <span class='ocr_line' id='line_1_5' title="bbox 254 999 1798 1052; baseline -0.001 -12"><span class='ocrx_word' id='word_1_19' title='bbox 254 999 417 1041; x_wconf 77' lang='lat' dir='ltr'>Gratia</span> <span class='ocrx_word' id='word_1_20' title='bbox 448 1006 491 1039; x_wconf 91' lang='lat' dir='ltr'>et</span> <span class='ocrx_word' id='word_1_21' title='bbox 522 1011 614 1050; x_wconf 74' lang='lat' dir='ltr'>pax</span> <span class='ocrx_word' id='word_1_22' title='bbox 645 999 818 1040; x_wconf 76' lang='lat' dir='ltr'>Christi</span> <span class='ocrx_word' id='word_1_23' title='bbox 846 999 956 1052; x_wconf 93' lang='lat' dir='ltr'>Jesu</span> <span class='ocrx_word' id='word_1_24' title='bbox 986 999 1045 1040; x_wconf 88' lang='lat' dir='ltr'>sit</span> <span class='ocrx_word' id='word_1_25' title='bbox 1065 1010 1248 1051; x_wconf 78' lang='lat' dir='ltr'>semper</span> <span class='ocrx_word' id='word_1_26' title='bbox 1270 1004 1313 1039; x_wconf 89' lang='lat' dir='ltr'>et</span> <span class='ocrx_word' id='word_1_27' title='bbox 1343 999 1389 1039; x_wconf 91' lang='lat' dir='ltr'>in</span> <span class='ocrx_word' id='word_1_28' title='bbox 1411 999 1508 1039; x_wconf 89' lang='lat' dir='ltr'>dies</span> <span class='ocrx_word' id='word_1_29' title='bbox 1540 1005 1723 1040; x_wconf 89' lang='lat' dir='ltr'>crescat</span> <span class='ocrx_word' id='word_1_30' title='bbox 1752 999 1798 1039; x_wconf 90' lang='lat' dir='ltr'>in</span> 
     </span>
     <span class='ocr_line' id='line_1_6' title="bbox 176 1070 887 1121; baseline -0.004 -9"><span class='ocrx_word' id='word_1_31' title='bbox 176 1071 390 1112; x_wconf 89' lang='lat' dir='ltr'>omnibus</span> <span class='ocrx_word' id='word_1_32' title='bbox 410 1071 555 1111; x_wconf 92' lang='lat' dir='ltr'>nobis.</span> <span class='ocrx_word' id='word_1_33' title='bbox 580 1070 746 1111; x_wconf 84' lang='lat' dir='ltr'>Amen.</span> <span class='ocrx_word' id='word_1_34' title='bbox 884 1119 887 1121; x_wconf 66' lang='lat'>‚</span> 
     </span>
    </p>

    <p class='ocr_par' dir='ltr' id='par_1_6' title="bbox 174 1141 1808 2609">
     <span class='ocr_line' id='line_1_7' title="bbox 251 1141 1799 1194; baseline -0.001 -11"><span class='ocrx_word' id='word_1_35' title='bbox 251 1142 381 1183; x_wconf 80' lang='lat' dir='ltr'><strong>Licet</strong></span> <span class='ocrx_word' id='word_1_36' title='bbox 403 1154 457 1182; x_wconf 90' lang='lat' dir='ltr'>ea</span> <span class='ocrx_word' id='word_1_37' title='bbox 479 1153 611 1193; x_wconf 87' lang='lat' dir='ltr'>quae,</span> <span class='ocrx_word' id='word_1_38' title='bbox 637 1141 792 1182; x_wconf 90' lang='lat' dir='ltr'>diuino</span> <span class='ocrx_word' id='word_1_39' title='bbox 825 1141 1113 1192; x_wconf 74' lang='lat' dir='ltr'>suffragante</span> <span class='ocrx_word' id='word_1_40' title='bbox 1139 1142 1389 1193; x_wconf 89' lang='lat' dir='ltr'>praesidio,</span> <span class='ocrx_word' id='word_1_41' title='bbox 1414 1141 1640 1194; x_wconf 80' lang='lat' dir='ltr'>proximis</span> <span class='ocrx_word' id='word_1_42' title='bbox 1670 1142 1799 1182; x_wconf 90' lang='lat' dir='ltr'>hisce</span> 
     </span>
     <span class='ocr_line' id='line_1_8' title="bbox 175 1213 1798 1265; baseline -0.001 -11"><span class='ocrx_word' id='word_1_43' title='bbox 175 1214 409 1255; x_wconf 89' lang='lat' dir='ltr'>mensibus</span> <span class='ocrx_word' id='word_1_44' title='bbox 430 1213 677 1254; x_wconf 77' lang='lat' dir='ltr'>retroactis</span> <span class='ocrx_word' id='word_1_45' title='bbox 694 1224 776 1264; x_wconf 90' lang='lat' dir='ltr'>per</span> <span class='ocrx_word' id='word_1_46' title='bbox 793 1225 877 1253; x_wconf 92' lang='lat' dir='ltr'>nos</span> <span class='ocrx_word' id='word_1_47' title='bbox 893 1213 1244 1264; x_wconf 90' lang='lat' dir='ltr'>indignissimos</span> <span class='ocrx_word' id='word_1_48' title='bbox 1264 1213 1378 1254; x_wconf 83' lang='lat' dir='ltr'>filios</span> <span class='ocrx_word' id='word_1_49' title='bbox 1400 1220 1503 1254; x_wconf 87' lang='lat' dir='ltr'>tuos</span> <span class='ocrx_word' id='word_1_50' title='bbox 1525 1219 1658 1265; x_wconf 87' lang='lat' dir='ltr'>gesta</span> <span class='ocrx_word' id='word_1_51' title='bbox 1675 1219 1798 1264; x_wconf 88' lang='lat' dir='ltr'>sunt,</span> 
     </span>
     <span class='ocr_line' id='line_1_9' title="bbox 177 1284 1800 1336; baseline -0.001 -10"><span class='ocrx_word' id='word_1_52' title='bbox 177 1286 222 1326; x_wconf 90' lang='lat' dir='ltr'>in</span> <span class='ocrx_word' id='word_1_53' title='bbox 244 1285 401 1326; x_wconf 90' lang='lat' dir='ltr'>infimo</span> <span class='ocrx_word' id='word_1_54' title='bbox 422 1284 638 1336; x_wconf 89' lang='lat' dir='ltr'>ponenda</span> <span class='ocrx_word' id='word_1_55' title='bbox 659 1285 761 1324; x_wconf 93' lang='lat' dir='ltr'>loco</span> <span class='ocrx_word' id='word_1_56' title='bbox 784 1295 1074 1335; x_wconf 77' lang='lat' dir='ltr'>censeamus,</span> <span class='ocrx_word' id='word_1_57' title='bbox 1098 1284 1136 1324; x_wconf 90' lang='lat' dir='ltr'>si</span> <span class='ocrx_word' id='word_1_58' title='bbox 1158 1297 1211 1324; x_wconf 90' lang='lat' dir='ltr'>ea</span> <span class='ocrx_word' id='word_1_59' title='bbox 1234 1285 1432 1325; x_wconf 86' lang='lat' dir='ltr'>velimus</span> <span class='ocrx_word' id='word_1_60' title='bbox 1454 1285 1666 1325; x_wconf 80' lang='lat' dir='ltr'>conferre</span> <span class='ocrx_word' id='word_1_61' title='bbox 1694 1296 1800 1324; x_wconf 92' lang='lat' dir='ltr'>cum</span> 
     </span>
     <span class='ocr_line' id='line_1_10' title="bbox 177 1355 1800 1409; baseline -0.001 -12"><span class='ocrx_word' id='word_1_62' title='bbox 177 1355 432 1409; x_wconf 87' lang='lat' dir='ltr'>praeclaris</span> <span class='ocrx_word' id='word_1_63' title='bbox 467 1355 718 1396; x_wconf 87' lang='lat' dir='ltr'>admodum</span> <span class='ocrx_word' id='word_1_64' title='bbox 754 1356 1065 1396; x_wconf 82' lang='lat' dir='ltr'>monumentis</span> <span class='ocrx_word' id='word_1_65' title='bbox 1104 1355 1354 1396; x_wconf 82' lang='lat' dir='ltr'>Societatis</span> <span class='ocrx_word' id='word_1_66' title='bbox 1388 1363 1576 1396; x_wconf 90' lang='lat' dir='ltr'>nostrae</span> <span class='ocrx_word' id='word_1_67' title='bbox 1615 1356 1800 1407; x_wconf 76' lang='lat' dir='ltr'>(vbique</span> 
     </span>
     <span class='ocr_line' id='line_1_11' title="bbox 174 1426 1801 1479; baseline -0.001 -10"><span class='ocrx_word' id='word_1_68' title='bbox 174 1427 601 1479; x_wconf 85' lang='lat' dir='ltr'>fragrantissimum</span> <span class='ocrx_word' id='word_1_69' title='bbox 632 1426 806 1467; x_wconf 87' lang='lat' dir='ltr'>Christi</span> <span class='ocrx_word' id='word_1_70' title='bbox 833 1426 1023 1467; x_wconf 89' lang='lat' dir='ltr'>odorem</span> <span class='ocrx_word' id='word_1_71' title='bbox 1053 1426 1109 1467; x_wconf 96' lang='lat' dir='ltr'>de</span> <span class='ocrx_word' id='word_1_72' title='bbox 1140 1438 1188 1467; x_wconf 91' lang='lat' dir='ltr'>se</span> <span class='ocrx_word' id='word_1_73' title='bbox 1219 1427 1501 1478; x_wconf 87' lang='lat' dir='ltr'>emittentis),</span> <span class='ocrx_word' id='word_1_74' title='bbox 1534 1433 1582 1467; x_wconf 91' lang='lat' dir='ltr'>ut</span> <span class='ocrx_word' id='word_1_75' title='bbox 1608 1433 1801 1467; x_wconf 90' lang='lat' dir='ltr'>sanctae</span> 
     </span>
     <span class='ocr_line' id='line_1_12' title="bbox 174 1497 1801 1550; baseline -0.001 -10"><span class='ocrx_word' id='word_1_76' title='bbox 174 1505 328 1540; x_wconf 88' lang='lat' dir='ltr'>tamen</span> <span class='ocrx_word' id='word_1_77' title='bbox 360 1497 649 1539; x_wconf 90' lang='lat' dir='ltr'>obedientiae</span> <span class='ocrx_word' id='word_1_78' title='bbox 670 1498 858 1538; x_wconf 90' lang='lat' dir='ltr'>decreto</span> <span class='ocrx_word' id='word_1_79' title='bbox 888 1509 1102 1550; x_wconf 87' lang='lat' dir='ltr'>paream,</span> <span class='ocrx_word' id='word_1_80' title='bbox 1135 1498 1242 1539; x_wconf 89' lang='lat' dir='ltr'>huic</span> <span class='ocrx_word' id='word_1_81' title='bbox 1269 1499 1677 1550; x_wconf 88' lang='lat' dir='ltr'>quadrimestrium</span> <span class='ocrx_word' id='word_1_82' title='bbox 1707 1510 1801 1539; x_wconf 92' lang='lat' dir='ltr'>mu-</span> 
     </span>
     <span class='ocr_line' id='line_1_13' title="bbox 176 1569 1802 1619; baseline -0.001 -7"><span class='ocrx_word' id='word_1_83' title='bbox 176 1571 275 1612; x_wconf 89' lang='lat' dir='ltr'>neri</span> <span class='ocrx_word' id='word_1_84' title='bbox 295 1582 352 1612; x_wconf 86' lang='lat' dir='ltr'>ex</span> <span class='ocrx_word' id='word_1_85' title='bbox 374 1571 462 1611; x_wconf 86' lang='lat' dir='ltr'>hac</span> <span class='ocrx_word' id='word_1_86' title='bbox 484 1576 644 1610; x_wconf 89' lang='lat' dir='ltr'>nostra</span> <span class='ocrx_word' id='word_1_87' title='bbox 667 1570 803 1610; x_wconf 90' lang='lat' dir='ltr'>domo</span> <span class='ocrx_word' id='word_1_88' title='bbox 825 1570 884 1610; x_wconf 89' lang='lat' dir='ltr'>ad</span> <span class='ocrx_word' id='word_1_89' title='bbox 905 1576 948 1610; x_wconf 90' lang='lat' dir='ltr'>te</span> <span class='ocrx_word' id='word_1_90' title='bbox 968 1569 1300 1610; x_wconf 85' lang='lat' dir='ltr'>mittendarum</span> <span class='ocrx_word' id='word_1_91' title='bbox 1323 1570 1504 1611; x_wconf 89' lang='lat' dir='ltr'>initium</span> <span class='ocrx_word' id='word_1_92' title='bbox 1525 1570 1724 1619; x_wconf 87' lang='lat' dir='ltr'>faciens,</span> <span class='ocrx_word' id='word_1_93' title='bbox 1747 1581 1802 1610; x_wconf 89' lang='lat' dir='ltr'>ea</span> 
     </span>
     <span class='ocr_line' id='line_1_14' title="bbox 175 1641 1803 1695; baseline -0.001 -11"><span class='ocrx_word' id='word_1_94' title='bbox 175 1655 258 1695; x_wconf 87' lang='lat' dir='ltr'>per</span> <span class='ocrx_word' id='word_1_95' title='bbox 289 1642 444 1694; x_wconf 88' lang='lat' dir='ltr'>capita</span> <span class='ocrx_word' id='word_1_96' title='bbox 472 1642 739 1682; x_wconf 89' lang='lat' dir='ltr'>summatim</span> <span class='ocrx_word' id='word_1_97' title='bbox 770 1642 1071 1693; x_wconf 82' lang='lat' dir='ltr'>complectar,</span> <span class='ocrx_word' id='word_1_98' title='bbox 1108 1653 1226 1693; x_wconf 82' lang='lat' dir='ltr'>quae</span> <span class='ocrx_word' id='word_1_99' title='bbox 1262 1641 1477 1693; x_wconf 82' lang='lat' dir='ltr'>digniora</span> <span class='ocrx_word' id='word_1_100' title='bbox 1510 1642 1803 1693; x_wconf 86' lang='lat' dir='ltr'>grauissimis</span> 
     </span>
     <span class='ocr_line' id='line_1_15' title="bbox 179 1711 1803 1772; baseline -0.001 -17"><span class='ocrx_word' id='word_1_101' title='bbox 179 1713 481 1772; x_wconf 61' lang='lat' dir='ltr'>?aternitatis</span> <span class='ocrx_word' id='word_1_102' title='bbox 510 1719 616 1753; x_wconf 87' lang='lat' dir='ltr'>tuae</span> <span class='ocrx_word' id='word_1_103' title='bbox 639 1712 1024 1764; x_wconf 87' lang='lat' dir='ltr'>occupationibus</span> <span class='ocrx_word' id='word_1_104' title='bbox 1045 1711 1324 1764; x_wconf 89' lang='lat' dir='ltr'>dijudicabo.</span> <span class='ocrx_word' id='word_1_105' title='bbox 1350 1712 1517 1753; x_wconf 86' lang='lat' dir='ltr'>Mirum</span> <span class='ocrx_word' id='word_1_106' title='bbox 1545 1720 1700 1754; x_wconf 90' lang='lat' dir='ltr'>autem</span> <span class='ocrx_word' id='word_1_107' title='bbox 1722 1713 1803 1754; x_wconf 90' lang='lat' dir='ltr'>tibi</span> 
     </span>
     <span class='ocr_line' id='line_1_16' title="bbox 180 1783 1803 1836; baseline -0.001 -10"><span class='ocrx_word' id='word_1_108' title='bbox 180 1785 330 1826; x_wconf 87' lang='lat' dir='ltr'>videri</span> <span class='ocrx_word' id='word_1_109' title='bbox 364 1797 458 1826; x_wconf 89' lang='lat' dir='ltr'>non</span> <span class='ocrx_word' id='word_1_110' title='bbox 485 1784 641 1835; x_wconf 91' lang='lat' dir='ltr'>debet,</span> <span class='ocrx_word' id='word_1_111' title='bbox 671 1783 943 1835; x_wconf 86' lang='lat' dir='ltr'>dignissime</span> <span class='ocrx_word' id='word_1_112' title='bbox 978 1783 1130 1835; x_wconf 84' lang='lat' dir='ltr'>Pater,</span> <span class='ocrx_word' id='word_1_113' title='bbox 1167 1783 1290 1836; x_wconf 87' lang='lat' dir='ltr'>quod</span> <span class='ocrx_word' id='word_1_114' title='bbox 1319 1785 1546 1826; x_wconf 89' lang='lat' dir='ltr'>hactenus</span> <span class='ocrx_word' id='word_1_115' title='bbox 1578 1784 1636 1825; x_wconf 89' lang='lat' dir='ltr'>ad</span> <span class='ocrx_word' id='word_1_116' title='bbox 1665 1791 1710 1825; x_wconf 91' lang='lat' dir='ltr'>te</span> <span class='ocrx_word' id='word_1_117' title='bbox 1739 1784 1803 1825; x_wconf 90' lang='lat' dir='ltr'>nil</span> 
     </span>
     <span class='ocr_line' id='line_1_17' title="bbox 179 1854 1803 1908; baseline -0.001 -11"><span class='ocrx_word' id='word_1_118' title='bbox 179 1855 445 1908; x_wconf 90' lang='lat' dir='ltr'>hujusmodi</span> <span class='ocrx_word' id='word_1_119' title='bbox 474 1855 714 1896; x_wconf 87' lang='lat' dir='ltr'>literarum</span> <span class='ocrx_word' id='word_1_120' title='bbox 745 1854 1070 1907; x_wconf 83' lang='lat' dir='ltr'>scripserimus</span> <span class='ocrx_word' id='word_1_121' title='bbox 1105 1855 1171 1906; x_wconf 86' lang='lat' dir='ltr'>(vt</span> <span class='ocrx_word' id='word_1_122' title='bbox 1201 1855 1344 1896; x_wconf 88' lang='lat' dir='ltr'>moris</span> <span class='ocrx_word' id='word_1_123' title='bbox 1376 1862 1445 1896; x_wconf 91' lang='lat' dir='ltr'>est</span> <span class='ocrx_word' id='word_1_124' title='bbox 1479 1856 1583 1897; x_wconf 91' lang='lat' dir='ltr'>aliis</span> <span class='ocrx_word' id='word_1_125' title='bbox 1614 1862 1803 1897; x_wconf 90' lang='lat' dir='ltr'>nostrae</span> 
     </span>
     <span class='ocr_line' id='line_1_18' title="bbox 181 1926 1803 1979; baseline -0.001 -10"><span class='ocrx_word' id='word_1_126' title='bbox 181 1926 429 1969; x_wconf 88' lang='lat' dir='ltr'>Societatis</span> <span class='ocrx_word' id='word_1_127' title='bbox 460 1926 702 1978; x_wconf 87' lang='lat' dir='ltr'>collegiis&gt;;</span> <span class='ocrx_word' id='word_1_128' title='bbox 733 1938 842 1967; x_wconf 88' lang='lat' dir='ltr'>nam</span> <span class='ocrx_word' id='word_1_129' title='bbox 870 1927 909 1967; x_wconf 90' lang='lat' dir='ltr'>si</span> <span class='ocrx_word' id='word_1_130' title='bbox 931 1927 1041 1978; x_wconf 90' lang='lat' dir='ltr'>quid</span> <span class='ocrx_word' id='word_1_131' title='bbox 1068 1927 1290 1979; x_wconf 87' lang='lat' dir='ltr'>temporis</span> <span class='ocrx_word' id='word_1_132' title='bbox 1311 1927 1433 1968; x_wconf 89' lang='lat' dir='ltr'>inter</span> <span class='ocrx_word' id='word_1_133' title='bbox 1462 1933 1528 1968; x_wconf 92' lang='lat' dir='ltr'>tot</span> <span class='ocrx_word' id='word_1_134' title='bbox 1556 1934 1803 1979; x_wconf 88' lang='lat' dir='ltr'>tantasque</span> 
     </span>
     <span class='ocr_line' id='line_1_19' title="bbox 178 1997 1804 2052; baseline -0.001 -12"><span class='ocrx_word' id='word_1_135' title='bbox 178 2000 410 2052; x_wconf 90' lang='lat' dir='ltr'>procellas</span> <span class='ocrx_word' id='word_1_136' title='bbox 432 1998 563 2050; x_wconf 88' lang='lat' dir='ltr'>(quas</span> <span class='ocrx_word' id='word_1_137' title='bbox 584 1997 773 2039; x_wconf 89' lang='lat' dir='ltr'>Domini</span> <span class='ocrx_word' id='word_1_138' title='bbox 793 1998 946 2049; x_wconf 90' lang='lat' dir='ltr'>gratia</span> <span class='ocrx_word' id='word_1_139' title='bbox 969 1998 1254 2048; x_wconf 86' lang='lat' dir='ltr'>sustulimus)</span> <span class='ocrx_word' id='word_1_140' title='bbox 1286 1998 1418 2039; x_wconf 90' lang='lat' dir='ltr'>nobis</span> <span class='ocrx_word' id='word_1_141' title='bbox 1445 2005 1704 2051; x_wconf 86' lang='lat' dir='ltr'>supererat,</span> <span class='ocrx_word' id='word_1_142' title='bbox 1728 2011 1804 2039; x_wconf 83' lang='lat' dir='ltr'>ex-</span> 
     </span>
     <span class='ocr_line' id='line_1_20' title="bbox 180 2069 1803 2124; baseline -0.001 -13"><span class='ocrx_word' id='word_1_143' title='bbox 180 2070 370 2124; x_wconf 86' lang='lat' dir='ltr'>pediens</span> <span class='ocrx_word' id='word_1_144' title='bbox 405 2069 690 2111; x_wconf 89' lang='lat' dir='ltr'>ducebamus</span> <span class='ocrx_word' id='word_1_145' title='bbox 725 2080 998 2110; x_wconf 89' lang='lat' dir='ltr'>consumere</span> <span class='ocrx_word' id='word_1_146' title='bbox 1030 2069 1142 2110; x_wconf 91' lang='lat' dir='ltr'>illud</span> <span class='ocrx_word' id='word_1_147' title='bbox 1172 2070 1218 2110; x_wconf 92' lang='lat' dir='ltr'>in</span> <span class='ocrx_word' id='word_1_148' title='bbox 1248 2070 1420 2110; x_wconf 89' lang='lat' dir='ltr'>nostris</span> <span class='ocrx_word' id='word_1_149' title='bbox 1456 2071 1609 2122; x_wconf 78' lang='lat' dir='ltr'>(quam</span> <span class='ocrx_word' id='word_1_150' title='bbox 1640 2070 1803 2110; x_wconf 88' lang='lat' dir='ltr'>melius</span> 
     </span>
     <span class='ocr_line' id='line_1_21' title="bbox 179 2139 1804 2194; baseline -0.001 -12"><span class='ocrx_word' id='word_1_151' title='bbox 179 2141 428 2194; x_wconf 88' lang='lat' dir='ltr'>potuimus)</span> <span class='ocrx_word' id='word_1_152' title='bbox 449 2141 566 2181; x_wconf 90' lang='lat' dir='ltr'>bene</span> <span class='ocrx_word' id='word_1_153' title='bbox 587 2140 805 2192; x_wconf 86' lang='lat' dir='ltr'>gerendis</span> <span class='ocrx_word' id='word_1_154' title='bbox 832 2140 1054 2192; x_wconf 85' lang='lat' dir='ltr'>negotiis,</span> <span class='ocrx_word' id='word_1_155' title='bbox 1083 2139 1139 2180; x_wconf 93' lang='lat' dir='ltr'>de</span> <span class='ocrx_word' id='word_1_156' title='bbox 1167 2141 1331 2193; x_wconf 88' lang='lat' dir='ltr'>quibus</span> <span class='ocrx_word' id='word_1_157' title='bbox 1354 2141 1537 2193; x_wconf 87' lang='lat' dir='ltr'>quidem</span> <span class='ocrx_word' id='word_1_158' title='bbox 1569 2153 1804 2193; x_wconf 55' lang='lat' dir='ltr'>psrpauca</span> 
     </span>
     <span class='ocr_line' id='line_1_22' title="bbox 179 2212 1804 2254; baseline -0.001 -1"><span class='ocrx_word' id='word_1_159' title='bbox 179 2214 323 2254; x_wconf 87' lang='lat' dir='ltr'>verba</span> <span class='ocrx_word' id='word_1_160' title='bbox 349 2212 534 2253; x_wconf 86' lang='lat' dir='ltr'>faciam:</span> <span class='ocrx_word' id='word_1_161' title='bbox 565 2212 663 2252; x_wconf 92' lang='lat' dir='ltr'>scio</span> <span class='ocrx_word' id='word_1_162' title='bbox 691 2213 813 2252; x_wconf 92' lang='lat' dir='ltr'>enim</span> <span class='ocrx_word' id='word_1_163' title='bbox 841 2218 885 2252; x_wconf 88' lang='lat' dir='ltr'>te</span> <span class='ocrx_word' id='word_1_164' title='bbox 914 2223 973 2252; x_wconf 81' lang='lat' dir='ltr'>ex</span> <span class='ocrx_word' id='word_1_165' title='bbox 999 2212 1172 2252; x_wconf 84' lang='lat' dir='ltr'>nostris</span> <span class='ocrx_word' id='word_1_166' title='bbox 1199 2212 1345 2252; x_wconf 86' lang='lat' dir='ltr'>literis</span> <span class='ocrx_word' id='word_1_167' title='bbox 1374 2212 1468 2253; x_wconf 87' lang='lat' dir='ltr'>iam</span> <span class='ocrx_word' id='word_1_168' title='bbox 1498 2213 1653 2253; x_wconf 92' lang='lat' dir='ltr'>omnia</span> <span class='ocrx_word' id='word_1_169' title='bbox 1688 2213 1804 2253; x_wconf 91' lang='lat' dir='ltr'>bene</span> 
     </span>
     <span class='ocr_line' id='line_1_23' title="bbox 177 2283 1806 2336; baseline 0 -12"><span class='ocrx_word' id='word_1_170' title='bbox 177 2295 330 2324; x_wconf 91' lang='lat' dir='ltr'>nosse.</span> <span class='ocrx_word' id='word_1_171' title='bbox 354 2283 455 2323; x_wconf 93' lang='lat' dir='ltr'>Hoc</span> <span class='ocrx_word' id='word_1_172' title='bbox 478 2289 633 2323; x_wconf 86' lang='lat' dir='ltr'>autem</span> <span class='ocrx_word' id='word_1_173' title='bbox 656 2294 796 2323; x_wconf 90' lang='lat' dir='ltr'>vnum</span> <span class='ocrx_word' id='word_1_174' title='bbox 819 2283 936 2323; x_wconf 89' lang='lat' dir='ltr'>inter</span> <span class='ocrx_word' id='word_1_175' title='bbox 958 2289 1144 2323; x_wconf 83' lang='lat' dir='ltr'>caetera</span> <span class='ocrx_word' id='word_1_176' title='bbox 1166 2295 1259 2323; x_wconf 90' lang='lat' dir='ltr'>non</span> <span class='ocrx_word' id='word_1_177' title='bbox 1279 2284 1649 2335; x_wconf 89' lang='lat' dir='ltr'>praetermittam</span> <span class='ocrx_word' id='word_1_178' title='bbox 1667 2283 1806 2336; x_wconf 87' lang='lat' dir='ltr'>(quod</span> 
     </span>
     <span class='ocr_line' id='line_1_24' title="bbox 181 2353 1806 2407; baseline 0 -12"><span class='ocrx_word' id='word_1_179' title='bbox 181 2355 367 2407; x_wconf 88' lang='lat' dir='ltr'>quidem</span> <span class='ocrx_word' id='word_1_180' title='bbox 383 2365 441 2394; x_wconf 83' lang='lat' dir='ltr'>ex</span> <span class='ocrx_word' id='word_1_181' title='bbox 458 2353 578 2394; x_wconf 89' lang='lat' dir='ltr'>infra</span> <span class='ocrx_word' id='word_1_182' title='bbox 596 2353 803 2394; x_wconf 89' lang='lat' dir='ltr'>dicendis</span> <span class='ocrx_word' id='word_1_183' title='bbox 821 2354 991 2394; x_wconf 90' lang='lat' dir='ltr'>clarius</span> <span class='ocrx_word' id='word_1_184' title='bbox 1008 2354 1215 2405; x_wconf 84' lang='lat' dir='ltr'>patebit):</span> <span class='ocrx_word' id='word_1_185' title='bbox 1233 2354 1355 2406; x_wconf 91' lang='lat' dir='ltr'>quod</span> <span class='ocrx_word' id='word_1_186' title='bbox 1371 2355 1435 2395; x_wconf 91' lang='lat' dir='ltr'>ita</span> <span class='ocrx_word' id='word_1_187' title='bbox 1449 2355 1583 2395; x_wconf 92' lang='lat' dir='ltr'>nobis</span> <span class='ocrx_word' id='word_1_188' title='bbox 1598 2367 1672 2395; x_wconf 88' lang='lat' dir='ltr'>res</span> <span class='ocrx_word' id='word_1_189' title='bbox 1691 2355 1806 2395; x_wconf 91' lang='lat' dir='ltr'>bene</span> 
     </span>
     <span class='ocr_line' id='line_1_25' title="bbox 182 2424 1807 2478; baseline 0 -12"><span class='ocrx_word' id='word_1_190' title='bbox 182 2425 429 2466; x_wconf 89' lang='lat' dir='ltr'>succedere</span> <span class='ocrx_word' id='word_1_191' title='bbox 451 2426 496 2465; x_wconf 88' lang='lat' dir='ltr'>in</span> <span class='ocrx_word' id='word_1_192' title='bbox 519 2425 718 2465; x_wconf 90' lang='lat' dir='ltr'>Domino</span> <span class='ocrx_word' id='word_1_193' title='bbox 748 2437 957 2477; x_wconf 81' lang='lat' dir='ltr'>coepere,</span> <span class='ocrx_word' id='word_1_194' title='bbox 982 2431 1031 2465; x_wconf 80' lang='lat' dir='ltr'>vt</span> <span class='ocrx_word' id='word_1_195' title='bbox 1059 2426 1180 2466; x_wconf 88' lang='lat' dir='ltr'>mala</span> <span class='ocrx_word' id='word_1_196' title='bbox 1202 2437 1380 2477; x_wconf 87' lang='lat' dir='ltr'>poenae</span> <span class='ocrx_word' id='word_1_197' title='bbox 1400 2424 1428 2477; x_wconf 74' lang='lat'>²,</span> <span class='ocrx_word' id='word_1_198' title='bbox 1453 2437 1571 2478; x_wconf 88' lang='lat' dir='ltr'>quae</span> <span class='ocrx_word' id='word_1_199' title='bbox 1601 2426 1735 2466; x_wconf 89' lang='lat' dir='ltr'>nobis</span> <span class='ocrx_word' id='word_1_200' title='bbox 1761 2426 1807 2466; x_wconf 92' lang='lat' dir='ltr'>in</span> 
     </span>
     <span class='ocr_line' id='line_1_26' title="bbox 182 2495 1808 2548; baseline 0 -11"><span class='ocrx_word' id='word_1_201' title='bbox 182 2498 269 2537; x_wconf 88' lang='lat' dir='ltr'>hac</span> <span class='ocrx_word' id='word_1_202' title='bbox 290 2508 487 2537; x_wconf 89' lang='lat' dir='ltr'>euenere</span> <span class='ocrx_word' id='word_1_203' title='bbox 518 2497 649 2547; x_wconf 85' lang='lat' dir='ltr'>vrbe,</span> <span class='ocrx_word' id='word_1_204' title='bbox 682 2495 930 2537; x_wconf 86' lang='lat' dir='ltr'>videantur</span> <span class='ocrx_word' id='word_1_205' title='bbox 961 2497 1053 2537; x_wconf 88' lang='lat' dir='ltr'>iam</span> <span class='ocrx_word' id='word_1_206' title='bbox 1082 2496 1130 2537; x_wconf 89' lang='lat' dir='ltr'>in</span> <span class='ocrx_word' id='word_1_207' title='bbox 1158 2497 1328 2537; x_wconf 91' lang='lat' dir='ltr'>bonum</span> <span class='ocrx_word' id='word_1_208' title='bbox 1351 2509 1441 2538; x_wconf 92' lang='lat' dir='ltr'>non</span> <span class='ocrx_word' id='word_1_209' title='bbox 1473 2499 1808 2548; x_wconf 85' lang='lat' dir='ltr'>qualecumque</span> 
     </span>
     <span class='ocr_line' id='line_1_27' title="bbox 183 2568 362 2609; baseline -0.006 -1"><span class='ocrx_word' id='word_1_210' title='bbox 183 2568 362 2609; x_wconf 89' lang='lat' dir='ltr'>cedere.</span> 
     </span>
    </p>

    <p class='ocr_par' dir='ltr' id='par_1_7' title="bbox 184 2638 1813 2903">
     <span class='ocr_line' id='line_1_28' title="bbox 259 2638 1809 2691; baseline 0.001 -11"><span class='ocrx_word' id='word_1_211' title='bbox 259 2639 317 2680; x_wconf 90' lang='lat' dir='ltr'>Et</span> <span class='ocrx_word' id='word_1_212' title='bbox 338 2651 394 2679; x_wconf 91' lang='lat' dir='ltr'>ne</span> <span class='ocrx_word' id='word_1_213' title='bbox 416 2644 460 2679; x_wconf 92' lang='lat' dir='ltr'>te</span> <span class='ocrx_word' id='word_1_214' title='bbox 482 2638 655 2679; x_wconf 91' lang='lat' dir='ltr'>diutius</span> <span class='ocrx_word' id='word_1_215' title='bbox 678 2639 910 2680; x_wconf 88' lang='lat' dir='ltr'>detineam</span> <span class='ocrx_word' id='word_1_216' title='bbox 934 2639 1046 2690; x_wconf 90' lang='lat' dir='ltr'>(scio</span> <span class='ocrx_word' id='word_1_217' title='bbox 1065 2639 1186 2680; x_wconf 89' lang='lat' dir='ltr'>enim</span> <span class='ocrx_word' id='word_1_218' title='bbox 1206 2640 1462 2691; x_wconf 90' lang='lat' dir='ltr'>pretiosum</span> <span class='ocrx_word' id='word_1_219' title='bbox 1480 2641 1561 2681; x_wconf 90' lang='lat' dir='ltr'>tibi</span> <span class='ocrx_word' id='word_1_220' title='bbox 1581 2652 1683 2681; x_wconf 92' lang='lat' dir='ltr'>esse</span> <span class='ocrx_word' id='word_1_221' title='bbox 1701 2647 1809 2681; x_wconf 90' lang='lat' dir='ltr'>tem-</span> 
     </span>
     <span class='ocr_line' id='line_1_29' title="bbox 185 2710 1810 2763; baseline 0.001 -13"><span class='ocrx_word' id='word_1_222' title='bbox 185 2710 302 2763; x_wconf 74' lang='lat' dir='ltr'>pus),</span> <span class='ocrx_word' id='word_1_223' title='bbox 326 2710 384 2750; x_wconf 89' lang='lat' dir='ltr'>ad</span> <span class='ocrx_word' id='word_1_224' title='bbox 406 2722 476 2761; x_wconf 83' lang='lat' dir='ltr'>ea,</span> <span class='ocrx_word' id='word_1_225' title='bbox 500 2721 618 2761; x_wconf 90' lang='lat' dir='ltr'>quae</span> <span class='ocrx_word' id='word_1_226' title='bbox 639 2717 773 2761; x_wconf 87' lang='lat' dir='ltr'>gesta</span> <span class='ocrx_word' id='word_1_227' title='bbox 796 2716 902 2750; x_wconf 90' lang='lat' dir='ltr'>sunt</span> <span class='ocrx_word' id='word_1_228' title='bbox 923 2716 1028 2762; x_wconf 89' lang='lat' dir='ltr'>post</span> <span class='ocrx_word' id='word_1_229' title='bbox 1049 2716 1259 2751; x_wconf 87' lang='lat' dir='ltr'>nostrum</span> <span class='ocrx_word' id='word_1_230' title='bbox 1290 2711 1349 2751; x_wconf 90' lang='lat' dir='ltr'>ab</span> <span class='ocrx_word' id='word_1_231' title='bbox 1376 2712 1516 2752; x_wconf 84' lang='lat' dir='ltr'>exilio</span> <span class='ocrx_word' id='word_1_232' title='bbox 1543 2712 1743 2752; x_wconf 89' lang='lat' dir='ltr'>reditum</span> <span class='ocrx_word' id='word_1_233' title='bbox 1765 2712 1810 2752; x_wconf 89' lang='lat' dir='ltr'>in</span> 
     </span>
     <span class='ocr_line' id='line_1_30' title="bbox 184 2770 1812 2834; baseline 0.001 -12"><span class='ocrx_word' id='word_1_234' title='bbox 184 2782 305 2822; x_wconf 87' lang='lat' dir='ltr'>hanc</span> <span class='ocrx_word' id='word_1_235' title='bbox 330 2782 514 2831; x_wconf 90' lang='lat' dir='ltr'>vrbem,</span> <span class='ocrx_word' id='word_1_236' title='bbox 548 2781 812 2821; x_wconf 86' lang='lat' dir='ltr'>enarranda</span> <span class='ocrx_word' id='word_1_237' title='bbox 840 2792 1049 2832; x_wconf 80' lang='lat' dir='ltr'>pergam.</span> <span class='ocrx_word' id='word_1_238' title='bbox 1082 2780 1167 2821; x_wconf 85' lang='lat' dir='ltr'>Per</span> <span class='ocrx_word' id='word_1_239' title='bbox 1196 2782 1294 2822; x_wconf 92' lang='lat' dir='ltr'>dies</span> <span class='ocrx_word' id='word_1_240' title='bbox 1322 2770 1512 2834; x_wconf 78' lang='lat' dir='ltr'>multos,</span> <span class='ocrx_word' id='word_1_241' title='bbox 1545 2784 1812 2824; x_wconf 90' lang='lat' dir='ltr'>absentibus</span> 
     </span>
     <span class='ocr_line' id='line_1_31' title="bbox 191 2851 1813 2903; baseline 0.002 -11"><span class='ocrx_word' id='word_1_242' title='bbox 191 2853 339 2902; x_wconf 88' lang='lat' dir='ltr'>nobis,</span> <span class='ocrx_word' id='word_1_243' title='bbox 372 2863 543 2903; x_wconf 79' lang='lat' dir='ltr'>magna</span> <span class='ocrx_word' id='word_1_244' title='bbox 567 2863 671 2892; x_wconf 90' lang='lat' dir='ltr'>cum</span> <span class='ocrx_word' id='word_1_245' title='bbox 693 2851 934 2903; x_wconf 87' lang='lat' dir='ltr'>diligentia</span> <span class='ocrx_word' id='word_1_246' title='bbox 965 2854 1020 2893; x_wconf 84' lang='lat' dir='ltr'>ab</span> <span class='ocrx_word' id='word_1_247' title='bbox 1050 2853 1211 2893; x_wconf 88' lang='lat' dir='ltr'>amicis</span> <span class='ocrx_word' id='word_1_248' title='bbox 1238 2854 1413 2895; x_wconf 91' lang='lat' dir='ltr'>nostris</span> <span class='ocrx_word' id='word_1_249' title='bbox 1434 2860 1591 2895; x_wconf 91' lang='lat' dir='ltr'>actum</span> <span class='ocrx_word' id='word_1_250' title='bbox 1619 2861 1687 2896; x_wconf 94' lang='lat' dir='ltr'>est</span> <span class='ocrx_word' id='word_1_251' title='bbox 1709 2866 1813 2895; x_wconf 89' lang='lat' dir='ltr'>cum</span> 
     </span>
    </p>
   </div>
   <div class='ocr_carea' id='block_1_5' title="bbox 247 3037 1728 3123">
    <p class='ocr_par' dir='ltr' id='par_1_8' title="bbox 247 3037 1728 3123">
     <span class='ocr_line' id='line_1_32' title="bbox 247 3037 1728 3075; baseline 0.001 -10"><span class='ocrx_word' id='word_1_252' title='bbox 247 3039 257 3057; x_wconf 86' lang='lat'>¹</span> <span class='ocrx_word' id='word_1_253' title='bbox 301 3037 582 3072; x_wconf 82' lang='lat' dir='ltr'>Autographum,</span> <span class='ocrx_word' id='word_1_254' title='bbox 599 3040 706 3064; x_wconf 81' lang='lat' dir='ltr'>totum</span> <span class='ocrx_word' id='word_1_255' title='bbox 723 3043 823 3063; x_wconf 90' lang='lat' dir='ltr'>manu</span> <span class='ocrx_word' id='word_1_256' title='bbox 838 3037 942 3071; x_wconf 84' lang='lat' dir='ltr'>ipsius</span> <span class='ocrx_word' id='word_1_257' title='bbox 956 3037 1070 3065; x_wconf 84' lang='lat' dir='ltr'>Patris</span> <span class='ocrx_word' id='word_1_258' title='bbox 1085 3037 1224 3073; x_wconf 83' lang='lat' dir='ltr'>Roman,</span> <span class='ocrx_word' id='word_1_259' title='bbox 1241 3039 1366 3074; x_wconf 87' lang='lat' dir='ltr'>duplici</span> <span class='ocrx_word' id='word_1_260' title='bbox 1381 3040 1470 3075; x_wconf 85' lang='lat' dir='ltr'>folio,</span> <span class='ocrx_word' id='word_1_261' title='bbox 1486 3048 1539 3069; x_wconf 86' lang='lat' dir='ltr'>nn.</span> <span class='ocrx_word' id='word_1_262' title='bbox 1554 3041 1606 3069; x_wconf 75' lang='grc'>448</span> <span class='ocrx_word' id='word_1_263' title='bbox 1621 3046 1652 3069; x_wconf 81' lang='lat' dir='ltr'>et</span> <span class='ocrx_word' id='word_1_264' title='bbox 1667 3042 1728 3069; x_wconf 69' lang='grc'>449.</span> 
     </span>
     <span class='ocr_line' id='line_1_33' title="bbox 253 3084 1588 3123; baseline 0.003 -10"><span class='ocrx_word' id='word_1_265' title='bbox 253 3087 266 3105; x_wconf 71' lang='lat'>2&#39;</span> <span class='ocrx_word' id='word_1_266' title='bbox 304 3086 523 3121; x_wconf 80' lang='lat' dir='ltr'>malapenae</span> <span class='ocrx_word' id='word_1_267' title='bbox 538 3085 641 3113; x_wconf 83' lang='lat' dir='ltr'>habet</span> <span class='ocrx_word' id='word_1_268' title='bbox 656 3084 917 3119; x_wconf 84' lang='lat' dir='ltr'>autographum,</span> <span class='ocrx_word' id='word_1_269' title='bbox 932 3086 1030 3120; x_wconf 85' lang='lat' dir='ltr'>idque</span> <span class='ocrx_word' id='word_1_270' title='bbox 1045 3086 1112 3122; x_wconf 83' lang='lat' dir='ltr'>legi</span> <span class='ocrx_word' id='word_1_271' title='bbox 1127 3087 1230 3115; x_wconf 87' lang='lat' dir='ltr'>etiam</span> <span class='ocrx_word' id='word_1_272' title='bbox 1244 3092 1358 3122; x_wconf 85' lang='lat' dir='ltr'>posset</span> <span class='ocrx_word' id='word_1_273' title='bbox 1380 3089 1474 3116; x_wconf 84' lang='lat' dir='ltr'>mala</span> <span class='ocrx_word' id='word_1_274' title='bbox 1488 3092 1588 3123; x_wconf 79' lang='lat' dir='ltr'>pene.</span> 
     </span>
    </p>
   </div>
  </div>
 </body>
</html>
