2020 3342
831 224 914 260 AN.
945 224 1036 262 1556
1671 227 1740 263 :309

125 317 311 358 omnino
332 318 652 370 decreuerant;
682 320 762 360 sed
795 332 820 359 a
841 321 1015 360 nostris
1044 333 1070 360 a
1094 322 1332 372 proposito
1360 320 1560 361 nefando
1592 321 1649 360 ad
1671 333 1742 360 sa-

125 399 233 427 nam
267 394 468 429 mentem
502 397 764 440 reuocatae,
803 391 1141 432 confessionem
1168 392 1353 442 saepius
1381 391 1551 431 iterant
1579 403 1633 431 ac
1654 391 1743 431 fre-

126 465 320 508 quenter
341 459 512 499 Christi
530 472 700 512 corpus
717 462 988 512 suscipiunt.
1007 462 1102 502 Nec
1124 462 1289 502 desunt
1310 462 1386 513 qui
1409 467 1515 501 octo
1537 462 1741 502 milliari-

127 529 227 578 bus,
246 536 290 568 et
303 541 356 568 eo
374 531 584 581 amplius,
606 531 662 570 ab
680 532 792 571 urbe
809 532 1050 581 distantes,
1069 539 1336 572 nostrorum
1354 532 1581 572 charitate
1599 532 1741 583 capti,

126 600 331 639 maximo
352 600 535 640 feruore
556 608 766 641 nostrum
787 602 1079 653 frequentent
1099 604 1337 653 templum.

206 670 480 721 Complures
501 672 692 712 iuuenes
713 673 914 712 maxime
934 674 1102 723 idonei,
1133 674 1263 713 bonis
1294 674 1500 713 moribus
1528 674 1740 721 instituti,

127 741 171 779 in
193 742 338 781 literis
359 743 494 782 ualde
516 744 742 793 prouecti,
767 745 941 783 instant
964 751 1012 784 ut
1033 745 1316 795 recipiantur
1337 745 1420 794 (μή
1446 757 1473 783 α
1502 745 1652 784 Patre
1666 750 1744 796 pe-

127 811 348 851 detentim
370 815 684 853 retardantur
708 814 732 854 ¹.

205 881 404 932 Quidam
422 890 575 924 tamen
598 887 749 935 gallus
772 889 946 937 optima
974 886 1140 935 indole,
1166 886 1320 925 latinis
1345 886 1621 937 graecisque
1649 886 1744 925 lite-

124 954 188 992 ris
200 953 314 993 bene
333 955 554 1003 eruditus,
575 955 631 995 ad
649 963 857 996 nostram
875 955 1154 996 Societatem
1172 956 1401 996 admissus
1414 964 1496 1005 est,
1512 958 1589 1007 qui
1605 968 1744 1008 quarn

127 1025 347 1064 obediens
369 1026 646 1077 humilisque
669 1028 727 1067 sit
748 1039 840 1067 non
862 1028 1024 1067 attinet
1052 1028 1222 1068 dicere.

209 1094 448 1146 Quaedam
472 1105 634 1147 mater,
659 1110 749 1138 una
771 1110 876 1138 cum
898 1097 1006 1145 filia,
1031 1110 1135 1138 curn
1152 1099 1337 1138 homine
1359 1110 1558 1150 nequam
1587 1112 1612 1138 a
1635 1100 1747 1139 mul-

128 1167 185 1206 tis
207 1168 340 1206 annis
362 1169 741 1208 consuetudinem
765 1180 962 1219 prauam
984 1169 1198 1215 habebam
1221 1181 1338 1220 quae
1366 1182 1392 1209 a
1414 1177 1543 1209 tanto
1572 1171 1747 1209 scelere

129 1249 208 1287 per
226 1237 567 1278 confessionem
589 1247 826 1289 reuocata,
851 1240 907 1279 ad
932 1240 1076 1279 vitam
1098 1240 1142 1279 in
1160 1241 1323 1280 melius
1340 1240 1677 1280 traducendam
1698 1252 1747 1280 se

127 1309 316 1359 recepit.
340 1308 474 1349 Alius
496 1310 636 1349 etiam
659 1322 685 1349 a
708 1311 874 1361 uiginti
896 1311 1030 1350 annis
1052 1310 1284 1361 quoddam
1307 1318 1550 1362 peccatum
1571 1312 1748 1362 grauis-

127 1379 292 1419 simum
313 1392 550 1432 nunquam
569 1381 827 1421 confessori
843 1381 1142 1431 patefecerat,
1162 1382 1440 1433 saepiusque
1458 1383 1631 1422 Christi
1649 1394 1746 1422 cor-

127 1462 212 1501 pus
234 1462 313 1490 ore
336 1451 577 1502 inquinato
599 1459 878 1503 sumpserat:
900 1464 1022 1492 nunc
1044 1453 1216 1492 nostris
1237 1453 1528 1503 apertissime
1556 1453 1746 1502 detexit,

127 1523 429 1573 grauiterque
450 1523 561 1562 illud
582 1523 856 1574 deplorauit.

205 1592 275 1632 De
297 1593 563 1633 domesticis
584 1594 786 1633 breuiter
806 1594 918 1633 mihi
936 1593 1181 1633 dicendum
1198 1601 1358 1634 restat.
1378 1594 1493 1634 Tres
1510 1601 1615 1634 sunt
1634 1595 1749 1634 clas-

127 1675 216 1713 ses;
240 1664 455 1714 discipuli
477 1664 572 1704 fere
595 1670 795 1704 centum.
826 1664 1162 1715 Praeceptorcs
1187 1665 1323 1704 ualde
1352 1665 1565 1705 laborant
1593 1671 1641 1704 ut
1658 1676 1751 1705 non

127 1736 275 1775 solum
309 1736 453 1775 literis
494 1736 780 1785 imbuantur,
819 1736 899 1775 sed
928 1736 1067 1775 etiam
1111 1743 1157 1775 ut
1192 1736 1307 1775 bene
1342 1743 1560 1787 recteque
1590 1736 1750 1776 uiuere

129 1805 326 1854 discant,
359 1806 482 1857 quod
515 1818 627 1846 sane
662 1818 715 1846 eo
746 1806 959 1846 dificilius
993 1817 1094 1846 esse
1125 1807 1321 1857 uidetur,
1360 1818 1447 1858 quo
1483 1807 1752 1847 dissolutior

128 1877 256 1916 hisce
279 1877 325 1916 in
346 1877 557 1927 partibus
580 1878 796 1917 iuuentus
814 1878 1047 1917 inuenitur
1064 1877 1092 1915 ².
1113 1877 1289 1917 Verum
1307 1879 1431 1918 nullo
1448 1879 1607 1918 labore
1624 1878 1751 1918 insti-

129 1954 383 1997 tuerentur,
415 1948 454 1987 si
476 1955 658 1999 patrum
692 1947 706 1965 ⁵
727 1960 839 1988 cura
870 1948 927 1987 ad
949 1955 1159 1988 nostram
1180 1948 1467 1999 diligentiam
1489 1949 1748 1989 accederet.

127 2017 216 2059 Sed
238 2030 347 2058 uere
370 2019 598 2058 comicum
620 2018 794 2058 dixisse
823 2019 1109 2070 experientia
1140 2019 1240 2070 ipsa
1270 2020 1572 2059 demonstrat:
1608 2020 1752 2059 “dete-

130 2089 276 2129 riores
299 2101 460 2129 omnes
481 2101 642 2129 sumus
662 2090 874 2137 licentia„
899 2088 927 2130 ⁴.

208 2159 507 2211 Quapropter
528 2172 619 2200 non
655 2161 807 2200 minus
842 2168 1029 2212 gratum
1061 2161 1342 2201 sacrificium
1378 2173 1479 2201 esse
1500 2160 1602 2200 Deo
1626 2162 1752 2202 circa

128 2231 213 2270 hos
229 2231 421 2271 iuuenes
443 2243 730 2282 magnopere
751 2232 981 2280 laborare,
1006 2244 1146 2283 quam
1167 2233 1206 2272 si
1227 2232 1273 2271 in
1295 2232 1630 2272 remotissimas
1665 2239 1752 2273 ter-

129 2313 288 2341 rarum
319 2302 532 2342 ciuitates
563 2302 981 2353 proficisceremur,
1007 2303 1342 2342 existimamus.
1367 2302 1635 2354 Propterea,
1660 2315 1752 2343 non

129 2373 227 2412 sine
249 2373 453 2412 maxima
476 2384 634 2422 causa,
658 2373 746 2412 hoc
768 2385 793 2412 a
824 2380 868 2412 te
896 2373 1065 2413 obnixe
1091 2373 1306 2424 petimus,
1338 2373 1391 2412 R.
1424 2372 1489 2423 P„
1520 2380 1568 2413 ut
1596 2373 1751 2414 Domi—

130 2455 239 2483 num
262 2455 345 2494 pro
367 2444 500 2483 nobis
521 2456 640 2492 ores,
678 2455 854 2494 nosque
891 2443 1087 2483 fratrum
1118 2444 1406 2484 orationibus
1434 2445 1752 2485 commendari

130 2515 258 2563 uelis,
282 2522 330 2553 ut
352 2521 397 2554 et
428 2514 516 2565 ipsi
537 2522 806 2554 nostrorum
836 2514 1047 2554 laborum
1076 2515 1328 2566 participes
1355 2515 1461 2563 sint,
1492 2522 1536 2554 et
1564 2515 1751 2555 tandem

129 2597 219 2624 una
242 2585 301 2625 ad
322 2586 538 2636 patriam,
563 2586 640 2625 ubi
657 2586 779 2625 nulla
799 2586 1045 2625 calamitas
1064 2586 1356 2636 aduersaque
1373 2585 1559 2626 fortuna
1577 2586 1748 2637 existit,

181 2841 189 2861 ¹
231 2841 323 2868 Haec
339 2842 420 2875 ipse.
437 2846 473 2868 ut
490 2841 637 2873 videtur,
654 2841 706 2875 qui
725 2841 860 2868 litteras
876 2842 1043 2868 exarabat
1058 2842 1105 2869 sic
1121 2843 1282 2869 mutavit:
1298 2849 1379 2875 quos
1397 2842 1434 2869 P.
1452 2842 1580 2869 Hector
1594 2843 1636 2869 de
1651 2842 1753 2869 indu-

125 2890 216 2916 stria
231 2891 444 2916 remoratur.

181 2937 192 2955 ἒ
229 2937 310 2964 Alia
325 2944 456 2969 manus,
472 2936 567 2963 nobia
582 2936 712 2969 ignota,
729 2937 851 2963 existit
866 2943 927 2970 pro
944 2936 1129 2962 invenitur
1142 2936 1312 2971 apposuit.

181 2983 194 3001 ⁵
230 2986 424 3018 parentum
439 2984 578 3017 scripsit
594 2983 682 3010 alius
696 2991 715 3009 a
731 2982 890 3010 Polanco.

180 3033 195 3051 ⁴
230 3031 431 3062 TERENTms,
446 3030 881 3061 Heautontz'morumenos,
892 3030 919 3063 3,
937 3031 960 3063 Ῑ,
975 3031 1019 3057 74.
