2020 3342
825 284 907 321 AN.
937 283 1028 320 1550
1355 266 1358 269 ⁴
1666 284 1734 319 417

109 383 230 422 rium
250 392 495 420 numerum
512 379 738 420 excedere
760 386 957 430 constat,
976 386 1021 420 et
1042 391 1096 419 eo
1113 379 1253 419 etiam
1270 379 1482 430 amplius:
1506 390 1630 428 nam,
1649 380 1735 419 etsi

112 466 138 492 a
167 451 397 503 principio
427 450 715 491 fundationis
746 450 884 490 huius
915 449 1165 501 gymnasii,
1198 460 1361 489 eorum
1395 449 1737 490 multitudinem

111 529 274 563 nostra
296 522 459 562 domus
480 521 560 561 uix
580 526 738 572 posset
760 532 943 572 capere;
967 531 1131 560 uerum
1151 520 1241 569 ubi,
1265 520 1546 571 procedente
1563 526 1735 571 tempo-

112 605 178 643 re,
211 591 520 632 confessionis
552 597 717 642 coepta
750 597 819 631 est
846 591 944 631 fieri
976 592 1162 642 mentio,
1198 591 1404 631 maxima
1436 602 1597 631 eorum
1626 603 1738 642 pars

113 663 305 704 uerbum
326 662 487 702 durius
515 673 654 713 quam
675 673 760 713 par
790 669 890 702 erat
913 662 1107 713 accepit,
1132 673 1187 702 ac
1209 661 1276 703 ad.
1294 661 1517 712 pristinos
1545 662 1736 702 ludima-

111 734 286 784 gistros
306 744 498 773 reuersa
520 739 604 782 est,
629 733 714 772 sub
736 732 902 784 quibus
923 732 1110 782 linguae
1136 732 1308 772 latinae
1334 732 1543 772 fecerant
1565 733 1732 784 tyroci-

113 805 255 844 nium.
287 803 402 844 Sunt
432 803 602 843 etenim
633 803 834 854 plurimi,
866 803 944 854 qui
974 814 1122 843 annos
1151 803 1379 854 pueritiae
1413 811 1732 853 excesserunt,

110 875 320 916 indomiti
341 886 453 914 sane
474 880 519 914 et
536 874 613 925 qui
634 873 806 914 nemini
827 873 1034 914 submitti
1051 886 1099 914 se
1122 874 1374 924 patiantur:
1397 879 1467 913 est
1484 880 1528 914 et
1550 873 1674 915 aliud
1690 875 1737 914 in

112 957 270 995 causa,
294 945 418 996 quod
433 956 539 985 curn
555 945 762 996 plerique
784 945 875 984 sint
897 944 1079 984 oriundi
1095 957 1152 984 ex
1173 945 1493 985 adiacentibus
1514 945 1621 985 huic
1637 946 1741 985 vrbi

112 1017 248 1068 pagis
269 1027 349 1056 seu
366 1016 500 1065 uillis,
527 1027 632 1056 cum
649 1027 810 1056 eorum
832 1016 1103 1066 parentibus
1121 1015 1381 1055 institutum
1398 1022 1610 1056 nostrum
1630 1028 1740 1056 non-

113 1088 222 1128 dum
252 1087 518 1137 innotuerit,
549 1087 721 1136 liberis,
751 1098 868 1138 quos
896 1087 1076 1126 libitum
1107 1087 1261 1137 fuerit,
1291 1087 1543 1137 magistros
1570 1087 1743 1138 eligere

114 1159 400 1210 permittunt:
429 1158 500 1198 his
527 1157 708 1198 accedit
737 1157 863 1208 quod
891 1157 977 1197 sibi
1003 1157 1175 1197 habent
1203 1169 1477 1208 persuasum
1509 1158 1742 1198 neminem

114 1241 251 1281 posse
278 1229 642 1280 grammaticum
662 1228 880 1278 euadere,
903 1228 993 1267 nisi
1014 1228 1055 1268 ei
1077 1228 1237 1268 decem
1265 1235 1344 1268 aut
1372 1228 1587 1268 undecim
1608 1229 1768 1268 simul·

114 1301 445 1351 praelegantur
474 1300 593 1349 libri3
617 1299 741 1351 quod
762 1310 869 1339 cum
898 1299 1036 1338 nimis
1064 1300 1123 1339 sit
1152 1299 1375 1339 absonum
1400 1311 1427 1338 a
1448 1299 1638 1339 scholae
1665 1311 1741 1339 no·

114 1380 240 1411 strae
262 1371 487 1418 instituto,
512 1370 701 1410 minime
723 1369 813 1409 huc
836 1370 997 1409 venire
1021 1370 1196 1409 uolunt:
1219 1381 1382 1410 uerum
1404 1370 1526 1420 quod
1550 1370 1743 1410 maximi

113 1442 211 1482 fieri
228 1441 362 1481 debet
383 1447 466 1491 est,
492 1452 653 1480 omnes
673 1452 791 1492 pene
811 1440 1038 1480 nobilium
1058 1440 1191 1490 filios,
1215 1440 1293 1491 qui
1315 1440 1460 1480 literis
1483 1440 1740 1493 indulgent,

115 1513 160 1552 in
177 1518 386 1553 nostram
404 1523 506 1552 sese
523 1511 800 1552 erudiendos
818 1510 1032 1551 conferre
1048 1511 1251 1562 domum,
1270 1511 1569 1552 nihilominus
1585 1519 1743 1552 tamen

116 1591 158 1623 et
180 1583 377 1623 aliorum
397 1583 444 1622 in
465 1581 675 1633 singulos
697 1581 794 1622 dies
822 1582 1051 1622 accrescit
1078 1593 1315 1629 numerus,
1340 1588 1384 1622 et
1411 1582 1617 1622 futurum
1645 1594 1743 1634 spe-

117 1666 273 1694 ramus
307 1655 459 1705 magis
489 1665 544 1693 ac
575 1654 726 1704 magis
757 1652 1043 1703 augendum,
1082 1653 1158 1692 ubi
1188 1659 1456 1692 nostrorum
1489 1653 1740 1704 profectUS,

116 1732 210 1765 tam
230 1725 278 1765 in
297 1725 443 1765 literis
460 1736 600 1776 quam
617 1725 663 1764 in
686 1724 907 1771 moribus,
928 1724 1123 1774 intelligi
1140 1723 1361 1774 coeperit:
1380 1734 1582 1774 graecae
1601 1724 1742 1765 etiam

115 1796 449 1847 grammatices
485 1797 670 1846 incepta
706 1801 813 1834 sunt
848 1795 970 1835 tradi
1001 1795 1278 1844 rudimenta,
1318 1795 1365 1834 in
1393 1807 1485 1846 qua
1519 1795 1745 1836 facultate

117 1867 413 1907 mediocriter
441 1866 703 1917 proficiunt:
731 1866 839 1905 licet
866 1866 923 1905 ob
951 1865 1038 1905 hoc
1072 1866 1078 1883 ²
1112 1866 1368 1905 rhetorices
1395 1866 1620 1906 exercitia
1652 1878 1745 1906 non

117 1939 208 1978 sint
238 1937 520 1978 intermissa.

193 2008 265 2048 Ex
286 2009 459 2048 nostris
481 2014 637 2048 autem
657 2007 954 2048 scholasticis
976 2007 1066 2047 duo
1098 2006 1238 2057 (quod
1258 2007 1392 2047 nobis
1413 2007 1500 2047 fuit
1531 2008 1745 2058 gratissi-

116 2082 258 2127 mum)
282 2079 513 2119 cucullam
539 2089 780 2129 accepere:
811 2079 927 2117 alter
955 2077 1356 2127 hieronimianam,
1387 2078 1505 2118 alter
1532 2089 1645 2118 uero
1668 2090 1744 2118 au-

116 2150 448 2201 gustinianam3
471 2149 629 2189 itidem
650 2157 694 2188 et
716 2149 794 2188 alii
815 2148 904 2188 duo
927 2149 973 2187 in
995 2148 1159 2188 eodem
1178 2155 1282 2188 sunt
1305 2148 1563 2200 proposito.
1588 2148 1743 2189 Omni-

115 2228 281 2272 potens
314 2220 403 2260 Dei
437 2221 621 2260 bonitas
660 2220 725 2259 eis
760 2219 984 2270 nobisque
1020 2230 1207 2264 manum
1243 2219 1594 2259 misericordiae
1633 2230 1745 2260 suae

117 2292 348 2343 porrigat,
381 2291 690 2342 gratiamque,
719 2302 809 2341 qua
841 2289 1047 2330 diuinam
1074 2290 1363 2329 uoluntatem
1391 2302 1523 2330 suam
1552 2290 1744 2341 implere

117 2363 364 2414 possimus,
389 2362 522 2402 nobis
542 2362 788 2412 largiatur.
813 2361 946 2411 Quod
964 2368 1011 2400 ut
1033 2361 1221 2412 assequi
1243 2361 1497 2410 ualeamus,
1522 2361 1574 2401 T.
1599 2360 1647 2401 P.
1667 2361 1745 2401 hu-

118 2433 287 2473 militer
313 2432 621 2484 deprecamur
642 2443 727 2483 pro
751 2432 918 2482 pusillo
941 2431 1029 2470 hoc
1050 2442 1210 2482 grege,
1235 2438 1284 2471 ut
1306 2430 1433 2471 Patri
1455 2433 1746 2483 complaceat

119 2504 340 2553 Aeterno,
364 2504 660 2554 interpellare
681 2503 888 2543 diuinam
910 2502 1279 2542 misericordiam
1301 2514 1358 2542 ne
1380 2515 1550 2553 cesses,
1575 2515 1666 2554 quo
1688 2503 1747 2543 ad

109 2575 333 2615 dextram
355 2575 454 2614 siue
475 2574 712 2614 sinistram
741 2585 833 2613 non
861 2573 1162 2623 declinanteS,
1191 2573 1405 2614 brauium
1433 2574 1569 2614 huius
1599 2582 1748 2614 certa-

119 2646 255 2686 minis
276 2645 508 2697 possimus
529 2636 818 2696 contingere.

197 2716 379 2767 Burgis,
404 2722 536 2756 sexto
562 2716 662 2755 idus
679 2715 900 2767 Augusti.

330 2787 398 2826 De
420 2787 643 2826 mandato
660 2786 709 2826 P.
733 2786 962 2834 Rectoris,
989 2786 1163 2826 inutilis
1184 2798 1364 2835 seruus,

1211 2894 1295 2934 FR.
1324 2895 1525 2935 TORRES.

174 3040 182 3058 ¹
222 3040 303 3067 licet
324 3040 361 3067 ob
376 3040 448 3068 hoc.
470 3040 523 3069 Ita
537 3041 645 3075 primo
660 3041 826 3075 scriptum
850 3046 936 3074 erat,
954 3048 1073 3068 verum
1094 3042 1310 3070 emendatum
1329 3046 1393 3076 est,
1415 3050 1475 3070 nec
1497 3043 1582 3071 satis
1607 3046 1750 3078 apparet

120 3088 197 3122 quid
214 3088 349 3115 tandem
364 3089 544 3122 legendum
558 3089 615 3121 sit,
632 3089 714 3116 licet
730 3089 768 3115 ob
784 3088 882 3120 haec,
896 3090 951 3116 vel
969 3089 1021 3116 Ad
1035 3089 1130 3116 haec.

266 3145 318 3183 T.
342 3158 392 3183 lv.
1520 3159 1563 3193 27
