2020 3342
835 233 875 270 A
882 244 918 270 N.
950 233 1040 270 1556
1683 235 1750 273 159

737 682 835 735 OD
845 682 1147 736 LXXXVI

199 912 463 960 Stephanus,

247 977 319 1014 Ex
338 978 657 1015 commissione
677 978 821 1016 Patris
840 979 1022 1026 Joannis
1042 980 1269 1018 Laurentii
1291 981 1550 1026 Cavallerii,

297 1043 416 1080 Patri
435 1043 604 1090 Ignatio
624 1043 677 1081 de
696 1043 880 1091 Loyola.

344 1107 536 1156 Tybure
560 1108 599 1145 11
620 1108 786 1156 Aprilis
809 1109 898 1145 1556
918 1110 943 1144 ¹.

894 1264 1000 1353 fiis

214 1457 377 1499 Gratia
401 1465 443 1499 et
465 1471 580 1510 pax,
605 1466 692 1500 etc.

214 1529 343 1580 Quae
365 1542 390 1569 a
412 1537 610 1581 quatuor
638 1530 896 1581 mensibus,
926 1531 1197 1571 Reuerende
1224 1531 1451 1582 imprimis
1475 1531 1626 1580 Pater,
1654 1536 1761 1570 tuae

133 1600 266 1640 nobis
287 1599 590 1640 Reuerendae
613 1601 887 1641 Paternitati
908 1601 1156 1642 scribenda
1179 1601 1457 1652 acciderint,
1482 1601 1556 1641 hic
1579 1600 1758 1651 paucis,

131 1682 253 1722 quae
273 1683 422 1723 pauca
444 1679 563 1721 sunt,
589 1672 644 1711 de
666 1684 794 1712 more
817 1672 954 1712 solito
977 1683 1278 1724 exponemus.

215 1741 286 1782 Ac
313 1742 463 1793 primo
498 1743 621 1793 quod
656 1742 714 1782 ad
741 1742 993 1794 discipulos
1021 1743 1247 1794 pertinet,
1279 1743 1445 1783 dehinc
1474 1743 1530 1783 de
1561 1743 1762 1783 caeteris

132 1813 348 1853 omnibus
370 1813 530 1852 ordine
552 1824 902 1864 prosequemur.
927 1813 1195 1865 Discipulos
1217 1813 1293 1853 hic
1315 1814 1540 1853 habemus
1568 1825 1762 1853 numero

134 1883 323 1923 circiter
348 1883 435 1934 1203
460 1885 615 1934 plures
637 1884 866 1924 hactenus
883 1884 1147 1935 habuimus3
1167 1885 1311 1924 multo
1331 1884 1378 1924 in
1395 1884 1493 1924 dies
1511 1885 1667 1936 plures
1686 1885 1765 1924 ha-

135 1955 291 2005 bituri,
321 1955 410 1994 nisi
438 1955 761 2006 ludimagister
797 1955 984 2006 quidam
1016 1967 1167 1995 nouus
1202 1955 1459 1995 conductus
1489 1955 1579 1995 huc
1602 1955 1765 1995 fuisset

135 2038 298 2077 nuper,
324 2026 382 2065 ad
403 2037 540 2077 quem
561 2026 771 2065 nonnulli
793 2038 850 2066 ex
881 2025 1121 2077 discipulis
1147 2026 1342 2076 nostris,
1367 2038 1461 2066 non
1489 2027 1664 2078 absque
1686 2037 1769 2077 pa-

135 2102 318 2137 rentum
340 2108 529 2136 suorum
552 2108 798 2146 consensu,
823 2096 913 2136 cito
933 2097 1263 2137 discesserunt.
1285 2096 1412 2148 Quos
1430 2097 1582 2138 adhuc
1600 2097 1767 2137 retine-

135 2179 254 2218 mus,
278 2168 406 2207 hisce
429 2179 453 2207 a
476 2167 609 2207 nobis
630 2168 908 2207 lectionibus
931 2173 1224 2207 exercentur.
1248 2167 1372 2208 Ante
1393 2167 1664 2219 prandium,
1689 2180 1765 2208 au-

136 2238 233 2278 dito
268 2239 463 2288 singulis
491 2238 652 2278 diebus
685 2250 866 2278 summo
902 2250 1037 2278 mane
1072 2250 1223 2289 sacro,
1263 2244 1308 2278 et
1342 2239 1603 2290 praemissa
1637 2239 1766 2279 breui

137 2316 246 2349 ante
272 2310 516 2349 lectionem
547 2310 861 2360 oratiuncula,
893 2309 1154 2361 auditisque
1189 2309 1525 2361 discipulorum
1561 2310 1767 2350 omnium

136 2380 413 2420 lectionibus
436 2381 505 2430 iis,
529 2392 646 2431 quas
669 2380 887 2420 hesterno
910 2381 981 2420 die
1004 2380 1267 2420 didicerunt
1283 2381 1551 2421 memoriter
1568 2381 1765 2421 recitan-

137 2450 239 2502 das,
259 2451 519 2502 oblatisque
537 2452 582 2490 in
604 2451 704 2502 ipso
725 2451 822 2490 ludi
843 2451 1061 2502 ingressu
1079 2451 1303 2502 materiis,
1327 2463 1442 2503 quas
1464 2452 1668 2503 quotidie
1684 2452 1767 2491 ita-

141 2521 227 2561 lice
249 2533 275 2560 a
298 2522 430 2561 nobis
447 2521 700 2572 excipiunt,
720 2521 865 2561 latino
883 2533 1096 2561 sermone
1114 2521 1160 2561 in
1181 2522 1369 2573 scriptis
1390 2522 1667 2573 reddendas,
1687 2533 1768 2572 ag-

139 2591 380 2642 gredimur
401 2604 484 2643 pro
507 2592 715 2632 inferiori
737 2593 886 2631 classe
908 2592 964 2631 de
985 2592 1235 2642 generibus
1255 2591 1586 2643 Despaute1·ii“³
1608 2593 1768 2632 lectio-

141 2673 259 2711 nem,
285 2674 375 2714 qua
396 2663 581 2714 saepius
603 2662 814 2714 repetita.
840 2663 1124 2713 examinata,
1149 2674 1204 2702 ac
1232 2662 1429 2714 denique
1451 2663 1682 2714 absoluta,
1706 2664 1768 2703 al-

141 2738 290 2772 teram
327 2745 411 2784 pro
452 2733 742 2784 aliquantulo
783 2733 1157 2784 prouectioribus
1192 2733 1438 2774 lectionem
1460 2767 1467 2784 ,
1505 2746 1671 2786 nempe
1712 2734 1769 2774 de

141 2804 405 2853 praeteritis
427 2815 481 2843 ac
503 2804 681 2855 supinis
703 2803 929 2853 eiusdem,
954 2804 1115 2844 eodem
1138 2803 1299 2855 modo,
1324 2816 1413 2856 quo
1434 2806 1653 2856 priorem,
1679 2805 1770 2845 dis-

201 2985 210 3018 !
242 2987 495 3021 *Autographae
507 2986 636 3020 ,duplici
652 2986 742 3019 solio,
760 2995 789 3014 u.
808 2987 838 3013 14
850 2992 883 3014 et
900 2987 941 3014 15.

198 3033 214 3052 *2
251 3033 396 3066 Joannes
411 3041 478 3061 van
494 3033 662 3062 Pauteren
679 3033 960 3069 <Despauterius).
