2020 3342
851 245 933 280 Ax.
968 245 1056 281 1550
1721 242 1763 277 7t

222 346 484 387 Inuiserunt
507 343 650 383 etiam
671 341 818 381 nostri
835 341 1002 380 iterum
1023 338 1240 379 Castrum
1254 337 1506 378 Ficardum
1530 338 1554 386 ¹,
1579 344 1644 384 Vt,
1669 336 1762 376 iam

146 417 325 470 pridem
343 426 456 466 erga
468 414 619 454 Deum
636 419 681 452 et
697 418 908 452 nostram
924 409 1206 450 Societatem
1222 409 1393 459 optime
1407 407 1626 448 affectum
1642 406 1670 456 ²,
1690 419 1766 458 po-

145 490 303 540 pulum
327 486 458 526 verbi
477 484 565 524 Dei
584 482 933 535 praedicatione
954 486 998 521 et
1019 487 1421 520 sacramentorum
1443 477 1768 518 communione

145 558 512 605 consolarentur;
536 554 660 606 quod
680 560 724 593 et
744 552 919 593 factum
949 557 1018 591 est
1047 562 1142 590 non
1172 550 1271 589 sine
1298 548 1475 599 ingenti
1505 547 1767 587 animarum

148 628 432 669 exultatione
454 632 498 666 et
520 625 706 665 diuinae
727 623 906 675 gloriae
927 623 1252 662 emolumento,

226 698 500 740 Accersitus
517 696 656 736 etiam
673 700 831 734 noster
850 693 904 734 R.
923 692 972 733 P.
992 692 1161 733 Rector
1174 691 1418 732 Anconam
1432 703 1459 730 a
1473 690 1594 730 [ΞΛΜ]
1606 688 1619 707 ³
1633 689 1770 729 huius

151 772 300 810 almae
321 768 485 808 domus
506 766 830 807 Gubernatore
852 763 881 813 ⁴,
913 763 1126 815 quamuis
1154 763 1256 802 aliis
1283 762 1485 812 negotiis
1514 760 1675 810 magis
1705 760 1772 798 in-

149 847 302 881 tentus
321 838 575 888 videretur3
598 836 788 886 cognito
811 839 967 875 tamen
989 834 1087 874 eius
1107 833 1326 881 aduentu,
1350 832 1507 872 statim
1529 830 1661 870 multi
1681 829 1770 881 spi-

148 912 340 953 rituales
360 909 464 959 viri,
497 920 546 948 se
577 907 776 948 inuicem
798 905 1070 954 excitantes,
1095 904 1141 944 in
1168 904 1391 955 templum
1411 901 1645 953 quoddam
1666 911 1772 940 con-

150 983 396 1031 fluxerunt,
421 987 480 1030 et,
498 979 732 1030 legatione
755 977 813 1017 ad
835 976 1022 1016 Patrem
1044 975 1201 1024 missa,
1226 981 1329 1025 post
1351 975 1519 1013 multas
1535 982 1699 1023 preces
1717 982 1771 1010 eo

151 1053 337 1093 tandem
353 1055 683 1103 pertraxerunt
705 1055 748 1088 et
768 1054 818 1088 vt
840 1047 1081 1098 spirituale
1104 1045 1383 1096 colloquium
1405 1044 1465 1083 ad
1483 1055 1563 1083 eos
1580 1043 1771 1082 haberet

152 1128 420 1175 coegerunt,
443 1121 488 1160 in
510 1132 599 1172 quo
621 1120 746 1159 vitae
767 1118 1021 1170 spiritualis
1049 1127 1261 1156 normam
1290 1115 1401 1165 (illis
1431 1115 1496 1154 sic
1518 1113 1773 1164 efflagitan-

151 1194 288 1244 tibus)
315 1191 667 1240 demonstrauit,
696 1202 788 1230 non
818 1190 916 1228 sine
943 1188 1134 1238 ingenti
1166 1185 1178 1205 ⁵
1208 1186 1295 1226 Dei
1326 1187 1501 1226 honore
1532 1193 1575 1224 et
1605 1183 1772 1224 multo-

153 1277 262 1305 rum
295 1263 309 1284 ‘⁵
341 1263 658 1304 consolatione
694 1273 748 1301 ac
784 1260 951 1300 fructu.
980 1259 1085 1299 Alia
1114 1258 1254 1298 etiam
1284 1269 1440 1308 opera,
1475 1256 1534 1296 ad
1565 1256 1772 1296 diuinum

153 1336 325 1377 cultum
347 1333 623 1386 spectantia,
647 1331 816 1371 ibidem
838 1338 882 1370 et
903 1330 1082 1381 peregit
1114 1335 1158 1369 et
1187 1335 1237 1368 vt
1266 1329 1313 1368 in
1342 1334 1580 1379 posterum
1610 1325 1773 1365 fierent

154 1406 366 1448 instituit.
390 1404 519 1444 Haec
542 1410 586 1443 et
609 1403 714 1452 alia,
737 1401 836 1442 Rde
867 1402 912 1441 in
929 1400 1050 1452 Xpo.
1070 1399 1222 1449 Pater,
1243 1406 1349 1438 sunt
1366 1410 1392 1438 a
1410 1398 1499 1437 tuis
1516 1397 1620 1437 filiis
1642 1403 1773 1436 extra

154 1477 368 1530 proprios
391 1477 455 1526 (vt
477 1475 621 1524 aiunt)
643 1475 765 1514 lares
785 1478 991 1524 peracta.

234 1547 446 1588 Iamvero
486 1545 611 1586 domi
649 1552 693 1585 et
733 1545 854 1584 intra
883 1542 1128 1594 angustias
1162 1542 1299 1581 liuius
1334 1541 1492 1592 templi
1526 1539 1776 1590 exiguique

157 1618 361 1671 oppiduli
382 1617 491 1669 quid
512 1616 658 1667 egerit
674 1614 903 1655 Dominus
925 1613 1100 1664 accipe.

237 1689 489 1740 Postquam
510 1688 702 1738 dignata
724 1692 793 1726 est
812 1685 865 1725 R.
887 1684 1150 1725 Paternitas
1171 1683 1222 1723 T.
1247 1689 1513 1723 nostrorum
1534 1693 1777 1722 numerum

162 1773 310 1813 vsque
333 1760 391 1799 ad
411 1758 463 1798 40
484 1759 740 1808 adaugere,
764 1756 997 1807 recepisse
1027 1755 1240 1794 videmur
1269 1753 1426 1793 nescio
1455 1753 1564 1804 quid
1594 1753 1782 1792 luminis

160 1839 203 1872 et
225 1831 479 1884 spiritualis
499 1829 689 1877 fauoris,
716 1828 846 1868 cuius
874 1834 1009 1866 antea
1033 1826 1226 1875 eminus,
1250 1825 1384 1876 quasi
1405 1824 1632 1864 micantes
1663 1824 1778 1863 scin-

161 1903 297 1953 tillas,
321 1903 441 1941 inter
458 1900 664 1940 turbines
681 1910 832 1939 nouae
849 1897 1133 1937 fundationis
1150 1896 1285 1935 huius
1303 1895 1486 1946 collegii
1506 1894 1679 1934 vidisse
1696 1906 1782 1933 nos

162 1973 480 2014 credebamus.
504 1971 627 2010 Nam
648 1974 700 2009 vt
721 1970 775 2009 de
802 1969 878 2019 iis,
900 1979 1016 2019 qnae
1038 1967 1169 2007 intra
1189 1966 1415 2018 priuatos
1439 1965 1649 2017 parietes
1676 1970 1783 2016 per-

161 2048 405 2095 aguntur,
432 2046 539 2082 ante
567 2041 723 2081 omnia
754 2039 1044 2091 proloquar,
1080 2038 1241 2078 videor
1276 2049 1399 2077 nunc
1433 2037 1592 2076 uidere
1622 2047 1785 2075 veram

162 2115 412 2165 imaginem
434 2113 624 2165 perfecti
653 2111 949 2162 religiosique
977 2109 1183 2160 Collegii.
1218 2108 1337 2148 Nam
1364 2108 1551 2148 scholae
1578 2114 1783 2154 nostrae,

163 2186 309 2226 tribus
331 2185 559 2225 classibus
581 2183 591 2201 ⁷
616 2183 886 2231 distinctae,
910 2192 1004 2220 non
1026 2181 1176 2220 solum
1195 2179 1510 2230 trigesimum,
1535 2178 1616 2218 sed
1645 2178 1787 2217 etiam

166 2256 465 2297 centesimum
505 2255 709 2295 fructum
747 2253 973 2304 incipiunt
1012 2251 1287 2303 producere.
1330 2250 1592 2290 Procedunt
1632 2249 1787 2289 omnia

165 2338 336 2378 magna
353 2338 459 2367 cum
480 2326 727 2374 suauitate,
751 2323 1073 2363 aedificatione
1095 2329 1139 2361 et
1165 2322 1333 2362 fructu.
1367 2320 1596 2360 Mirantur
1627 2330 1787 2359 omnes

166 2398 324 2438 videre
363 2397 542 2437 decimo
584 2396 743 2447 quinto
779 2406 960 2446 quoque
995 2393 1066 2432 die
1093 2393 1345 2432 imberbem
1381 2392 1647 2442 quempiam
1682 2390 1789 2430 ado-

166 2470 416 2509 lescentem
455 2479 513 2507 ex
552 2466 739 2515 nostris,
782 2465 831 2504 z'n
865 2463 1068 2503 medinm
1101 2462 1430 2514 prosilientem
1470 2460 1484 2479 ⁸
1523 2472 1704 2501 summa
1742 2460 1789 2500 li-

167 2540 344 2580 bertate
366 2571 374 2589 ,
414 2538 604 2589 spiritus
642 2536 824 2576 feruore
864 2542 907 2575 et
947 2533 1208 2585 eloquentia
1234 2565 1241 2582 ,
1283 2533 1420 2572 modo
1462 2532 1520 2572 ad
1559 2532 1789 2572 virtutum

222 2722 231 2741 ¹
273 2721 536 2749 Castelfidardo.

220 2771 233 2789 ‘²
271 2771 306 2796 vt
321 2769 452 2796 addidit
472 2767 648 2794 Polancus.

220 2817 234 2836 5
272 2817 327 2843 ab.
341 2815 390 2844 Io.

223 2865 236 2884 ὓ
273 2864 333 2897 qui
346 2864 418 2891 illic
432 2864 557 2897 agebat
574 2863 703 2890 addidit
719 2862 897 2889 Polaticus,
913 2860 1130 2887 Gubernator
1145 2864 1219 2886 erat
1237 2858 1371 2893 Gaspar
1388 2858 1427 2885 de
1443 2858 1573 2885 Doctis.

223 2910 237 2930 5
277 2912 442 2939 maximo.
460 2911 645 2938 Potmcus.

225 2957 239 2976 Γ·
276 2958 492 2986 auditorum.
509 2958 558 2986 ID.

226 3005 238 3021 ἵ
279 3006 350 3032 iam
367 3005 496 3032 addidit
512 3006 691 3033 Polancus.

227 3052 242 3069 ⁸
275 3052 417 3084 publica
434 3053 592 3079 oratione
607 3051 736 3078 habita.
754 3051 806 3078 Io.
