2020 3342
871 218 954 255 AN.
991 219 1082 255 1550
1742 219 1788 255 55

164 327 268 355 rum
296 316 343 355 in
370 315 628 356 discordiis>
643 315 977 366 componendis
1013 315 1265 365 coniugum
1299 315 1551 353 rixantium
1586 315 1704 354 inter
1739 328 1787 355 se

164 385 302 436 domi,
327 392 371 426 et
393 386 623 426 interdurn
643 386 700 426 ob
721 385 850 426 rixas
871 392 915 425 et
932 386 1024 425 alia
1041 385 1295 436 separatim
1312 385 1635 424 habitantium:
1657 387 1787 425 multi

164 457 304 496 ctiam
330 457 390 497 ad
412 469 511 506 nos,
545 457 669 497 domi
695 457 769 496 vel
797 457 844 496 in
873 457 1043 507 templo
1074 455 1343 506 existentes,
1378 455 1671 495 confluebant
1702 468 1785 507 pro

163 527 371 567 consiliis
393 527 637 578 captandis
657 528 733 567 vel
761 528 916 578 aliqua
944 527 1263 567 consolatione
1293 526 1523 577 spirituali
1553 526 1782 573 habenda,

163 609 280 648 quos
300 597 530 638 Dominus
550 598 744 638 subinde
766 609 857 638 non
879 597 1223 648 dedignabatur
1244 598 1494 637 consolari.

240 667 484 720 Hospitale
505 669 760 708 maximum
777 668 914 708 huius
931 668 1089 719 oppidi
1108 667 1359 719 aliquando
1378 668 1675 707 visitauimus
1693 680 1784 707 non

162 739 262 779 sine
283 738 450 786 fructu3
478 739 599 791 quod
621 739 806 790 quidem
826 738 1114 789 frequentius
1136 739 1462 788 visitaremus,
1486 740 1575 778 nisi
1603 745 1788 778 contra-

163 810 263 850 rius
285 816 407 850 esset
428 809 648 850 Societati
671 810 747 861 qui
768 816 955 860 praeest
976 809 1039 849 illi
1062 810 1332 858 canonicus,
1357 809 1522 849 doctor
1543 811 1787 860 theologus

159 881 446 931 parisiensis,
470 887 514 921 et
534 881 621 921 nisi
642 881 834 920 haberet
854 881 1149 931 capellanum
1170 879 1364 920 infirmis
1386 881 1625 920 assiduum
1648 880 1674 920 ¹.

239 951 416 992 Eodem
438 963 622 1003 quoque
649 958 856 1002 tempore
883 962 997 990 cura
1028 951 1368 990 monacharum
1395 951 1567 1002 partim
1596 951 1651 991 R.
1684 952 1784 1001 Epi-

159 1034 316 1073 scopo,
340 1023 512 1073 partim
534 1022 749 1073 Capitulo
772 1021 1062 1061 subditarum
1083 1022 1277 1061 multum
1295 1022 1436 1061 etiam
1453 1034 1538 1061 nos
1552 1020 1784 1062 'constrin-

160 1093 242 1143 git,
277 1104 393 1144 quae
423 1093 636 1143 quamuis
663 1104 772 1132 suos
806 1092 1024 1143 proprios
1052 1092 1255 1131 habeant
1285 1091 1616 1142 confessarios,
1646 1104 1784 1144 saepe

158 1169 315 1203 tamen
336 1164 439 1203 illas
461 1163 771 1211 visitauimus,
797 1174 920 1202 nunc
941 1174 1025 1213 pro
1049 1163 1275 1202 concione
1298 1163 1528 1213 habenda,
1554 1175 1678 1203 nunc
1699 1175 1782 1214 pro

163 1234 455 1274 confessione
474 1234 735 1285 aliquarum
758 1233 1002 1273 audienda.
1027 1234 1195 1273 Mirum
1218 1240 1263 1273 et
1290 1234 1607 1274 miserandum
1638 1235 1782 1274 dictu!

159 1315 300 1344 unam
321 1304 334 1323 ²
352 1305 471 1344 inter
493 1305 596 1344 illas
617 1305 784 1355 reperi,
810 1311 962 1343 aetate
983 1305 1099 1343 satis
1121 1312 1410 1355 prouectam,
1436 1317 1554 1356 quae
1576 1317 1602 1343 a
1623 1304 1675 1344 30
1705 1317 1783 1344 an·
1843 1358 1845 1361 Α

156 1375 228 1414 nis
263 1375 604 1415 confessionem
639 1375 958 1422 simulauerat,
1000 1386 1241 1426 nunquam
1282 1375 1461 1426 integre
1502 1375 1779 1415 confitendo:

156 1446 482 1497 horrendaque
511 1453 616 1486 sunt
643 1445 768 1485 dictu
797 1452 841 1485 et
871 1446 1030 1485 auditu
1062 1457 1180 1496 quae
1210 1454 1529 1496 perpetrarat:
1568 1446 1674 1486 hinc
1705 1447 1778 1486 ille

154 1517 303 1567 pudor
322 1518 520 1556 vitiosus
543 1523 859 1568 perpetuaque
881 1517 1113 1556 simulatio
1146 1517 1192 1556 in
1222 1517 1482 1557 confitendo
1504 1524 1548 1557 et
1577 1529 1780 1558 commu-

156 1587 372 1627 nicando.
398 1587 451 1636 O,
477 1587 585 1638 quid
606 1599 699 1627 non
719 1587 911 1636 moliris,
936 1586 1080 1627 Satan
1102 1587 1290 1637 perfide,
1322 1588 1462 1627 etiam
1490 1589 1536 1628 in
1565 1589 1777 1628 sacratis-

155 1658 285 1697 simis
306 1659 423 1698 locis
445 1665 489 1698 et
506 1658 734 1710 personis,
754 1658 800 1697 in
818 1658 1068 1709 perniciem
1087 1659 1363 1707 animarum,
1388 1670 1506 1710 quae
1524 1665 1630 1698 sunt
1648 1659 1778 1700 Chri-

155 1735 227 1768 sto
248 1729 358 1780 Jesu
380 1735 477 1769 tam
497 1730 755 1780 preciosae.

235 1799 389 1839 Taceo
420 1800 476 1839 de
504 1801 702 1839 caeteris
734 1800 821 1850 piis
850 1800 1236 1851 occupationibus
1266 1812 1370 1840 cum
1399 1801 1595 1841 infirmis
1629 1809 1672 1841 et
1703 1801 1775 1841 de-

155 1870 491 1918 cumbentibus,
518 1871 594 1921 qui
616 1882 700 1910 nos
722 1882 862 1922 saepe
893 1878 1139 1910 accersunt
1171 1871 1419 1911 confitendi
1446 1872 1613 1921 gratia,
1647 1879 1690 1912 et
1721 1884 1779 1912 ex

151 1941 242 1980 illis
262 1942 470 1981 nonnulli
493 1941 682 1981 ditiores
704 1942 934 1982 interdum
959 1942 1126 1982 obnixe
1145 1954 1229 1982 nos
1246 1949 1416 1993 rogant
1433 1950 1482 1982 Vt
1501 1944 1683 1983 illorum
1699 1956 1779 1983 no-

152 2012 275 2052 mine
292 2013 380 2052 hoc
399 2019 477 2052 aut
494 2013 604 2052 illud
622 2013 905 2064 pauperibus
923 2014 1270 2053 distribuamus:
1290 2013 1399 2053 hinc
1415 2014 1463 2053 fit
1480 2020 1530 2054 vt
1548 2026 1777 2065 pauperes

149 2094 235 2122 nos
255 2083 522 2134 frequenter
544 2084 853 2135 interpellent.

228 2153 358 2193 Haec
379 2154 476 2194 fere
497 2162 618 2203 sunt,
642 2154 780 2194 Pater
801 2154 900 2195 Rde
920 2187 927 2203 ,
953 2167 1070 2206 quae
1093 2162 1346 2195 occurrunt
1367 2156 1635 2206 scribenda,
1661 2168 1774 2208 quo-

150 2235 252 2270 rum
275 2237 391 2275 pene
413 2226 611 2276 singula,
636 2238 742 2265 cum
763 2226 1000 2265 hominem
1021 2232 1169 2265 toturn
1199 2227 1438 2276 requirant
1459 2259 1465 2275 ,
1489 2227 1624 2266 facile
1656 2228 1779 2267 colli-

151 2305 262 2344 gere
288 2295 394 2335 licet
415 2308 500 2335 nos
520 2296 597 2335 illa
625 2297 754 2336 obire
775 2297 913 2336 valde
944 2297 1229 2347 imperfecte.
1254 2297 1446 2337 Vtinam
1475 2309 1587 2348 ergo
1617 2298 1774 2338 Domi-

148 2376 235 2405 nus
270 2366 492 2417 dignetur
527 2368 619 2406 cito
650 2368 832 2406 mittere
861 2368 1102 2417 operarios
1130 2368 1175 2406 in
1204 2368 1324 2407 hanc
1360 2380 1494 2407 suam
1521 2368 1771 2409 Flandriae

151 2448 350 2477 messem
371 2438 661 2488 dissipatam,
687 2445 730 2477 et
753 2440 934 2489 aperire
956 2439 1088 2478 nobis
1111 2439 1279 2478 ostium
1302 2439 1606 2489 collegiorum
1624 2439 1775 2480 Socie-

148 2507 260 2547 tatis
280 2515 472 2548 nostrae
491 2509 870 2559 extruendorum,
903 2516 1155 2560 quatenus,
1184 2521 1276 2549 non
1305 2510 1371 2548 sic
1404 2519 1499 2549 tam
1527 2511 1680 2550 multis
1708 2512 1773 2550 in-

146 2579 261 2618 tenti
283 2586 332 2618 vt
362 2591 484 2619 nunc
515 2590 694 2629 sumus,
725 2580 900 2631 aliquid
926 2580 1164 2630 singulare
1195 2587 1239 2619 et
1268 2580 1526 2630 perfectum
1563 2581 1608 2620 in
1635 2582 1774 2620 vinea

145 2647 335 2688 Domini
358 2661 625 2700 operemur,
655 2651 757 2702 ipso
784 2651 1058 2699 adiuuante,
1091 2651 1164 2690 cui
1194 2649 1245 2690 R.
1280 2650 1339 2690 V.
1371 2650 1419 2690 P.
1450 2652 1619 2691 obnixe
1650 2664 1773 2692 com-

146 2719 435 2761 mendamUS.

197 2928 208 2947 ¹
247 2927 457 2954 Sententiam
470 2928 558 2955 hanc
574 2935 594 2955 a
610 2929 724 2955 verbis
739 2929 830 2961 quod
845 2929 986 2961 quidem
1002 2930 1089 2956 linea
1111 2937 1214 2963 super
1235 2931 1338 2957 ducta
1362 2931 1569 2958 cancellavit
1588 2930 1765 2964 Polaticus·T

145 2982 184 3000 ne
200 2982 220 3002 a
235 2974 386 3001 librariis
401 2975 700 3002 transcriberetur.

200 3022 213 3040 2
251 3021 344 3048 Voce
358 3022 423 3049 hac
439 3029 547 3049 unam
570 3022 693 3056 deleta,
709 3023 887 3051 substituit
904 3023 1071 3051 Poiancus
1087 3025 1257 3057 aliquam.
