2020 3342
863 264 943 298 Ax.
974 261 1064 298 1556
1703 260 1777 299 459

793 641 1132 695 DXXXVH

221 870 427 907 Nicolaus
447 868 658 906 Bellefille

272 934 390 972 Patri
410 934 459 972 N.
482 935 546 978 N„
569 935 766 972 Romam.

314 999 515 1045 Parisiis,
534 1000 560 1037 3
576 997 855 1047 Septembris
876 1000 967 1039 1556
985 1001 1010 1034 ³.
1052 1026 1057 1029 <

228 1141 298 1180 Ex
319 1140 422 1180 aliis
445 1138 622 1192 [literis]
653 1140 858 1180 eiusdem
889 1139 1017 1192 [Mn-i
1044 1139 1225 1180 Nicolai
1252 1137 1485 1189 Bellefille]
1512 1137 1539 1177 3
1564 1137 1772 1188 Septem*

147 1212 243 1251 bris
267 1211 380 1252 1556.

227 1283 359 1324 Multi
379 1283 455 1324 hic
478 1291 752 1335 permanent
773 1284 922 1323 nostri
943 1282 1295 1331 studiosissimi,
1326 1288 1371 1321 et
1392 1280 1551 1320 uidere
1582 1279 1668 1320 suit
1693 1279 1770 1319 his

147 1354 309 1395 diebus
342 1348 447 1395 cum
474 1354 739 1395 uehementi
765 1354 893 1394 febre
924 1360 1171 1404 urgeretur
1197 1352 1251 1393 R.
1282 1351 1331 1392 P.
1362 1351 1613 1391 Pascasius
1640 1349 1680 1401 2;
1713 1362 1770 1390 eo

147 1427 268 1466 enim
303 1433 512 1478 tempore
540 1425 698 1466 limina
733 1425 898 1465 domus
931 1425 1067 1464 huius
1100 1423 1297 1474 singuiis
1335 1421 1463 1462 horis
1496 1421 1768 1461 terebantur

143 1497 383 1547 gressibus
399 1508 575 1547 eorum,
595 1497 673 1548 qui
689 1497 744 1536 de
761 1496 859 1536 eius
876 1495 1141 1536 ualetudine
1159 1501 1254 1534 tam
1269 1493 1439 1534 soliciti
1456 1499 1604 1542 erant,
1622 1498 1673 1532 ut
1693 1493 1767 1532 uel

144 1574 281 1608 nocte
308 1567 413 1608 fere·
431 1567 579 1608 media
608 1568 673 1608 illi
700 1567 882 1615 afferri,
912 1578 1031 1618 quae
1059 1566 1279 1606 uidebant
1306 1564 1596 1614 necessaria,
1634 1574 1767 1604 cura·

144 1646 260 1679 rent.
284 1639 343 1679 Et
362 1639 697 1691 propemodum
723 1638 1020 1689 impatienter
1047 1637 1167 1676 illius
1196 1635 1405 1675 ferebant
1433 1634 1762 1690 infirmitatem.

144 1710 254 1750 Post
286 1710 463 1750 febrem
490 1710 763 1759 extinctam,
793 1708 1016 1760 reliquiae
1049 1706 1390 1758 supersum-ann
1427 1705 1509 1745 sed
1544 1705 1763 1745 continua

144 1781 480 1822 exercitatione
500 1787 544 1821 et
564 1781 722 1821 labore
743 1780 955 1831 improbo
977 1791 1057 1819 eas
1079 1778 1305 1818 excussit:
1330 1777 1558 1829 siquidem
1578 1776 1642 1816 illi
1671 1787 1765 1816 non

145 1860 282 1893 uacat
303 1864 404 1892 esse
426 1859 619 1903 aegroto
640 1852 760 1892 inter
781 1858 877 1891 tam
898 1851 1068 1890 multas
1090 1850 1190 1901 pias
1211 1848 1557 1900 occupationes.

221 1924 309 1964 Hic
331 1924 530 1964 daemon
557 1923 653 1964 suis
681 1923 861 1964 technis
887 1922 1074 1973 saepius
1100 1920 1359 1970 fraudatus,
1385 1920 1501 1959 adeo
1522 1919 1765 1970 improbus

142 2002 225 2043 est,
249 2002 297 2035 ut
319 1995 449 2035 malit
469 1994 590 2035 eludi
613 1994 839 2046 quotidie,
865 2005 1005 2044 quam
1027 1991 1164 2032 fateri
1192 2002 1241 2031 se
1263 1991 1462 2041 uictum;
1491 1990 1607 2030 nihil
1639 1990 1765 2030 enim

141 2066 340 2106 daemon
362 2066 639 2106 intentatum
660 2065 893 2116 relinquit,
918 2076 1007 2116 quo
1034 2063 1168 2103 nobis
1198 2062 1531 2113 grauissimum
1559 2061 1764 2100 facessat

141 2137 403 2188 negocium3
427 2137 508 2177 sed
529 2137 650 2177 illius
671 2142 867 2176 conatus
887 2135 997 2175 uani
1018 2141 1139 2184 sunt,
1163 2145 1256 2173 non
1277 2145 1359 2185 per
1375 2143 1476 2182 nOS,
1500 2143 1609 2171 nam
1630 2138 1761 2172 tanta

142 2207 448 2247 machina-est
469 2208 619 2259 impar
640 2207 845 2247 humeris
867 2206 1054 2246 nostris.
1078 2204 1256 2244 Verum
1284 2204 1420 2257 Jesus
1447 2203 1527 2244 X.S
1546 2210 1616 2244 est
1635 2201 1763 2243 forti-

141 2278 250 2318 tudo
271 2287 430 2318 nostra
453 2286 497 2318 et
517 2278 750 2329 refugium
770 2284 997 2317 nostrum.
1029 2276 1251 2316 Nostrum
1276 2282 1346 2316 est
1368 2283 1416 2316 ut
1444 2283 1657 2315 tueamur
1678 2275 1759 2314 hu-

141 2349 398 2400 militatem,
421 2361 448 2389 a
469 2349 600 2389 cuius
622 2349 790 2389 castris
807 2348 980 2388 nemini
996 2354 1206 2388 nostrum
1224 2347 1463 2387 discedere
1480 2347 1600 2397 licet,
1621 2346 1760 2397 potis-

141 2419 309 2460 simum
341 2419 588 2470 sacerdoti,
626 2420 672 2459 in
699 2431 835 2472 quem
864 2432 920 2458 ex
952 2417 1162 2470 professo
1191 2430 1352 2458 omnes
1379 2420 1540 2458 oculos
1569 2412 1761 2458 conuer-

138 2496 259 2531 tant:
282 2490 404 2531 vnde
426 2491 653 2531 oculatior
680 2491 739 2531 sit
766 2497 968 2542 oportet,
999 2502 1056 2529 ne
1084 2489 1193 2540 quid
1225 2500 1306 2539 per
1332 2489 1561 2529 incuriam
1591 2495 1671 2529 aut
1701 2501 1758 2528 ex

140 2562 398 2613 composito
423 2562 654 2610 admittat,
692 2562 815 2613 quod
842 2562 1017 2601 minuat
1054 2572 1245 2600 usuram
1273 2560 1461 2600 Domini
1496 2571 1554 2599 ex
1584 2560 1762 2600 talento

139 2633 280 2673 credo
302 2631 316 2651 ⁵
337 2639 646 2684 expectatam.

218 2703 425 2744 Parisiis.

191 2840 200 2859 ¹
241 2840 489 2875 Apographum
504 2839 733 2873 fragmentum
750 2840 781 2866 in
794 2839 873 2866 folio
889 2847 919 2865 n.
934 2840 968 2865 37
987 2846 1030 2872 ν.;
1046 2843 1096 2866 est
1113 2844 1145 2865 et
1162 2839 1254 2866 aliud
1270 2839 1347 2866 huic
1363 2837 1471 2866 simile
1488 2837 1616 2865 infolio
1630 2844 1662 2865 n.
1676 2833 1759 2864 40.-’

138 2889 330 2916 Decernerc
352 2894 416 2914 non
436 2888 597 2915 audemus
618 2887 669 2914 cui
693 2888 757 2915 hae
780 2888 915 2914 litterae
932 2886 1114 2919 inscriptae
1133 2886 1210 2920 sint,
1234 2886 1376 2919 scilicet,
1393 2886 1519 2913 Sancto
1540 2885 1688 2919 Ignatio,
1706 2891 1764 2911 an-

138 2943 220 2962 vero
236 2935 331 2962 Patri
346 2935 473 2968 Jacobo
489 2934 636 2970 Laynez,
654 2935 836 2962 societatis
850 2933 1001 2965 vicario,
1020 2933 1098 2968 quia
1113 2934 1258 2960 nondum
1280 2937 1374 2960 certo
1392 2933 1518 2960 scimus
1532 2932 1666 2967 quando
1686 2936 1763 2959 tan-

135 2983 212 3010 dem
226 2983 320 3010 illum
333 2984 456 3010 obiisse
471 2988 503 3010 et
519 2983 606 3010 hunc
621 2984 654 3010 in
669 2982 847 3010 Vicarium
861 2983 1005 3009 electum
1020 2989 1146 3009 novere
1161 2981 1250 3009 Socii
1262 2981 1479 3016 parisienses.

190 3029 206 3050 ²
232 3030 279 3058 Ῥ.
295 3030 499 3058 Paschasius
514 3030 629 3058 Broe't.
909 3031 912 3035 ’
958 3032 971 3039 ’”

191 3077 205 3097 ³
243 3078 297 3105 Sic
312 3078 489 3112 perspicue
504 3079 536 3106 in
551 3082 694 3112 utroque
709 3077 920 3111 apographo;
932 3077 1041 3104 eritne
1056 3076 1209 3104 credito?
