2020 3342
846 232 930 269 AN.
961 233 1051 271 1556
1713 237 1760 273 97

213 328 342 370 Solet
363 329 504 369 etiarn
524 329 791 381 frequenter
814 327 863 368 P.
886 329 1092 381 Joannes
1115 329 1284 370 Paulus
1306 331 1580 371 concionem
1601 332 1660 372 ad
1682 345 1756 383 po-

133 402 294 452 pulum
315 400 487 440 habere
506 400 552 440 in
574 400 772 440 ecclesia
794 400 976 451 maiori,
1000 400 1080 440 vbi
1100 406 1145 440 et
1166 413 1193 441 a
1214 401 1396 442 vicario
1418 408 1463 441 et
1493 403 1676 442 clericis
1697 403 1755 443 ef-

135 471 387 522 flagitatur,
411 476 456 510 et
477 482 504 510 a
525 470 705 510 ciuibus
733 470 929 510 libenter
956 471 1157 511 auditur.
1187 471 1305 512 Cum
1335 478 1491 512 autem
1519 473 1757 514 videretur

133 541 502 594 quamplurimos
523 553 640 591 esse,
664 541 742 593 qui
764 547 859 581 tam
880 541 923 581 in
947 553 1033 592 neg
1043 542 1147 582 otiis
1168 543 1401 593 gerendis,
1424 555 1564 595 quam
1586 544 1632 584 in
1653 556 1755 584 one-

135 612 264 653 ribus
285 612 542 664 portandis,
564 611 612 651 in
633 612 734 662 ipso
764 612 908 652 maris
936 612 1072 652 litore
1106 614 1344 664 occupati,
1367 626 1476 654 raro
1503 615 1756 655 eclesiasti-

133 694 214 723 cas
236 683 488 724 conciones
515 681 718 733 adirent,
752 684 864 723 vtile
892 683 1044 722 visum
1073 689 1142 723 est
1168 690 1219 723 vt
1245 684 1416 724 ibidem
1444 686 1641 726 verbum
1668 686 1757 726 Dei

130 755 220 795 illis
240 759 595 806 proponeretur;
618 759 662 793 et
683 753 760 801 ita,
786 753 886 793 Deo
909 753 1110 804 fauente,
1135 755 1276 806 aliqui
1305 756 1419 795 moti
1440 762 1546 796 sunt
1567 762 1642 804 vt,
1666 757 1756 808 pri-

132 826 255 866 stina
281 830 475 876 peccata
510 824 903 875 derelinquentes,
943 825 1162 876 deinceps
1192 825 1293 865 Deo
1321 827 1499 866 seruire
1529 839 1758 878 propone-

129 902 246 945 rent,
271 896 415 947 ipsius
436 895 805 935 misericordiam
827 895 1122 946 confitentes,
1153 897 1284 936 cuius
1312 898 1455 937 verba
1484 910 1577 937 non
1606 899 1756 938 solum

130 967 176 1007 in
198 966 422 1015 ecclesiis,
446 966 528 1006 sed
549 965 687 1005 etiam
710 966 756 1005 in
780 965 869 1005 viis
890 966 1102 1016 publicis,
1126 978 1185 1006 ex
1206 978 1285 1007 ore
1308 966 1500 1008 Patrum
1522 969 1753 1019 audirent,

130 1038 274 1078 veluti
304 1043 494 1088 repente
522 1048 549 1076 a
577 1048 740 1077 somno
776 1037 1070 1088 negotiorum
1105 1037 1162 1077 ab
1190 1038 1255 1077 eis
1288 1038 1492 1078 excitati:
1525 1039 1604 1079 vbi
1634 1051 1753 1086 cum,

129 1109 249 1148 inter
267 1106 654 1158 concionandum,
674 1107 918 1159 aliquoties
936 1108 1263 1148 exhortaretur
1280 1120 1440 1149 omnes
1456 1118 1507 1150 vt
1524 1110 1756 1150 rosarium

132 1179 363 1219 Dominae
384 1184 572 1218 nostrae
594 1178 798 1230 quotidie
820 1179 1088 1227 recitarent,
1113 1184 1157 1218 et
1176 1180 1308 1219 multi
1330 1180 1374 1220 id
1396 1187 1751 1232 exequerentur,

132 1250 214 1290 fuit
237 1250 378 1289 homo
400 1249 587 1300 quidam
608 1251 728 1289 inter
749 1261 828 1288 eos
850 1249 941 1300 qui,
965 1257 1130 1300 sponte
1152 1250 1440 1301 discurrens,
1463 1252 1509 1291 in
1540 1252 1754 1291 noctibus

130 1321 224 1360 alta
251 1314 369 1360 voce
397 1320 649 1369 clamabat,
676 1327 724 1359 vt
745 1331 905 1359 omnes
933 1321 1100 1360 rosarii
1128 1320 1291 1361 Matris
1321 1321 1409 1361 Dei
1437 1334 1666 1362 memores
1687 1334 1753 1362 es-

129 1397 252 1441 sent,
283 1397 326 1431 et
357 1401 654 1442 congregans
689 1393 858 1430 multos
886 1392 1032 1431 cidem
1065 1392 1300 1432 deuotioni
1328 1392 1542 1442 affectos,
1573 1393 1753 1433 confra-

128 1462 395 1502 ternitatem
416 1462 539 1513 apud
560 1462 805 1502 ecclesiam
827 1468 1036 1502 nostram
1057 1463 1297 1503 instituere
1326 1465 1584 1504 conabatur
1614 1471 1752 1516 atque

126 1533 327 1584 petebat.

206 1604 582 1656 Frequentantur
610 1605 750 1644 etiarn
776 1605 913 1645 solita
944 1606 1168 1646 exercitia
1201 1608 1247 1646 in
1278 1607 1567 1646 infirmorum
1594 1607 1750 1647 visita-

127 1676 255 1715 tione
275 1708 283 1726 ,
320 1677 380 1715 ad
414 1687 610 1727 quorum
647 1677 1016 1717 consolationem
1050 1684 1094 1717 et
1134 1678 1474 1718 confessionem
1507 1689 1750 1718 vocamur:

127 1746 253 1786 domi
274 1752 429 1786 autem
449 1746 495 1786 in
518 1746 863 1787 confessionum
885 1748 1120 1788 audientia
1150 1755 1193 1789 et
1221 1755 1412 1789 sanctae
1440 1748 1752 1789 eucharistiae

104 1871 110 1873 ῃ
129 1817 484 1857 ministratione.
509 1817 680 1857 Valida
702 1824 857 1858 autem
877 1819 999 1858 fame
1021 1825 1065 1858 et
1088 1825 1297 1869 egestate
1319 1819 1391 1859 his
1417 1819 1579 1859 diebus
1608 1831 1751 1871 popu-

128 1888 223 1928 lum
244 1888 366 1927 hunc
388 1888 692 1939 opprimente,
714 1889 1033 1929 necessarium
1054 1889 1138 1929 fuit
1156 1890 1488 1941 temporalibus
1508 1890 1649 1930 etiam
1665 1891 1750 1930 ele-

126 1959 364 2010 emosynis
379 1959 654 2010 pusillorum
669 1959 955 2010 indigentiae
973 1960 1233 2011 prouidere,
1252 1973 1347 2000 non
1368 1962 1517 2001 solum
1533 1961 1749 2001 exhorta—

123 2030 327 2070 tionibus
348 2030 558 2081 publicis,
582 2031 663 2070 sed
684 2031 823 2070 etiam
844 2031 1041 2082 priuatis
1063 2032 1306 2083 colloquiis
1328 2031 1387 2072 ad
1413 2032 1752 2072 illustrissimos

123 2099 282 2140 Duces
303 2106 347 2140 et
368 2100 573 2141 Comites
594 2101 723 2151 istos,
748 2113 946 2152 quorum
967 2102 1152 2142 deuotio
1175 2110 1219 2142 et
1250 2103 1432 2143 affectio
1460 2114 1573 2154 erga
1599 2103 1749 2144 Socie-

123 2176 270 2210 tatem
289 2177 500 2211 nostram
520 2171 656 2211 facile
679 2172 951 2223 ostenditur,
972 2185 1025 2212 eo
1044 2174 1166 2224 quod
1184 2179 1228 2213 et
1243 2174 1510 2223 frequenter
1531 2186 1557 2213 a
1579 2175 1751 2214 nostris

122 2241 336 2292 visitari,
374 2248 418 2281 et
453 2242 610 2282 verbis
644 2242 751 2294 Xpi.
790 2243 1029 2283 exhortari
1057 2245 1349 2284 familiariter
1380 2245 1674 2293 desiderant,
1707 2251 1751 2285 et

124 2313 427 2353 consolantur
448 2319 586 2364 atque
608 2313 836 2354 instanter
858 2315 1110 2366 postulant,
1135 2322 1179 2355 et
1200 2315 1239 2355 si
1260 2316 1306 2355 in
1326 2316 1624 2356 tribulatione
1641 2317 1748 2365 sint,

124 2382 182 2423 ad
204 2389 393 2423 nostros
415 2383 704 2434 confugiunt.
724 2384 860 2425 Vnde
882 2396 988 2425 cum
1010 2386 1055 2425 in
1072 2387 1371 2437 primogeniti
1388 2386 1467 2426 filii
1484 2387 1677 2427 Comitis
1695 2388 1750 2427 de

124 2453 287 2494 Niebla
311 2453 336 2503 ¹,
360 2453 637 2494 breuissima
660 2456 942 2506 valetudine,
965 2464 1105 2508 atque
1127 2457 1424 2497 velocissima
1446 2464 1489 2497 et
1510 2458 1750 2509 inopinata

125 2531 288 2574 morte,
310 2525 648 2565 abundantiore
665 2527 853 2566 tristitia
870 2528 1013 2567 veluti
1027 2528 1400 2578 absorberentur,
1416 2530 1592 2568 nullum
1608 2530 1750 2569 alium

123 2607 263 2646 quarn
284 2595 471 2636 Patrem
489 2596 719 2649 Joannem
740 2597 934 2638 Paulum
956 2599 1232 2647 habuerunt,
1252 2600 1331 2650 qui
1347 2606 1443 2639 tarn
1458 2600 1751 2640 familiariter

122 2678 201 2705 eos
223 2666 563 2717 consolaretur,
588 2673 684 2707 tam
711 2668 758 2707 in
791 2669 1051 2709 assistendo
1082 2670 1170 2720 ipsi
1198 2670 1425 2710 morituro
1454 2677 1499 2710 et
1526 2671 1626 2710 eius
1656 2670 1749 2709 ani-

120 2748 246 2776 mam
265 2736 368 2776 Deo
391 2737 777 2788 commendando,
802 2750 942 2789 quam
968 2740 1014 2779 in
1040 2740 1257 2780 viuorum
1284 2741 1569 2781 moestitiam
1601 2741 1748 2780 suble-

119 2807 294 2848 uando:
316 2813 360 2847 et
383 2819 488 2847 cum
510 2808 555 2847 in
578 2809 804 2849 coenobio
825 2809 1023 2850 fratrum
1044 2811 1386 2851 dominicorum
1412 2812 1659 2852 defunctus
1682 2823 1750 2851 se-

121 2878 359 2929 peliretur,
384 2887 428 2918 et
449 2880 683 2931 exequiae
705 2881 762 2921 ab
780 2881 1000 2921 vniuerso
1018 2882 1187 2933 populo
1206 2883 1566 2933 celebrarentur,
1587 2883 1748 2923 habuit

175 3037 186 3056 ¹
225 3036 372 3070 Joannes
390 3036 511 3065 Claros
527 3038 566 3065 de
583 3038 744 3073 Guzman,
763 3039 850 3067 filius
868 3039 971 3067 Ducis
987 3040 1026 3067 de
1042 3040 1173 3068 Medma
1190 3040 1328 3068 Sidonia
1344 3047 1377 3068 et
1394 3041 1536 3069 Comitis
1551 3043 1590 3069 dc
1609 3043 1740 3070 Niebla.

335 3093 388 3129 T.
411 3107 462 3132 iv.
1542 3110 1563 3144 7
