2020 3342
843 224 924 262 ΑΝ.
958 225 1048 262 1550
1515 265 1517 268 ,
1683 227 1756 266 335

213 318 426 372 Plerique
453 320 623 362 ciuium
650 321 840 362 ueniunt
872 321 929 362 ad
956 333 1041 362 nos
1072 321 1320 363 offerentes
1352 333 1463 362 suos
1491 334 1686 374 pueros,
1712 330 1760 364 ut

136 401 217 431 eos
234 390 507 442 doceamus,
530 392 719 444 quibuS,
742 398 791 433 ut
812 404 1079 444 possumus,
1102 393 1294 433 honeste
1316 393 1657 442 satisfacimus,
1682 394 1758 434 do-

135 473 222 502 nec
241 467 422 514 tempus
444 463 801 504 determinatum
818 463 1073 514 aduenerit‚
1093 475 1184 516 quo
1206 474 1366 504 omnes
1382 464 1579 504 libenter
1596 464 1760 505 admit-

138 538 302 573 temus
331 531 586 574 Statuimus
612 539 767 574 tamen
795 534 1013 586 deinceps
1040 545 1201 574 omnes
1232 534 1504 585 admittere,
1534 541 1759 587 quotquot

137 603 345 654 uenient,
381 610 431 644 ut
462 612 735 645 assuescant
762 605 975 655 magistri
1001 617 1162 646 eorum
1191 605 1410 656 ingeniis,
1442 612 1486 645 et
1517 606 1652 646 modo
1681 617 1760 646 eos

138 673 358 725 docendi,
398 686 581 715 necnon
619 675 735 715 alios
773 676 927 726 gratia
962 675 1212 717 excitandi.
1250 675 1429 716 Verum
1463 676 1648 716 Boemis
1679 677 1760 717 vix

134 751 352 796 poterunt
374 746 659 786 satisfacere.

213 815 357 856 Multa
378 816 532 857 adhuc
553 818 800 858 scribenda
822 818 985 858 forent.
1010 817 1182 858 Vestra
1198 818 1308 858 R.tia
1323 818 1436 858 mihi
1453 825 1616 869 parcat
1636 819 1758 870 quod

132 892 229 927 tam
249 887 460 938 prolixus
480 888 661 928 fuerim:
683 889 799 929 alias
821 889 1117 940 paucioribus
1135 889 1465 941 perstringam,
1485 900 1604 940 quae
1621 897 1757 930 erunt
1808 923 1812 927 ,

132 957 353 1009 deinceps
374 958 636 999 scribenda.

208 1027 467 1079 Quemdam
484 1028 704 1080 juuenem
726 1030 963 1082 habemus,
987 1032 1196 1082 linguam
1218 1032 1409 1071 latinam
1431 1037 1474 1071 et
1495 1031 1753 1071 boemicam

129 1100 542 1152 germanicamque
562 1102 840 1152 loquentem,
874 1102 951 1153 qui
981 1101 1165 1142 Patrem
1189 1102 1426 1143 Canisium
1453 1103 1701 1142 comitatur
1731 1103 1757 1152 ²,

128 1169 553 1223 interpretaturque
589 1172 773 1223 quando
805 1181 873 1213 est
901 1172 1181 1224 loquendum
1207 1173 1341 1213 nobis
1368 1185 1473 1213 cum
1505 1173 1756 1213 saeculari-

131 1240 232 1292 bus,
267 1241 495 1294 docetque
521 1254 608 1282 nos
637 1243 845 1284 boe‘mice
879 1244 1035 1295 legere
1069 1243 1264 1295 singulis
1299 1244 1462 1284 diebus
1497 1256 1580 1295 per
1615 1244 1758 1284 horae

129 1312 265 1352 unius
305 1313 528 1365 spatium,
569 1314 771 1354 mediam
809 1315 974 1355 horam
1012 1322 1119 1367 post
1157 1315 1426 1366 prandium,
1468 1314 1756 1355 tantumdem

130 1394 245 1423 uero
272 1391 376 1435 post
404 1396 613 1435 coenam,
640 1391 835 1437 excepto
857 1385 1049 1426 doctore
1072 1386 1276 1426 Henrico
1298 1385 1326 1437 ⁶²,
1351 1387 1428 1438 qui
1449 1386 1636 1438 linguae
1657 1398 1760 1437 ger—

128 1454 340 1495 manicae
361 1467 553 1507 operam
574 1456 653 1496 dat
673 1456 750 1497 illo
771 1462 994 1509 tempore,
1025 1463 1075 1497 ut
1100 1458 1247 1509 possit
1268 1457 1570 1498 concionibus
1599 1469 1759 1498 coram

128 1524 396 1567 Archiduce
432 1533 477 1567 et
510 1528 682 1579 populo
716 1528 1012 1578 satisfacere,
1051 1529 1173 1580 quod
1207 1529 1337 1569 breui
1370 1528 1468 1569 fieri
1508 1529 1756 1580 oportebit.

127 1594 247 1637 Nam
282 1597 321 1637 si
354 1598 646 1650 contingeret
678 1598 727 1639 P.
766 1599 1005 1639 Canisium
1040 1599 1149 1640 hinc
1183 1600 1402 1651 migrare,
1440 1612 1533 1640 non
1568 1599 1758 1640 dubium

128 1668 239 1719 quin
259 1669 416 1709 statim
436 1668 684 1710 Archidux
707 1669 765 1709 ad
788 1681 870 1710 nos
893 1670 1045 1710 mittat
1067 1682 1152 1722 pro
1175 1671 1524 1711 concionatore.
1556 1670 1759 1722 Singulis

127 1739 251 1780 enim
271 1739 433 1780 diebus
453 1739 634 1780 festiuis
655 1742 771 1780 solet
793 1740 892 1781 fieri
913 1753 1071 1781 coram
1102 1740 1195 1782 Sua
1226 1742 1513 1782 Excellentia
1543 1742 1707 1782 concio
1731 1754 1758 1782 a

127 1809 177 1850 Ρ.
208 1810 410 1852 Canisio:
440 1822 526 1851 nec
554 1817 624 1851 est
654 1812 772 1851 alius
798 1811 980 1863 Pragae
1009 1813 1126 1852 inter
1157 1813 1434 1862 catholicos,
1473 1813 1550 1864 qui
1586 1813 1632 1853 in
1669 1813 1757 1853 hoc

127 1893 319 1922 munere
341 1888 527 1933 praeter
548 1882 699 1934 ipsum
721 1882 980 1923 satisfaciat
1002 1882 1219 1935 Principi.
1249 1883 1388 1924 Faxit
1419 1883 1547 1924 Deus
1575 1891 1622 1924 ut
1652 1895 1756 1935 gra-

127 1953 240 1993 tiam
261 1952 318 1993 D.
342 1953 575 1994 Henricus
596 1954 819 2004 inueniat,
843 1960 887 1994 et
909 1966 1069 1994 coram
1098 1953 1311 2006 Principe
1342 1962 1385 1995 et
1412 1956 1601 2006 populo,
1632 1956 1755 2007 quod

128 2030 285 2064 tamen
311 2035 571 2076 speramus,
600 2025 787 2065 fauente
816 2026 971 2076 gratia
999 2024 1101 2075 Dei,
1132 2032 1177 2065 et
1212 2026 1412 2066 Vestrae
1433 2025 1561 2066 Reae
1584 2027 1758 2066 sanctis

125 2094 368 2135 sacrificiis
388 2101 433 2135 et
454 2095 670 2147 precibus
691 2095 884 2136 feruidis
905 2096 1232 2147 mediantibus,
1251 2097 1550 2148 omniumque
1567 2097 1757 2137 Parrum

124 2171 168 2206 et
188 2165 385 2206 fratrum
406 2165 656 2206 Societatis
678 2165 706 2206 ⁵.
733 2166 1127 2207 Concionatorem
1147 2167 1416 2208 Boemicum
1438 2168 1757 2208 desideramus

123 2236 252 2277 iuxta
273 2237 645 2288 expectationem
665 2237 838 2289 populi,
862 2238 938 2290 qui
955 2249 1047 2278 non
1065 2238 1163 2278 sine
1180 2238 1385 2278 maximo
1403 2238 1557 2279 fructu
1574 2239 1754 2279 labora-

124 2307 205 2348 bit.
243 2307 368 2348 Istud
403 2307 660 2360 Collegium
693 2308 878 2350 uidetur
909 2309 1022 2349 mihi
1051 2308 1150 2349 fore
1176 2309 1692 2360 magnificentissimum
1723 2309 1751 2350 ⁴.

124 2377 162 2418 F
164 2385 302 2419 aueat
322 2377 550 2419 Dominus
571 2379 699 2420 Deus
719 2381 896 2431 coeptis
917 2380 1004 2420 his.

209 2448 425 2502 Oramus,
448 2449 503 2490 R.
527 2450 679 2502 Pater,
703 2463 777 2500 ne,
802 2462 993 2503 quaeso,
1016 2452 1108 2491 tuis
1128 2452 1304 2492 sanctis
1325 2452 1569 2493 sacrificiis
1590 2459 1634 2493 et
1655 2464 1753 2493 ora-

124 2520 326 2561 tionibus
346 2532 430 2561 nos
451 2520 674 2573 adjuuare
694 2521 896 2563 desinas:
920 2533 1214 2574 summopere
1235 2523 1358 2563 enim
1378 2524 1466 2564 illis
1484 2535 1600 2574 opus
1618 2524 1754 2564 nobis

178 2704 187 2725 ⁸
227 2704 314 2732 Vide
330 2705 480 2732 ΡοιΑΝοι
498 2704 702 2737 Clzronicon,
717 2711 741 2733 t.
762 2715 795 2740 v,
810 2714 888 2741 pag.
903 2706 965 2740 227,
984 2715 1013 2734 n.
1029 2707 1081 2734 654
1095 2715 1215 2734 versus
1233 2707 1340 2739 finem,
1359 2712 1392 2735 et
1407 2716 1484 2742 pag.
1500 2708 1562 2743 238,
1578 2716 1609 2736 n.
1623 2708 1690 2736 686.

178 2752 191 2771 Ι
231 2752 268 2780 Ρ.
287 2751 434 2780 Henrico
449 2752 646 2788 Blyssemio,
661 2754 700 2780 de
718 2762 782 2789 quo
796 2762 913 2787 supra,
929 2755 983 2788 qui
1006 2762 1072 2782 una
1089 2762 1163 2782 cum
1186 2755 1313 2788 Joanne
1336 2756 1425 2783 Tilia
1448 2756 1544 2784 “ante
1567 2756 1753 2784 discessum

123 2808 164 2827 ex
178 2798 268 2827 Urbe
285 2807 304 2827 a
318 2799 464 2827 Martino
477 2799 608 2833 Olavio.
622 2808 664 2828 ex
674 2801 803 2829 indulto
817 2802 1007 2836 Pontificio,
1025 2802 1057 2829 in
1073 2801 1224 2837 Collegio
1240 2803 1393 2830 Romano
1414 2804 1512 2838 primi
1529 2803 1587 2832 SS.
1610 2804 1752 2832 Theolo-

123 2847 200 2882 giae
214 2847 380 2875 Doctores
394 2847 534 2882 creati.„
550 2847 710 2883 Semnoi,
726 2849 747 2876 1.
764 2856 800 2884 c.‚
816 2858 847 2876 n.
862 2850 906 2884 27;
924 2849 1123 2884 ΟκιΑΝῡῙΝΙ,
1139 2851 1160 2877 1.
1176 2857 1192 2877 c
1208 2871 1214 2883 ,
1229 2851 1286 2878 lib.
1302 2858 1371 2885 Χνι,
1388 2859 1418 2879 n.
1435 2852 1461 2882 2.

175 2895 189 2916 ³
224 2894 360 2923 Invenit
374 2895 462 2923 hanc
476 2896 628 2930 gratiam
641 2895 860 2932 Blyssemius;
877 2905 955 2925 nam
969 2897 1223 2925 “Ferdinandus
1237 2898 1440 2932 (Archidux)
1458 2905 1551 2926 certe
1565 2908 1638 2927 eum
1655 2901 1718 2928 sibi
1731 2909 1750 2928 a

123 2943 231 2971 sacris
242 2943 458 2971 concionibus
470 2950 543 2971 esse
555 2943 672 2977 voluit,
687 2947 720 2971 et
732 2944 890 2980 deinceps
902 2945 1113 2979 septennium
1126 2949 1159 2973 et
1170 2946 1316 2980 amplius
1328 2954 1403 2974 eum
1416 2947 1575 2982 audivit„
1586 2947 1748 2983 Scmnnn,

123 2990 146 3020 1.
161 2998 202 3026 c.,
216 2998 248 3019 n.
262 2990 306 3019 28.

177 3038 193 3059 ⁴
230 3038 300 3067 Nec
314 3039 387 3074 ejus
402 3038 584 3068 Rectorem
598 3041 742 3075 primum
760 3043 881 3071 fefellit
896 3051 984 3078 spes,
1001 3048 1035 3071 ut
1051 3044 1124 3072 orbi
1139 3048 1269 3072 notum.
