<?xml version="1.0" encoding="UTF-8"?>
<!DOCTYPE html PUBLIC "-//W3C//DTD XHTML 1.0 Transitional//EN"
    "http://www.w3.org/TR/xhtml1/DTD/xhtml1-transitional.dtd">
<html xmlns="http://www.w3.org/1999/xhtml" xml:lang="en" lang="en">
 <head>
  <title>
</title>
<meta http-equiv="Content-Type" content="text/html;charset=utf-8" />
  <meta name='ocr-system' content='tesseract 3.04.00' />
  <meta name='ocr-capabilities' content='ocr_page ocr_carea ocr_par ocr_line ocrx_word'/>
</head>
<body>
  <div class='ocr_page' id='page_1' title='image "./litteraequadrime16lain_0254.png"; bbox 0 0 2020 3342; ppageno 0'>
   <div class='ocr_carea' id='block_1_1' title="bbox 231 251 1347 296">
    <p class='ocr_par' dir='ltr' id='par_1_1' title="bbox 231 251 1347 296">
     <span class='ocr_line' id='line_1_1' title="bbox 231 251 1347 296; baseline 0.001 -7"><span class='ocrx_word' id='word_1_1' title='bbox 231 251 301 289; x_wconf 73' lang='grc'>’248</span> <span class='ocrx_word' id='word_1_2' title='bbox 737 252 962 291; x_wconf 72' lang='lat' dir='ltr'>LlrrfiRAE</span> <span class='ocrx_word' id='word_1_3' title='bbox 989 263 1293 296; x_wconf 79' lang='lat' dir='ltr'><strong>QUADRIMESTR</strong></span> <span class='ocrx_word' id='word_1_4' title='bbox 1300 263 1347 290; x_wconf 63' lang='lat' dir='ltr'>ns</span> 
     </span>
    </p>
   </div>
   <div class='ocr_carea' id='block_1_2' title="bbox 230 347 1850 896">
    <p class='ocr_par' dir='ltr' id='par_1_2' title="bbox 230 347 1850 612">
     <span class='ocr_line' id='line_1_2' title="bbox 230 347 1850 400; baseline 0.002 -12"><span class='ocrx_word' id='word_1_5' title='bbox 230 348 423 399; x_wconf 73' lang='lat' dir='ltr'>collegii</span> <span class='ocrx_word' id='word_1_6' title='bbox 439 347 579 389; x_wconf 64' lang='lat' dir='ltr'>lutcus</span> <span class='ocrx_word' id='word_1_7' title='bbox 596 350 899 400; x_wconf 73' lang='lat' dir='ltr'><em>postulamus</em></span> <span class='ocrx_word' id='word_1_8' title='bbox 918 349 1036 389; x_wconf 72' lang='lat' dir='ltr'>uelis</span> <span class='ocrx_word' id='word_1_9' title='bbox 1057 361 1156 389; x_wconf 76' lang='lat' dir='ltr'>esse</span> <span class='ocrx_word' id='word_1_10' title='bbox 1178 361 1352 389; x_wconf 69' lang='lat' dir='ltr'>memor</span> <span class='ocrx_word' id='word_1_11' title='bbox 1375 350 1534 390; x_wconf 74' lang='lat' dir='ltr'>nostri</span> <span class='ocrx_word' id='word_1_12' title='bbox 1549 350 1597 389; x_wconf 72' lang='lat' dir='ltr'>in</span> <span class='ocrx_word' id='word_1_13' title='bbox 1620 351 1850 391; x_wconf 55' lang='lat' dir='ltr'>oratiom-</span> 
     </span>
     <span class='ocr_line' id='line_1_3' title="bbox 232 420 1849 479; baseline 0.001 -20"><span class='ocrx_word' id='word_1_14' title='bbox 232 420 315 460; x_wconf 79' lang='lat' dir='ltr'>bns</span> <span class='ocrx_word' id='word_1_15' title='bbox 335 431 389 459; x_wconf 79' lang='lat' dir='ltr'>ac</span> <span class='ocrx_word' id='word_1_16' title='bbox 408 420 657 471; x_wconf 59' lang='lat' dir='ltr'>sacrificale</span> <span class='ocrx_word' id='word_1_17' title='bbox 678 421 790 471; x_wconf 69' lang='lat' dir='ltr'>tals,</span> <span class='ocrx_word' id='word_1_18' title='bbox 813 420 939 460; x_wconf 72' lang='lat' dir='ltr'>uelut</span> <span class='ocrx_word' id='word_1_19' title='bbox 962 432 1062 460; x_wconf 81' lang='lat' dir='ltr'>esse</span> <span class='ocrx_word' id='word_1_20' title='bbox 1090 420 1324 460; x_wconf 67' lang='lat' dir='ltr'>credimus</span> <span class='ocrx_word' id='word_1_21' title='bbox 1353 431 1406 460; x_wconf 83' lang='lat' dir='ltr'>ac</span> <span class='ocrx_word' id='word_1_22' title='bbox 1427 422 1659 479; x_wconf 61' lang='lat' dir='ltr'>faturum</span> <span class='ocrx_word' id='word_1_23' title='bbox 1687 426 1849 472; x_wconf 78' lang='lat' dir='ltr'>spera-</span> 
     </span>
     <span class='ocr_line' id='line_1_4' title="bbox 232 490 1849 544; baseline 0.001 -14"><span class='ocrx_word' id='word_1_24' title='bbox 232 503 350 530; x_wconf 77' lang='lat' dir='ltr'>mns.</span> <span class='ocrx_word' id='word_1_25' title='bbox 379 490 668 531; x_wconf 83' lang='lat' dir='ltr'>Postulantes</span> <span class='ocrx_word' id='word_1_26' title='bbox 690 503 783 531; x_wconf 77' lang='lat' dir='ltr'>vna</span> <span class='ocrx_word' id='word_1_27' title='bbox 805 502 907 531; x_wconf 77' lang='lat' dir='ltr'>cum</span> <span class='ocrx_word' id='word_1_28' title='bbox 929 491 1012 530; x_wconf 76' lang='lat' dir='ltr'>leoc</span> <span class='ocrx_word' id='word_1_29' title='bbox 1039 498 1251 531; x_wconf 76' lang='lat' dir='ltr'>sanctam</span> <span class='ocrx_word' id='word_1_30' title='bbox 1283 498 1407 531; x_wconf 83' lang='lat' dir='ltr'>tuam</span> <span class='ocrx_word' id='word_1_31' title='bbox 1438 500 1773 544; x_wconf 71' lang='lat' dir='ltr'>paternamque</span> <span class='ocrx_word' id='word_1_32' title='bbox 1803 492 1849 532; x_wconf 92' lang='lat' dir='ltr'>in</span> 
     </span>
     <span class='ocr_line' id='line_1_5' title="bbox 233 561 1601 612; baseline -0.002 -10"><span class='ocrx_word' id='word_1_33' title='bbox 233 561 416 602; x_wconf 89' lang='lat' dir='ltr'>Christo</span> <span class='ocrx_word' id='word_1_34' title='bbox 438 561 820 602; x_wconf 77' lang='lat' dir='ltr'>benedictionem.</span> <span class='ocrx_word' id='word_1_35' title='bbox 842 562 975 612; x_wconf 85' lang='lat' dir='ltr'>Vale,</span> <span class='ocrx_word' id='word_1_36' title='bbox 1000 561 1136 601; x_wconf 84' lang='lat' dir='ltr'>Pater</span> <span class='ocrx_word' id='word_1_37' title='bbox 1160 561 1601 602; x_wconf 87' lang='lat' dir='ltr'>obseruandissime.</span> 
     </span>
    </p>

    <p class='ocr_par' dir='ltr' id='par_1_3' title="bbox 312 632 1074 684">
     <span class='ocr_line' id='line_1_6' title="bbox 312 632 1074 684; baseline -0.004 -11"><span class='ocrx_word' id='word_1_38' title='bbox 312 633 556 684; x_wconf 88' lang='lat' dir='ltr'>Compluti,</span> <span class='ocrx_word' id='word_1_39' title='bbox 579 632 803 673; x_wconf 73' lang='lat' dir='ltr'>Kalendis</span> <span class='ocrx_word' id='word_1_40' title='bbox 826 633 933 672; x_wconf 84' lang='lat' dir='ltr'>Maii</span> <span class='ocrx_word' id='word_1_41' title='bbox 961 632 1074 672; x_wconf 76' lang='lat'>1556.</span> 
     </span>
    </p>

    <p class='ocr_par' dir='ltr' id='par_1_4' title="bbox 314 702 644 744">
     <span class='ocr_line' id='line_1_7' title="bbox 314 702 644 744; baseline 0.003 -15"><span class='ocrx_word' id='word_1_42' title='bbox 314 702 435 743; x_wconf 32' lang='lat' dir='ltr'>thae</span> <span class='ocrx_word' id='word_1_43' title='bbox 465 702 564 743; x_wconf 47' lang='lat' dir='ltr'>Pstis</span> <span class='ocrx_word' id='word_1_44' title='bbox 593 703 644 744; x_wconf 44' lang='lat' dir='ltr'>&#39;s’</span> 
     </span>
    </p>

    <p class='ocr_par' dir='ltr' id='par_1_5' title="bbox 232 774 1848 896">
     <span class='ocr_line' id='line_1_8' title="bbox 312 774 1848 826; baseline 0.001 -12"><span class='ocrx_word' id='word_1_45' title='bbox 312 774 485 814; x_wconf 87' lang='lat' dir='ltr'>Seruus</span> <span class='ocrx_word' id='word_1_46' title='bbox 513 774 731 815; x_wconf 88' lang='lat' dir='ltr'>minimus</span> <span class='ocrx_word' id='word_1_47' title='bbox 760 787 814 814; x_wconf 86' lang='lat' dir='ltr'>ac</span> <span class='ocrx_word' id='word_1_48' title='bbox 845 775 1196 826; x_wconf 87' lang='lat' dir='ltr'>indignissimus</span> <span class='ocrx_word' id='word_1_49' title='bbox 1224 776 1271 816; x_wconf 90' lang='lat' dir='ltr'>in</span> <span class='ocrx_word' id='word_1_50' title='bbox 1299 775 1498 816; x_wconf 88' lang='lat' dir='ltr'>Christo.</span> <span class='ocrx_word' id='word_1_51' title='bbox 1529 776 1600 816; x_wconf 85' lang='lat' dir='ltr'>Ex</span> <span class='ocrx_word' id='word_1_52' title='bbox 1636 775 1848 816; x_wconf 84' lang='lat' dir='ltr'>commis-</span> 
     </span>
     <span class='ocr_line' id='line_1_9' title="bbox 232 845 777 896; baseline 0.002 -12"><span class='ocrx_word' id='word_1_53' title='bbox 232 845 361 885; x_wconf 86' lang='lat' dir='ltr'>sione</span> <span class='ocrx_word' id='word_1_54' title='bbox 383 845 536 885; x_wconf 89' lang='lat' dir='ltr'>Patris</span> <span class='ocrx_word' id='word_1_55' title='bbox 557 845 777 896; x_wconf 69' lang='lat' dir='ltr'>Camillo,</span> 
     </span>
    </p>
   </div>
   <div class='ocr_carea' id='block_1_3' title="bbox 1410 990 1637 1030">
    <p class='ocr_par' dir='ltr' id='par_1_6' title="bbox 1410 990 1637 1030">
     <span class='ocr_line' id='line_1_10' title="bbox 1410 990 1637 1030; baseline -0.009 -1"><span class='ocrx_word' id='word_1_56' title='bbox 1410 990 1637 1030; x_wconf 76' lang='lat' dir='ltr'><strong>RIPALDA.</strong></span> 
     </span>
    </p>
   </div>
   <div class='ocr_carea' id='block_1_4' title="bbox 264 1439 1814 1516">
    <p class='ocr_par' dir='ltr' id='par_1_7' title="bbox 264 1439 1814 1516">
     <span class='ocr_line' id='line_1_11' title="bbox 264 1439 1814 1476; baseline 0.001 -10"><span class='ocrx_word' id='word_1_57' title='bbox 264 1439 509 1467; x_wconf 71' lang='lat' dir='ltr'>praecedentes</span> <span class='ocrx_word' id='word_1_58' title='bbox 524 1439 642 1467; x_wconf 84' lang='lat' dir='ltr'>fratris</span> <span class='ocrx_word' id='word_1_59' title='bbox 658 1440 853 1476; x_wconf 81' lang='lat' dir='ltr'>Hieronymi</span> <span class='ocrx_word' id='word_1_60' title='bbox 871 1441 908 1467; x_wconf 86' lang='lat' dir='ltr'>de</span> <span class='ocrx_word' id='word_1_61' title='bbox 925 1440 1070 1475; x_wconf 82' lang='lat' dir='ltr'>Ripalda</span> <span class='ocrx_word' id='word_1_62' title='bbox 1085 1440 1211 1467; x_wconf 85' lang='lat' dir='ltr'>latinae</span> <span class='ocrx_word' id='word_1_63' title='bbox 1226 1440 1358 1466; x_wconf 76' lang='lat' dir='ltr'>litterae</span> <span class='ocrx_word' id='word_1_64' title='bbox 1376 1448 1394 1467; x_wconf 85' lang='lat' dir='ltr'>a</span> <span class='ocrx_word' id='word_1_65' title='bbox 1410 1440 1445 1467; x_wconf 89' lang='lat' dir='ltr'>P.</span> <span class='ocrx_word' id='word_1_66' title='bbox 1460 1441 1605 1469; x_wconf 81' lang='lat' dir='ltr'>Polanco</span> <span class='ocrx_word' id='word_1_67' title='bbox 1615 1440 1814 1468; x_wconf 82' lang='lat' dir='ltr'>decurtatae</span> 
     </span>
     <span class='ocr_line' id='line_1_12' title="bbox 898 1486 1181 1516; baseline 0.004 -1"><span class='ocrx_word' id='word_1_68' title='bbox 898 1493 929 1516; x_wconf 90' lang='lat' dir='ltr'>et</span> <span class='ocrx_word' id='word_1_69' title='bbox 946 1489 1143 1516; x_wconf 74' lang='lat' dir='ltr'>emendatae</span> <span class='ocrx_word' id='word_1_70' title='bbox 1159 1486 1181 1516; x_wconf 83' lang='lat'>¹.</span> 
     </span>
    </p>
   </div>
   <div class='ocr_carea' id='block_1_5' title="bbox 1025 1632 1055 1684">
    <p class='ocr_par' dir='ltr' id='par_1_8' title="bbox 1025 1632 1055 1684">
     <span class='ocr_line' id='line_1_13' title="bbox 1025 1632 1055 1684; baseline 0 -30"><span class='ocrx_word' id='word_1_71' title='bbox 1025 1632 1055 1684; x_wconf 73' lang='lat'>†</span> 
     </span>
    </p>
   </div>
   <div class='ocr_carea' id='block_1_6' title="bbox 965 1687 1112 1740">
    <p class='ocr_par' dir='ltr' id='par_1_9' title="bbox 965 1687 1112 1740">
     <span class='ocr_line' id='line_1_14' title="bbox 965 1687 1112 1740; baseline 0 -14"><span class='ocrx_word' id='word_1_72' title='bbox 965 1687 1112 1740; x_wconf 85' lang='lat' dir='ltr'>Jesus.</span> 
     </span>
    </p>
   </div>
   <div class='ocr_carea' id='block_1_7' title="bbox 203 1846 1847 2965">
    <p class='ocr_par' dir='ltr' id='par_1_10' title="bbox 225 1846 1846 1971">
     <span class='ocr_line' id='line_1_15' title="bbox 305 1846 1846 1898; baseline 0 -11"><span class='ocrx_word' id='word_1_73' title='bbox 305 1846 404 1887; x_wconf 78' lang='lat' dir='ltr'>R.d0</span> <span class='ocrx_word' id='word_1_74' title='bbox 430 1847 475 1886; x_wconf 91' lang='lat' dir='ltr'>in</span> <span class='ocrx_word' id='word_1_75' title='bbox 503 1846 688 1887; x_wconf 88' lang='lat' dir='ltr'>Christo</span> <span class='ocrx_word' id='word_1_76' title='bbox 711 1846 837 1887; x_wconf 82' lang='lat' dir='ltr'>Patri</span> <span class='ocrx_word' id='word_1_77' title='bbox 862 1847 920 1887; x_wconf 83' lang='lat' dir='ltr'>M.</span> <span class='ocrx_word' id='word_1_78' title='bbox 946 1847 1126 1898; x_wconf 81' lang='lat' dir='ltr'>ignatio</span> <span class='ocrx_word' id='word_1_79' title='bbox 1155 1848 1210 1887; x_wconf 89' lang='lat' dir='ltr'>de</span> <span class='ocrx_word' id='word_1_80' title='bbox 1238 1848 1430 1898; x_wconf 85' lang='lat' dir='ltr'>Loyola,</span> <span class='ocrx_word' id='word_1_81' title='bbox 1460 1847 1730 1898; x_wconf 76' lang='lat' dir='ltr'>Praeposito</span> <span class='ocrx_word' id='word_1_82' title='bbox 1762 1847 1846 1887; x_wconf 88' lang='lat' dir='ltr'>Ge-</span> 
     </span>
     <span class='ocr_line' id='line_1_16' title="bbox 225 1916 1683 1971; baseline 0.001 -14"><span class='ocrx_word' id='word_1_83' title='bbox 225 1917 369 1957; x_wconf 86' lang='lat' dir='ltr'>nerali</span> <span class='ocrx_word' id='word_1_84' title='bbox 391 1916 637 1958; x_wconf 86' lang='lat' dir='ltr'>Societatis</span> <span class='ocrx_word' id='word_1_85' title='bbox 657 1918 783 1971; x_wconf 90' lang='lat' dir='ltr'>Jesu,</span> <span class='ocrx_word' id='word_1_86' title='bbox 808 1919 1005 1958; x_wconf 88' lang='lat' dir='ltr'>salutem</span> <span class='ocrx_word' id='word_1_87' title='bbox 1033 1925 1076 1958; x_wconf 91' lang='lat' dir='ltr'>et</span> <span class='ocrx_word' id='word_1_88' title='bbox 1104 1918 1376 1970; x_wconf 83' lang='lat' dir='ltr'>obsequium</span> <span class='ocrx_word' id='word_1_89' title='bbox 1398 1918 1444 1958; x_wconf 87' lang='lat' dir='ltr'>in</span> <span class='ocrx_word' id='word_1_90' title='bbox 1466 1918 1683 1959; x_wconf 88' lang='lat' dir='ltr'>Domino.</span> 
     </span>
    </p>

    <p class='ocr_par' dir='ltr' id='par_1_11' title="bbox 304 1988 955 2040">
     <span class='ocr_line' id='line_1_17' title="bbox 304 1988 955 2040; baseline 0 -11"><span class='ocrx_word' id='word_1_91' title='bbox 304 1988 466 2029; x_wconf 89' lang='lat' dir='ltr'>Gratia</span> <span class='ocrx_word' id='word_1_92' title='bbox 490 1995 533 2028; x_wconf 90' lang='lat' dir='ltr'>et</span> <span class='ocrx_word' id='word_1_93' title='bbox 561 2001 653 2040; x_wconf 84' lang='lat' dir='ltr'>pax</span> <span class='ocrx_word' id='word_1_94' title='bbox 675 1989 847 2029; x_wconf 80' lang='lat' dir='ltr'>Christi</span> <span class='ocrx_word' id='word_1_95' title='bbox 869 1995 955 2029; x_wconf 90' lang='lat' dir='ltr'>etc.</span> 
     </span>
    </p>

    <p class='ocr_par' dir='ltr' id='par_1_12' title="bbox 203 2059 1847 2398">
     <span class='ocr_line' id='line_1_18' title="bbox 303 2059 1845 2113; baseline 0.001 -14"><span class='ocrx_word' id='word_1_96' title='bbox 303 2059 531 2111; x_wconf 83' lang='lat' dir='ltr'>Quoniam</span> <span class='ocrx_word' id='word_1_97' title='bbox 558 2072 638 2112; x_wconf 90' lang='lat' dir='ltr'>per</span> <span class='ocrx_word' id='word_1_98' title='bbox 667 2072 769 2101; x_wconf 85' lang='lat' dir='ltr'>eam</span> <span class='ocrx_word' id='word_1_99' title='bbox 797 2061 1061 2112; x_wconf 90' lang='lat' dir='ltr'>epistolam,</span> <span class='ocrx_word' id='word_1_100' title='bbox 1091 2073 1231 2113; x_wconf 86' lang='lat' dir='ltr'>quam</span> <span class='ocrx_word' id='word_1_101' title='bbox 1260 2066 1457 2112; x_wconf 86' lang='lat' dir='ltr'>quatuor</span> <span class='ocrx_word' id='word_1_102' title='bbox 1486 2060 1652 2101; x_wconf 90' lang='lat' dir='ltr'>abhinc</span> <span class='ocrx_word' id='word_1_103' title='bbox 1681 2062 1845 2101; x_wconf 81' lang='lat' dir='ltr'>mensi-</span> 
     </span>
     <span class='ocr_line' id='line_1_19' title="bbox 222 2131 1844 2184; baseline 0.002 -15"><span class='ocrx_word' id='word_1_104' title='bbox 222 2131 305 2171; x_wconf 88' lang='lat' dir='ltr'>bus</span> <span class='ocrx_word' id='word_1_105' title='bbox 327 2131 384 2170; x_wconf 82' lang='lat' dir='ltr'>ad</span> <span class='ocrx_word' id='word_1_106' title='bbox 408 2137 450 2171; x_wconf 89' lang='lat' dir='ltr'>te</span> <span class='ocrx_word' id='word_1_107' title='bbox 474 2131 695 2182; x_wconf 81' lang='lat' dir='ltr'>misimus,</span> <span class='ocrx_word' id='word_1_108' title='bbox 721 2132 1143 2172; x_wconf 87' lang='lat' dir='ltr'>obseruandissime</span> <span class='ocrx_word' id='word_1_109' title='bbox 1171 2131 1329 2181; x_wconf 85' lang='lat' dir='ltr'>Pater,</span> <span class='ocrx_word' id='word_1_110' title='bbox 1359 2133 1583 2183; x_wconf 89' lang='lat' dir='ltr'>scriptum</span> <span class='ocrx_word' id='word_1_111' title='bbox 1612 2139 1680 2172; x_wconf 90' lang='lat' dir='ltr'>est</span> <span class='ocrx_word' id='word_1_112' title='bbox 1711 2144 1844 2184; x_wconf 91' lang='lat' dir='ltr'>quem</span> 
     </span>
     <span class='ocr_line' id='line_1_20' title="bbox 222 2202 1844 2255; baseline 0.001 -13"><span class='ocrx_word' id='word_1_113' title='bbox 222 2202 357 2242; x_wconf 87' lang='lat' dir='ltr'>finem</span> <span class='ocrx_word' id='word_1_114' title='bbox 378 2203 622 2243; x_wconf 82' lang='lat' dir='ltr'>habuerint</span> <span class='ocrx_word' id='word_1_115' title='bbox 643 2203 707 2243; x_wconf 87' lang='lat' dir='ltr'>illi</span> <span class='ocrx_word' id='word_1_116' title='bbox 729 2204 891 2253; x_wconf 82' lang='lat' dir='ltr'>morbi,</span> <span class='ocrx_word' id='word_1_117' title='bbox 917 2204 1081 2255; x_wconf 89' lang='lat' dir='ltr'>quibus</span> <span class='ocrx_word' id='word_1_118' title='bbox 1102 2204 1190 2244; x_wconf 91' lang='lat' dir='ltr'>hoc</span> <span class='ocrx_word' id='word_1_119' title='bbox 1212 2203 1457 2254; x_wconf 81' lang='lat' dir='ltr'>collegium</span> <span class='ocrx_word' id='word_1_120' title='bbox 1479 2203 1844 2255; x_wconf 78' lang='lat' dir='ltr'>opprimebatur,</span> 
     </span>
     <span class='ocr_line' id='line_1_21' title="bbox 203 2269 1847 2326; baseline 0.001 -14"><span class='ocrx_word' id='word_1_121' title='bbox 203 2269 335 2313; x_wconf 74' lang='lat' dir='ltr'>vhaec</span> <span class='ocrx_word' id='word_1_122' title='bbox 356 2273 401 2314; x_wconf 88' lang='lat' dir='ltr'>id</span> <span class='ocrx_word' id='word_1_123' title='bbox 424 2285 544 2314; x_wconf 90' lang='lat' dir='ltr'>nunc</span> <span class='ocrx_word' id='word_1_124' title='bbox 567 2286 819 2325; x_wconf 84' lang='lat' dir='ltr'>exposcere</span> <span class='ocrx_word' id='word_1_125' title='bbox 842 2275 1036 2325; x_wconf 88' lang='lat' dir='ltr'>uidetur,</span> <span class='ocrx_word' id='word_1_126' title='bbox 1062 2280 1109 2314; x_wconf 92' lang='lat' dir='ltr'>ut</span> <span class='ocrx_word' id='word_1_127' title='bbox 1131 2286 1249 2326; x_wconf 90' lang='lat' dir='ltr'>quae</span> <span class='ocrx_word' id='word_1_128' title='bbox 1271 2274 1393 2325; x_wconf 89' lang='lat' dir='ltr'>apud</span> <span class='ocrx_word' id='word_1_129' title='bbox 1414 2285 1499 2314; x_wconf 90' lang='lat' dir='ltr'>nos</span> <span class='ocrx_word' id='word_1_130' title='bbox 1520 2280 1625 2325; x_wconf 89' lang='lat' dir='ltr'>post</span> <span class='ocrx_word' id='word_1_131' title='bbox 1650 2275 1847 2315; x_wconf 89' lang='lat' dir='ltr'>salutem</span> 
     </span>
     <span class='ocr_line' id='line_1_22' title="bbox 220 2345 1684 2398; baseline 0.001 -14"><span class='ocrx_word' id='word_1_132' title='bbox 220 2345 481 2385; x_wconf 88' lang='lat' dir='ltr'>restitutam</span> <span class='ocrx_word' id='word_1_133' title='bbox 501 2351 634 2395; x_wconf 86' lang='lat' dir='ltr'>gesta</span> <span class='ocrx_word' id='word_1_134' title='bbox 657 2345 762 2395; x_wconf 89' lang='lat' dir='ltr'>sint,</span> <span class='ocrx_word' id='word_1_135' title='bbox 789 2346 1031 2397; x_wconf 86' lang='lat' dir='ltr'>breuitate,</span> <span class='ocrx_word' id='word_1_136' title='bbox 1056 2358 1145 2398; x_wconf 89' lang='lat' dir='ltr'>qua</span> <span class='ocrx_word' id='word_1_137' title='bbox 1168 2347 1386 2396; x_wconf 90' lang='lat' dir='ltr'>solemus,</span> <span class='ocrx_word' id='word_1_138' title='bbox 1410 2345 1684 2386; x_wconf 88' lang='lat' dir='ltr'>scribamus.</span> 
     </span>
    </p>

    <p class='ocr_par' dir='ltr' id='par_1_13' title="bbox 219 2415 1845 2965">
     <span class='ocr_line' id='line_1_23' title="bbox 298 2415 1845 2469; baseline 0.001 -14"><span class='ocrx_word' id='word_1_139' title='bbox 298 2415 464 2456; x_wconf 83' lang='lat' dir='ltr'>Statim</span> <span class='ocrx_word' id='word_1_140' title='bbox 500 2427 617 2466; x_wconf 77' lang='lat' dir='ltr'>ergo</span> <span class='ocrx_word' id='word_1_141' title='bbox 654 2423 790 2469; x_wconf 86' lang='lat' dir='ltr'>atque</span> <span class='ocrx_word' id='word_1_142' title='bbox 822 2418 1037 2458; x_wconf 85' lang='lat' dir='ltr'>ualetudo</span> <span class='ocrx_word' id='word_1_143' title='bbox 1065 2417 1254 2457; x_wconf 85' lang='lat' dir='ltr'>Patrum</span> <span class='ocrx_word' id='word_1_144' title='bbox 1283 2417 1347 2456; x_wconf 87' lang='lat' dir='ltr'>ita</span> <span class='ocrx_word' id='word_1_145' title='bbox 1375 2416 1647 2457; x_wconf 88' lang='lat' dir='ltr'>confirmata</span> <span class='ocrx_word' id='word_1_146' title='bbox 1677 2422 1766 2467; x_wconf 90' lang='lat' dir='ltr'>est,</span> <span class='ocrx_word' id='word_1_147' title='bbox 1797 2422 1845 2457; x_wconf 93' lang='lat' dir='ltr'>ut</span> 
     </span>
     <span class='ocr_line' id='line_1_24' title="bbox 220 2487 1843 2539; baseline 0.001 -13"><span class='ocrx_word' id='word_1_148' title='bbox 220 2492 421 2537; x_wconf 90' lang='lat' dir='ltr'>possent,</span> <span class='ocrx_word' id='word_1_149' title='bbox 447 2487 562 2527; x_wconf 86' lang='lat' dir='ltr'>citra</span> <span class='ocrx_word' id='word_1_150' title='bbox 584 2488 862 2538; x_wconf 85' lang='lat' dir='ltr'>periculum,</span> <span class='ocrx_word' id='word_1_151' title='bbox 895 2489 1056 2528; x_wconf 89' lang='lat' dir='ltr'>solitas</span> <span class='ocrx_word' id='word_1_152' title='bbox 1083 2499 1192 2528; x_wconf 86' lang='lat' dir='ltr'>suas</span> <span class='ocrx_word' id='word_1_153' title='bbox 1219 2488 1580 2528; x_wconf 86' lang='lat' dir='ltr'>exercitationes</span> <span class='ocrx_word' id='word_1_154' title='bbox 1607 2487 1843 2539; x_wconf 88' lang='lat' dir='ltr'>prosequi,</span> 
     </span>
     <span class='ocr_line' id='line_1_25' title="bbox 219 2558 1844 2610; baseline 0.001 -14"><span class='ocrx_word' id='word_1_155' title='bbox 219 2568 309 2608; x_wconf 87' lang='lat' dir='ltr'>qua</span> <span class='ocrx_word' id='word_1_156' title='bbox 331 2558 539 2599; x_wconf 90' lang='lat' dir='ltr'>solebant</span> <span class='ocrx_word' id='word_1_157' title='bbox 561 2559 814 2609; x_wconf 83' lang='lat' dir='ltr'>diligentia,</span> <span class='ocrx_word' id='word_1_158' title='bbox 837 2571 917 2598; x_wconf 77' lang='lat' dir='ltr'>eas</span> <span class='ocrx_word' id='word_1_159' title='bbox 938 2565 1044 2599; x_wconf 88' lang='lat' dir='ltr'>sunt</span> <span class='ocrx_word' id='word_1_160' title='bbox 1072 2559 1362 2610; x_wconf 84' lang='lat' dir='ltr'>prosequuti;</span> <span class='ocrx_word' id='word_1_161' title='bbox 1392 2564 1435 2598; x_wconf 93' lang='lat' dir='ltr'>et</span> <span class='ocrx_word' id='word_1_162' title='bbox 1466 2558 1658 2609; x_wconf 87' lang='lat' dir='ltr'>perinde</span> <span class='ocrx_word' id='word_1_163' title='bbox 1686 2562 1738 2598; x_wconf 87' lang='lat' dir='ltr'>vt</span> <span class='ocrx_word' id='word_1_164' title='bbox 1766 2570 1844 2598; x_wconf 91' lang='lat' dir='ltr'>no-</span> 
     </span>
     <span class='ocr_line' id='line_1_26' title="bbox 219 2628 1838 2681; baseline 0.001 -14"><span class='ocrx_word' id='word_1_165' title='bbox 219 2628 316 2678; x_wconf 89' lang='lat' dir='ltr'>stri,</span> <span class='ocrx_word' id='word_1_166' title='bbox 333 2629 508 2669; x_wconf 88' lang='lat' dir='ltr'>uiribus</span> <span class='ocrx_word' id='word_1_167' title='bbox 525 2629 867 2680; x_wconf 77' lang='lat' dir='ltr'>redintegratis,</span> <span class='ocrx_word' id='word_1_168' title='bbox 883 2630 941 2670; x_wconf 84' lang='lat' dir='ltr'>ad</span> <span class='ocrx_word' id='word_1_169' title='bbox 958 2628 1185 2670; x_wconf 86' lang='lat' dir='ltr'>iuuandos</span> <span class='ocrx_word' id='word_1_170' title='bbox 1202 2630 1439 2681; x_wconf 83' lang='lat' dir='ltr'>proximos</span> <span class='ocrx_word' id='word_1_171' title='bbox 1457 2629 1703 2669; x_wconf 86' lang='lat' dir='ltr'>accinxere</span> <span class='ocrx_word' id='word_1_172' title='bbox 1721 2640 1838 2677; x_wconf 89' lang='lat' dir='ltr'>sese,</span> 
     </span>
     <span class='ocr_line' id='line_1_27' title="bbox 220 2699 1844 2752; baseline 0.001 -14"><span class='ocrx_word' id='word_1_173' title='bbox 220 2699 282 2739; x_wconf 90' lang='lat' dir='ltr'>ita</span> <span class='ocrx_word' id='word_1_174' title='bbox 310 2706 533 2739; x_wconf 82' lang='lat' dir='ltr'>renouata</span> <span class='ocrx_word' id='word_1_175' title='bbox 564 2707 633 2740; x_wconf 87' lang='lat' dir='ltr'>est</span> <span class='ocrx_word' id='word_1_176' title='bbox 664 2702 915 2741; x_wconf 89' lang='lat' dir='ltr'>multorum</span> <span class='ocrx_word' id='word_1_177' title='bbox 941 2701 1180 2751; x_wconf 86' lang='lat' dir='ltr'>diligentia</span> <span class='ocrx_word' id='word_1_178' title='bbox 1210 2700 1255 2740; x_wconf 90' lang='lat' dir='ltr'>in</span> <span class='ocrx_word' id='word_1_179' title='bbox 1284 2700 1634 2752; x_wconf 87' lang='lat' dir='ltr'>frequentandis</span> <span class='ocrx_word' id='word_1_180' title='bbox 1667 2700 1844 2740; x_wconf 86' lang='lat' dir='ltr'>confes-</span> 
     </span>
     <span class='ocr_line' id='line_1_28' title="bbox 221 2769 1843 2822; baseline 0.001 -13"><span class='ocrx_word' id='word_1_181' title='bbox 221 2769 367 2810; x_wconf 89' lang='lat' dir='ltr'>sionis</span> <span class='ocrx_word' id='word_1_182' title='bbox 393 2782 446 2813; x_wconf 68' lang='grc' dir='ltr'>εἰς</span> <span class='ocrx_word' id='word_1_183' title='bbox 477 2772 814 2812; x_wconf 88' lang='lat' dir='ltr'>communionis</span> <span class='ocrx_word' id='word_1_184' title='bbox 841 2771 1147 2812; x_wconf 88' lang='lat' dir='ltr'>sacramentis</span> <span class='ocrx_word' id='word_1_185' title='bbox 1176 2771 1367 2822; x_wconf 86' lang='lat' dir='ltr'>aliisque</span> <span class='ocrx_word' id='word_1_186' title='bbox 1395 2771 1579 2822; x_wconf 85' lang='lat' dir='ltr'>pietatis</span> <span class='ocrx_word' id='word_1_187' title='bbox 1608 2771 1843 2822; x_wconf 91' lang='lat' dir='ltr'>operibus,</span> 
     </span>
     <span class='ocr_line' id='line_1_29' title="bbox 222 2841 1843 2893; baseline 0.001 -13"><span class='ocrx_word' id='word_1_188' title='bbox 222 2841 267 2880; x_wconf 92' lang='lat' dir='ltr'>in</span> <span class='ocrx_word' id='word_1_189' title='bbox 290 2841 455 2893; x_wconf 87' lang='lat' dir='ltr'>quibus</span> <span class='ocrx_word' id='word_1_190' title='bbox 477 2842 712 2893; x_wconf 80' lang='lat' dir='ltr'>aliquanto</span> <span class='ocrx_word' id='word_1_191' title='bbox 735 2843 1024 2882; x_wconf 89' lang='lat' dir='ltr'>remissiores</span> <span class='ocrx_word' id='word_1_192' title='bbox 1046 2843 1227 2882; x_wconf 87' lang='lat' dir='ltr'>fuerant</span> <span class='ocrx_word' id='word_1_193' title='bbox 1249 2853 1306 2882; x_wconf 79' lang='lat' dir='ltr'>ex</span> <span class='ocrx_word' id='word_1_194' title='bbox 1329 2854 1382 2882; x_wconf 91' lang='lat' dir='ltr'>eo</span> <span class='ocrx_word' id='word_1_195' title='bbox 1404 2841 1527 2893; x_wconf 90' lang='lat' dir='ltr'>quod</span> <span class='ocrx_word' id='word_1_196' title='bbox 1548 2842 1613 2882; x_wconf 89' lang='lat' dir='ltr'>uti</span> <span class='ocrx_word' id='word_1_197' title='bbox 1633 2853 1725 2882; x_wconf 89' lang='lat' dir='ltr'>non</span> <span class='ocrx_word' id='word_1_198' title='bbox 1744 2853 1843 2893; x_wconf 89' lang='lat' dir='ltr'>pos·</span> 
     </span>
     <span class='ocr_line' id='line_1_30' title="bbox 221 2898 1845 2965; baseline 0.001 -14"><span class='ocrx_word' id='word_1_199' title='bbox 221 2898 336 2960; x_wconf 89' lang='lat' dir='ltr'>sent,</span> <span class='ocrx_word' id='word_1_200' title='bbox 361 2917 408 2951; x_wconf 92' lang='lat' dir='ltr'>ut</span> <span class='ocrx_word' id='word_1_201' title='bbox 430 2919 582 2962; x_wconf 85' lang='lat' dir='ltr'>antea,</span> <span class='ocrx_word' id='word_1_202' title='bbox 610 2911 795 2952; x_wconf 79' lang='lat' dir='ltr'>Patrum</span> <span class='ocrx_word' id='word_1_203' title='bbox 817 2920 1085 2953; x_wconf 89' lang='lat' dir='ltr'>nostrorum</span> <span class='ocrx_word' id='word_1_204' title='bbox 1107 2924 1264 2964; x_wconf 87' lang='lat' dir='ltr'>opera.</span> <span class='ocrx_word' id='word_1_205' title='bbox 1285 2912 1557 2965; x_wconf 86' lang='lat' dir='ltr'>Complures</span> <span class='ocrx_word' id='word_1_206' title='bbox 1578 2912 1742 2962; x_wconf 90' lang='lat' dir='ltr'>etiam,</span> <span class='ocrx_word' id='word_1_207' title='bbox 1766 2913 1845 2964; x_wconf 88' lang='lat' dir='ltr'>qui</span> 
     </span>
    </p>
   </div>
   <div class='ocr_carea' id='block_1_8' title="bbox 288 3020 445 3023">
    <p class='ocr_par' dir='ltr' id='par_1_14' title="bbox 288 3020 445 3023">
     <span class='ocr_line' id='line_1_31' title="bbox 288 3020 445 3023; baseline 0 0"><span class='ocrx_word' id='word_1_208' title='bbox 288 3020 445 3023; x_wconf 95' lang='lat' dir='ltr'> </span> 
     </span>
    </p>
   </div>
   <div class='ocr_carea' id='block_1_9' title="bbox 276 3072 1725 3111">
    <p class='ocr_par' dir='ltr' id='par_1_15' title="bbox 276 3072 1725 3111">
     <span class='ocr_line' id='line_1_32' title="bbox 276 3072 1725 3111; baseline 0.001 -10"><span class='ocrx_word' id='word_1_209' title='bbox 276 3072 285 3094; x_wconf 86' lang='lat'>¹</span> <span class='ocrx_word' id='word_1_210' title='bbox 325 3073 415 3107; x_wconf 81' lang='lat' dir='ltr'>Quae</span> <span class='ocrx_word' id='word_1_211' title='bbox 433 3074 564 3101; x_wconf 68' lang='lat' dir='ltr'>italicis</span> <span class='ocrx_word' id='word_1_212' title='bbox 580 3074 839 3103; x_wconf 79' lang='lat' dir='ltr'>characteribus</span> <span class='ocrx_word' id='word_1_213' title='bbox 857 3076 1069 3110; x_wconf 79' lang='lat' dir='ltr'>exhibentur,</span> <span class='ocrx_word' id='word_1_214' title='bbox 1086 3079 1161 3103; x_wconf 84' lang='lat' dir='ltr'>sunt</span> <span class='ocrx_word' id='word_1_215' title='bbox 1179 3082 1278 3104; x_wconf 86' lang='lat' dir='ltr'>manu</span> <span class='ocrx_word' id='word_1_216' title='bbox 1294 3075 1398 3111; x_wconf 83' lang='lat' dir='ltr'>ipsius</span> <span class='ocrx_word' id='word_1_217' title='bbox 1416 3075 1550 3103; x_wconf 77' lang='lat' dir='ltr'>Polanci</span> <span class='ocrx_word' id='word_1_218' title='bbox 1569 3078 1725 3102; x_wconf 75' lang='lat' dir='ltr'>exarata.</span> 
     </span>
    </p>
   </div>
  </div>
 </body>
</html>
