2020 3342
837 264 916 302 AN.
947 258 1038 303 1556
1681 258 1751 302 367

846 717 1047 772 DXIX

198 947 244 985 P.
268 948 427 985 Petrus
446 946 500 984 de
520 946 738 984 Tablares

244 1006 366 1044 Patri
384 1006 553 1053 ignatio
574 1005 626 1043 de
648 1005 832 1052 Loyola.

293 1071 572 1116 Vallisoleto‚
594 1071 638 1107 12
655 1071 773 1117 Junii
795 1071 886 1108 1556
907 1072 931 1106 ¹.

892 1230 956 1302 11}
971 1262 1001 1302 s

209 1425 319 1478 Muy
340 1425 441 1466 R.d0
467 1437 524 1465 en
546 1425 730 1466 Christo
752 1424 901 1464 Pndre
922 1429 1130 1464 nuestro.

206 1497 259 1537 El
282 1496 456 1548 Spiritu
477 1495 649 1536 Sancto
672 1507 750 1535 sea
774 1496 972 1547 siempre
994 1507 1050 1535 en
1072 1501 1260 1534 nuestro
1282 1493 1432 1534 fauor.

207 1567 297 1608 Por
319 1574 421 1608 otra
442 1574 582 1618 tengo
604 1565 877 1617 significatio
899 1569 926 1606 ἐι
947 1565 1006 1606 V.
1032 1565 1077 1605 P.
1103 1569 1233 1606 como
1250 1566 1295 1605 la
1312 1576 1440 1615 cura,
1466 1566 1553 1616 que
1573 1564 1643 1604 los
1662 1566 1750 1603 me-

127 1639 256 1679 dicos
277 1638 540 1679 ordenaron
562 1639 605 1677 al
628 1637 674 1677 Ρ.
698 1637 951 1677 Francisco
973 1636 1000 1687 ²,
1029 1637 1083 1677 de
1106 1638 1149 1676 la
1178 1635 1532 1687 carcaparrilla,
1562 1634 1750 1675 sucedio

128 1712 172 1751 al
192 1722 326 1750 reues
354 1710 410 1750 de
430 1711 474 1750 10
496 1721 584 1761 que
605 1720 654 1748 se
676 1720 920 1760 esperaua:
949 1720 1063 1748 aora
1091 1720 1140 1748 se
1162 1714 1317 1748 tratan
1348 1713 1475 1747 otros
1504 1706 1750 1756 remecfios,

127 1793 239 1834 pero
261 1792 395 1821 como
417 1781 485 1820 los
506 1791 593 1832 que
614 1791 662 1819 50
684 1779 831 1820 hazen
854 1791 968 1831 para
990 1790 1044 1819 su
1074 1779 1208 1819 salud
1237 1779 1453 1830 corporat
1480 1778 1573 1818 han
1594 1776 1650 1817 de
1680 1788 1754 1817 ser

128 1856 155 1893 εἰ
175 1858 312 1904 gusto
335 1852 407 1892 del
428 1851 592 1902 spiritu
613 1850 641 1900 ⁵,
667 1863 725 1891 no
746 1851 894 1890 hazen
915 1856 1044 1890 tanto
1075 1849 1239 1900 efecto,
1262 1862 1294 1901 y
1323 1851 1392 1889 asi
1419 1860 1533 1889 aora
1561 1849 1684 1888 tiene
1717 1848 1757 1888 01

128 1923 176 1964 Ρ.
213 1923 468 1963 Francisco
504 1934 667 1973 mayor
701 1920 976 1962 neeessidad
1009 1920 1083 1960 (101
1112 1921 1274 1971 regalo
1310 1921 1366 1961 de
1401 1921 1470 1960 las
1505 1919 1753 1960 oraciones

129 1994 184 2034 de
206 1994 266 2035 V.
290 1993 339 2034 P.

206 2064 421 2105 Auiendo
443 2065 484 2104 01
504 2063 553 2105 Ρ.
582 2063 837 2104 Francisco
867 2062 922 2103 de
944 2063 1029 2103 dar
1063 2064 1104 2102 la
1138 2062 1400 2113 profession
1422 2063 1465 2101 al
1498 2061 1545 2101 P.
1578 2061 1756 2101 Doctor

128 2136 336 2188 Baptista
355 2134 382 2187 ³,
415 2135 672 2176 determino
704 2135 787 2175 dar
816 2138 843 2174 ἔι
871 2141 998 2174 otras
1027 2145 1254 2185 personas
1283 2134 1352 2173 los
1373 2139 1509 2173 uotos
1532 2144 1665 2172 como
1702 2145 1758 2173 en

182 2321 191 2340 ¹
232 2319 476 2354 Apographae,
492 2319 618 2353 duplici
633 2319 722 2352 folio,
740 2318 846 2353 primo
862 2326 896 2344 n.
913 2318 975 2351 355,
992 2318 1101 2344 altero
1117 2324 1180 2343 000
1205 2322 1394 2344 numerato.
1408 2317 1499 2344 -Est
1515 2321 1548 2344 et
1571 2317 1663 2344 aliud
1679 2324 1758 2351 apo-
1791 2318 1793 2321 '

129 2369 309 2404 graphum,
332 2366 419 2401 quod
441 2366 558 2394 nihila
574 2367 681 2400 primo
704 2366 826 2397 differt,
843 2366 904 2392 nisi
926 2365 1012 2400 quod
1035 2365 1103 2392 alia
1128 2373 1227 2391 manu
1250 2369 1300 2391 est
1318 2370 1510 2398 exaratum,
1533 2365 1592 2392 1113.
1614 2365 1756 2398 scilicet,

129 2425 214 2451 quae
229 2416 425 2443 litterarum
439 2421 553 2448 supra,
569 2422 637 2449 pag
665 2414 727 2447 351,
744 2422 777 2441 n.
804 2421 909 2445 mxx-11,
932 2414 1120 2447 positarum
1144 2413 1258 2439 Patris
1277 2412 1401 2446 Ignatii
1417 2412 1456 2439 de
1480 2413 1650 2442 Acebedo.
1666 2412 1759 2445 frag-

129 2469 277 2492 mentum
291 2462 472 2490 secundum
488 2464 660 2489 exaravit.

184 2511 284 2539 Circa
300 2510 362 2537 has
378 2511 513 2537 litteras
528 2510 591 2536 duo
613 2510 796 2544 praecipue
816 2509 958 2536 veniunt
980 2508 1298 2535 animadvertenda:
1316 2509 1386 2534 Lam
1401 2516 1459 2535 eas
1482 2509 1608 2535 nullum
1625 2515 1708 2542 prae
1724 2515 1759 2534 se

130 2560 220 2587 ferre
241 2559 412 2592 indicium,
435 2567 499 2593 quo
524 2559 791 2593 quadrimestres
814 2563 908 2585 certo
930 2558 1134 2591 judicentu1·;
1150 2557 1224 2584 Qum
1245 2557 1356 2584 editas
1373 2558 1444 2591 jam
1469 2557 1570 2584 fuisse
1593 2557 1625 2584 in
1643 2557 1709 2584 vol.
1726 2563 1760 2583 VI

131 2608 242 2642 operis
259 2607 384 2635 Cartas
398 2608 440 2634 de
457 2606 528 2633 san
544 2606 699 2639 Ignario,
712 2613 790 2640 pag.
805 2606 936 2632 549-551.
952 2605 1177 2632 Nihilominus
1192 2612 1251 2631 eas
1265 2604 1319 2632 hic
1338 2605 1446 2632 denuo
1462 2605 1561 2631 edere
1577 2612 1639 2631 non
1655 2608 1760 2637 piget,

131 2654 176 2682 1.⁰
187 2655 266 2689 quia
278 2657 387 2682 locum
401 2658 518 2681 tenent
530 2653 839 2688 quadrimestrium,
854 2654 972 2687 quibus
984 2653 1107 2679 notitia
1119 2652 1309 2679 haurienda
1320 2658 1409 2680 esset
1421 2659 1532 2679 rerum
1546 2651 1588 2679 ad
1600 2651 1635 2678 P.
1650 2650 1759 2678 Fran-

129 2703 254 2730 ciscum
267 2703 429 2737 Borgiam
440 2706 473 2728 et
485 2701 527 2729 ad
541 2701 736 2735 provincias
748 2701 947 2728 Lusitaniae
961 2706 991 2726 ct
1005 2699 1200 2733 Hispaniae„
1218 2700 1281 2734 ipsi
1293 2700 1501 2733 commissas,
1514 2700 1546 2726 in
1561 2699 1756 2726 universum

128 2751 382 2785 pertinentium3
404 2754 437 2776 et
459 2749 505 2775 2⁴⁰
526 2753 562 2776 ut
586 2749 738 2776 oblatam
759 2749 973 2776 occasionem
994 2755 1059 2774 non
1079 2748 1294 2781 negligamus
1315 2752 1349 2775 et
1371 2747 1566 2781 corrigendi
1588 2746 1759 2781 quiddam,

128 2799 215 2834 quod
230 2799 261 2825 in
278 2806 347 2830 eas.
365 2798 442 2825 dum
457 2797 603 2832 primum
618 2796 811 2830 ederentur,
828 2797 976 2831 irrepsit.
994 2800 1026 2822 et
1042 2796 1151 2830 plura,
1168 2796 1201 2823 10
1216 2796 1408 2823 futurorum
1420 2796 1664 2823 historicorum
1677 2801 1754 2827 gra-

129 2847 224 2877 tiam.
244 2845 452 2877 declarandi.
469 2852 554 2879 quae
571 2845 603 2871 in
614 2844 668 2871 his
683 2844 811 2872 litteris
827 2845 1056 2871 continentur.

184 2894 198 2913 2
236 2893 274 2921 P.
289 2893 494 2920 Franciscus
510 2891 649 2926 Borgia.

181 2942 195 2962 3
232 2942 366 2976 spiritu
380 2941 483 2968 habet
498 2940 552 2966 hic
568 2944 748 2973 utrumque
763 2940 1011 2973 apographum,
1027 2943 1061 2966 et
1076 2943 1152 2973 spu.
1169 2938 1268 2973 (quod
1288 2944 1339 2966 est
1357 2938 1599 2966 abbreviatum
1613 2936 1761 2971 spiritu)

130 2990 163 3018 in
184 2989 345 3016 Historia
361 2988 478 3021 varia,
497 2995 575 3022 pag.
599 2986 661 3017 466.
686 2987 772 3020 quod
797 2990 910 3014 tamen
932 2987 1094 3014 librarius
1115 2987 1199 3020 legit
1221 2990 1353 3021 cuerpo
1374 2991 1408 3013 et
1430 2986 1463 3013 in
1480 2985 1605 3013 Cartas
1624 2985 1666 3011 de
1690 2984 1760 3010 San

135 3037 290 3072 Ignacto,
303 3037 324 3063 1.
340 3043 378 3069 0.,
396 3036 544 3063 induxit.

184 3086 199 3106 ⁴
237 3084 272 3112 P.
290 3083 438 3117 Joannes
453 3083 613 3117 Baptista
629 3083 668 3109 de
684 3082 821 3110 Damna,
