2020 3342
851 307 934 346 AN.
966 307 1058 346 1556
1694 307 1765 345 315

141 403 237 446 Nec
257 407 440 456 mirum,
465 416 569 446 cum
590 405 794 458 quotidie
816 416 865 445 re
886 405 987 456 ipsa
1008 405 1312 456 comperiant,
1335 416 1476 456 quam
1503 404 1646 445 multa
1672 403 1765 444 foe-

141 476 363 517 licissima
397 476 600 528 ingenia,
635 487 867 528 quamque
902 476 1106 516 omnium
1144 475 1243 516 siue
1279 475 1631 526 disciplinarum
1666 476 1765 516 siue

142 547 367 588 virtutum
388 548 674 588 ornamentis
695 547 918 598 insignita·
932 548 1039 588 hinc
1060 552 1318 598 emergant,
1337 546 1656 598 prodeantque
1674 558 1764 587 non

142 618 367 659 mediocri
396 618 604 670 profecto
638 617 937 670 Reipublicae
971 617 1232 668 commodo,
1270 629 1470 669 quorum
1500 618 1575 657 illa
1610 617 1764 657 hume-

141 689 206 729 ris
225 701 318 730 non
338 701 446 730 raro
474 688 696 729 inclinata
724 690 962 740 recumbit,
997 689 1114 729 adeo
1146 694 1197 729 vt
1222 689 1304 728 Vix
1334 689 1535 739 aliquem
1562 688 1765 740 reperire

141 761 216 810 sit,
240 761 318 812 qui
345 760 440 800 suis
467 760 624 801 liberis
651 760 794 811 probe
821 766 1119 812 prospectum
1148 771 1249 800 esse
1270 765 1414 812 putet,
1446 760 1492 799 ni
1514 760 1616 799 illos
1638 759 1765 809 prius

138 831 387 883 gymnasio
427 825 587 872 nostro
626 831 962 882 mancipandos
1003 837 1133 872 curet
1157 843 1164 871 :
1210 837 1391 871 tantum
1431 842 1598 871 nomen
1642 830 1764 881 apud

139 915 299 944 omnes
332 903 478 943 bonos
504 902 737 943 indefessa
764 903 1083 954 professorum
1111 902 1351 954 diligentia
1380 914 1435 942 ac
1462 902 1610 942 solers
1636 901 1764 941 indu-

141 974 256 1014 stria
277 973 585 1026 comparauit.

217 1045 368 1096 Quam
389 1044 574 1097 quidem
595 1045 758 1085 Patres
778 1045 926 1085 nostri
954 1045 1000 1085 in
1027 1045 1176 1085 sacris
1204 1044 1522 1095 concionibus,
1560 1043 1764 1084 lectioni-

137 1118 236 1168 bus,
274 1117 643 1157 confessionibus
678 1128 733 1156 ac
767 1121 1173 1157 sacramentorum
1208 1115 1631 1164 administratione,
1671 1127 1765 1155 non

137 1189 400 1240 adaequant
433 1187 592 1237 modo,
631 1199 795 1228 verum
831 1193 874 1227 et
909 1193 1232 1238 praecurrunt:
1272 1198 1408 1227 nemo
1446 1193 1627 1227 tantum
1662 1198 1764 1238 pro·

137 1259 267 1310 priae
295 1258 551 1299 industriae
577 1259 758 1309 tribuit,
796 1264 846 1298 vt
875 1269 969 1298 non
994 1258 1162 1298 horum
1182 1258 1352 1299 iudicio
1387 1263 1526 1309 atque
1563 1257 1762 1298 authori-

137 1330 220 1370 tati
241 1330 436 1370 libenter
457 1341 559 1370 sese
580 1330 810 1371 subiiciat:
829 1340 945 1382 quos
962 1334 1006 1370 et
1021 1329 1426 1370 dominicanorum
1442 1329 1583 1381 prior,
1605 1329 1764 1380 magni

138 1400 262 1453 apud
284 1402 444 1441 omnes
464 1401 616 1441 meriti
637 1401 724 1452 vir,
755 1401 1019 1454 caeterique
1046 1401 1276 1453 permulti,
1305 1401 1383 1453 qui
1412 1401 1593 1441 consilii
1621 1411 1764 1441 causa

134 1471 182 1512 in
203 1472 341 1513 rebus
363 1473 625 1513 animarum
653 1484 815 1513 curam
844 1472 1234 1513 concernentibus
1256 1472 1345 1512 huc
1367 1477 1633 1521 accurrunt,
1658 1483 1763 1511 con-

134 1543 352 1584 sulendos
387 1543 474 1584 sibi
500 1554 794 1595 summopere
819 1549 1055 1596 putarunt.
1088 1544 1145 1584 Et
1178 1555 1326 1595 nuper
1360 1543 1550 1595 quidam
1577 1554 1633 1583 ea
1660 1543 1763 1594 ipsa

133 1613 189 1655 de
207 1625 350 1655 causa
367 1613 680 1667 quadraginta
696 1615 965 1657 milliarium
982 1615 1144 1656 itinere
1162 1615 1251 1655 huc
1268 1614 1522 1667 perductus
1539 1619 1622 1655 est:
1639 1625 1763 1654 cum-

134 1697 222 1738 que
238 1691 343 1738 post
359 1685 559 1727 reditum
574 1686 621 1727 in
636 1697 771 1727 suum
792 1686 1014 1739 oppidum
1035 1686 1159 1727 dubii
1180 1685 1401 1738 quiddam
1422 1698 1477 1726 ea
1497 1686 1543 1726 in
1564 1697 1614 1726 re
1636 1696 1764 1726 scru-

131 1758 290 1809 pulum
322 1757 478 1798 animo
506 1758 755 1810 ingereret,
787 1758 954 1798 iterum
982 1770 1006 1798 e
1033 1764 1129 1798 tam
1156 1763 1334 1798 remoto
1361 1757 1464 1798 loco
1490 1755 1642 1797 redire
1670 1768 1763 1796 non

132 1828 281 1880 piguit
308 1829 367 1869 ad
394 1834 596 1879 nostros,
626 1840 717 1881 quo
748 1829 1011 1870 haesitandi
1040 1841 1184 1870 causa
1218 1829 1369 1869 omnis
1403 1828 1603 1869 abesset.
1642 1826 1764 1878 Quid

132 1905 290 1940 autem
315 1899 390 1940 hic
417 1899 466 1940 Ρ.
499 1900 550 1941 Τ.
584 1911 946 1941 commemorem
972 1900 1192 1941 nobilium
1220 1906 1556 1950 matronarum,
1579 1905 1685 1959 tam
1716 1898 1763 1939 in

133 1970 395 2011 confitendo
412 1983 552 2023 quarn
566 1983 752 2012 sacram
768 1971 1113 2012 Eucharistiam
1130 1971 1355 2012 sumendo
1366 1970 1762 2012 feruentissimum

132 2042 354 2083 studium?
381 2041 502 2094 Quid
530 2043 820 2095 frequentem
850 2043 976 2083 illam
1006 2043 1063 2083 ad
1096 2043 1345 2083 conciones
1376 2047 1420 2083 et
1441 2042 1501 2083 ad
1521 2053 1684 2083 sacras
1703 2042 1761 2082 le-

132 2113 312 2154 ctiones
343 2114 721 2155 concurrentium
753 2116 1018 2155 cateruam?
1048 2114 1168 2166 Quid
1195 2115 1242 2155 in
1276 2120 1373 2156 tam
1407 2114 1593 2155 diuerso
1620 2114 1764 2155 homi—

132 2196 243 2225 num
276 2196 450 2236 genere
483 2186 780 2238 maximeque
816 2186 1082 2238 promiscuo
1117 2198 1233 2227 scxu
1260 2186 1339 2237 (ne
1368 2186 1424 2226 de
1455 2186 1582 2227 vitae
1611 2185 1766 2226 condi·

132 2255 254 2297 tione
281 2256 466 2298 interim
493 2257 602 2309 quid
631 2257 816 2307 addam)
851 2257 1130 2309 stupendam
1156 2257 1279 2298 idem
1309 2257 1620 2308 sentientium,
1646 2256 1767 2298 idem

131 2327 427 2379 imitantium,
450 2327 573 2369 idem
593 2328 791 2382 denique
813 2329 1052 2381 agentium
1074 2328 1391 2380 concordiam,
1417 2328 1765 2380 aequalitatem-

132 2409 220 2450 que
241 2400 530 2440 recenseam?
557 2399 820 2452 Religiosos
851 2401 1039 2442 omnino
1061 2400 1205 2451 dicas,
1230 2400 1270 2440 si
1291 2400 1374 2440 sub
1395 2411 1488 2440 vno
1510 2405 1633 2441 tecto
1656 2411 1765 2440 con-

133 2470 405 2512 tinerentur:
429 2483 727 2524 quamquam,
751 2472 826 2512 vel
845 2472 962 2512 citra
979 2477 1167 2523 tectum,
1192 2471 1360 2512 mentis
1376 2471 1423 2512 in
1439 2470 1592 2512 Deum
1614 2471 1762 2512 eleua-

132 2540 256 2582 tione
277 2541 390 2594 ipsis
411 2542 628 2594 operibus
649 2543 765 2594 satis,
785 2548 1030 2593 testantur,
1054 2543 1163 2583 dum
1182 2543 1247 2583 illi
1269 2552 1434 2594 sponte
1455 2554 1539 2583 sua
1556 2542 1733 2583 faciunt
1754 2541 1762 2560 ¹

134 2612 192 2654 ad
212 2624 333 2665 quae
354 2614 562 2666 plerique
583 2613 716 2654 inuiti
737 2614 1081 2666 quodammodo
1104 2614 1416 2666 impelluntur.

211 2683 370 2736 Neque
392 2696 504 2725 vero
526 2697 695 2737 operae
717 2686 918 2737 pretium
939 2685 1053 2726 mihi
1085 2686 1237 2725 visum
1265 2691 1334 2726 est
1367 2685 1569 2737 aliquam
1602 2684 1677 2725 hic
1709 2684 1765 2725 de

134 2754 235 2796 Deo
256 2755 422 2796 dicatis
443 2755 706 2807 Virginibus
727 2756 1010 2797 mentionem
1031 2756 1238 2807 iniicere;
1261 2767 1370 2796 nam
1387 2755 1607 2808 quicquid
1625 2756 1762 2796 huius

131 2833 215 2878 est,
240 2838 334 2867 non
354 2826 512 2867 dubito
533 2826 582 2867 P.
605 2826 754 2867 Tuam
775 2839 833 2867 ex
854 2827 1173 2879 superioribus
1193 2827 1360 2867 litteris
1381 2827 1496 2867 satis
1527 2838 1759 2878 superque

135 2898 436 2939 intellexisse.

219 2970 290 3010 Ex
325 2970 589 3021 coniugatis
624 2969 731 3010 libet
765 2970 953 3011 vnicum
986 2969 1074 3010 hoc
1109 2971 1372 3021 exemplum
1409 2975 1649 3019 attexere,
1682 2969 1763 3008 tibi

189 3131 199 3151 ¹
238 3130 284 3157 ad
302 3130 366 3157 Dei
380 3131 530 3164 gloriam
545 3133 577 3158 et
586 3132 831 3166 proximorum
846 3132 1023 3158 auxilium
1035 3131 1166 3159 aldidit
1181 3132 1232 3159 hic
1248 3131 1416 3159 Polancus
1430 3132 1462 3158 in
1476 3130 1584 3165 primo
1598 3130 1762 3163 exemplo.
