2020 3342
274 214 345 253 342
780 213 1006 250 LITTERAE
1032 221 1390 255 QUADRIMESTRES

275 321 378 350 rum
412 309 563 361 spatio
594 308 749 350 distuli
782 307 1238 360 peregrinationibus
1274 307 1540 348 distractus.
1579 307 1714 357 Vale,
1751 307 1891 349 Pater

276 379 711 430 obseruandissime,
735 379 882 420 nostri
903 390 1078 419 memor
1100 379 1146 418 in
1166 377 1408 418 sacrificiis
1429 384 1473 418 et
1495 378 1797 418 orationibus.

354 451 732 502 Antepenultimo
754 450 862 491 Maii
886 450 999 490 1556.
1024 440 1221 499 Biliomi,
1247 450 1291 489 in
1314 449 1570 490 Aruernia.

355 521 551 574 Imperio
573 521 623 562 P.
646 520 920 573 Hieronymi
949 520 1116 560 Bassii.

487 592 610 633 R.dae
640 591 689 632 P.
714 598 820 632 tuae
842 591 1060 642 indignus
1083 591 1219 640 filius,

1074 732 1318 773 RossERws
1348 732 1683 773 CLAYSSONIUS.

356 945 707 997 Superscrz'plz'o
724 946 773 986 iu
790 949 932 986 sexta
943 945 1146 997 pagiua:
1163 944 1264 985 R.d0
1280 945 1326 985 in
1343 944 1528 985 Christo
1545 944 1674 985 Patri
1692 943 1895 984 Domino

277 1017 457 1069 Ignatio
478 1017 534 1057 de
555 1017 732 1069 Loyola
754 1017 1026 1068 Praeposito
1046 1016 1257 1068 generali
1288 1015 1536 1056 Societatis
1556 1014 1681 1067 Jesu.
1705 1014 1895 1055 Rornae.

356 1087 467 1128 Alia
488 1099 649 1128 mauu:
668 1088 804 1140 Jesus
829 1087 942 1127 1556.
968 1087 1195 1127 Biliomio.
1215 1086 1591 1138 Quadrimestres
1606 1085 1658 1126 29
1675 1085 1799 1126 Maii.
1819 1087 1847 1134 †

500 1475 649 1504 Eaedem
665 1477 803 1504 Roberti
820 1476 1011 1513 Clayssonii
1027 1477 1164 1505 litterae
1179 1485 1198 1505 a
1215 1475 1250 1503 P.
1267 1476 1415 1505 Polanco
1431 1477 1632 1505 emendatae
1650 1478 1672 1504 ¹.

354 1654 453 1695 Pax
475 1655 518 1695 X
522 1655 550 1695 ,ί

357 1726 486 1778 Quae
513 1727 830 1779 superioribus
863 1727 1009 1768 literis
1044 1728 1295 1769 menstruis
1315 1728 1489 1779 fusius
1522 1728 1896 1780 pe1·scripsimuS‚

275 1798 544 1850 compendio
566 1798 693 1839 hisce
716 1798 1155 1850 quadrimestribus‚
1178 1811 1206 1839 a
1228 1800 1464 1840 Januario
1486 1799 1817 1851 auspicaturi,
1840 1811 1898 1840 ex

275 1870 564 1910 obedientiae
597 1870 890 1922 praescripto
926 1870 1214 1922 colligemus.
1252 1870 1300 1911 P.
1338 1871 1655 1923 Hieronymus
1686 1869 1896 1921 Bassius,

274 1947 468 1992 rogatus
485 1953 511 1981 a
528 1941 796 1982 consulibus
812 1941 1221 1992 Issiodorensibus,
1236 1942 1468 1993 integram
1485 1942 1895 1994 quadragesimam

275 2013 576 2052 ecclesiastae
598 2012 747 2053 officio
770 2013 893 2064 apud
915 2024 996 2053 eos
1016 2012 1202 2053 functus
1229 2019 1321 2064 est,
1344 2025 1448 2054 cum
1476 2018 1606 2054 tanta
1634 2012 1899 2054 auditorum
1922 2041 1923 2045 η

275 2084 320 2118 et
341 2078 495 2129 gratia
519 2084 562 2118 et
584 2077 859 2130 frequentia,
883 2085 1058 2130 quanta
1083 2090 1136 2118 ea
1158 2078 1204 2118 in
1226 2079 1339 2119 vrbe
1365 2079 1421 2119 ab
1452 2090 1680 2120 annorum
1707 2078 1899 2130 triginta

276 2147 461 2200 [spatio]
485 2149 550 2198 (vt
571 2149 668 2200 ipse
691 2149 845 2189 eiusce
865 2149 1019 2190 famae
1050 2150 1181 2190 testis
1211 2149 1367 2199 extiti)
1391 2150 1617 2190 hactenus
1647 2150 1897 2190 obseruata

275 2219 374 2268 suit,
398 2231 483 2260 nec
506 2220 679 2272 absque
702 2220 855 2271 opimo
878 2220 1141 2260 animarum
1164 2221 1311 2262 lucro,

355 2290 470 2341 His,
493 2290 639 2342 quiin
660 2283 891 2342 lzospit'ali
914 2290 1279 2331 Claromontano
1297 2296 1429 2343 sunt,
1445 2304 1530 2333 ceu
1549 2292 1750 2344 prudens
1767 2304 1899 2334 oeco-

276 2373 468 2411 nomus,
508 2367 602 2402 tum
635 2361 831 2413 spiritali
865 2368 962 2402 tum
997 2373 1225 2414 corporeo
1261 2362 1504 2414 obsequio,
1540 2375 1732 2414 operam
1766 2375 1899 2404 suam

277 2432 544 2483 impendere
564 2432 689 2473 haud
711 2439 879 2472 cessat.
904 2433 965 2472 In
981 2432 1302 2484 compluribus
1328 2432 1439 2473 aliis
1458 2433 1574 2474 locis
1594 2434 1763 2474 vicinis
1793 2446 1898 2476 con-

277 2503 506 2552 cionatus,
531 2503 703 2544 Christi
725 2505 900 2544 cultum
921 2504 1051 2544 auxit
1074 2504 1119 2544 in
1141 2504 1309 2544 animis
1328 2505 1593 2545 multorum:
1612 2507 1897 2547 sacramenti
1922 2528 1924 2537 1

281 2574 594 2625 poenitentiae
626 2575 882 2615 ministerio
912 2575 1363 2615 claromontensibus
1393 2575 1517 2616 haud
1546 2575 1708 2627 paucis
1735 2577 1900 2617 salutis

282 2645 540 2685 antidotum
564 2646 797 2697 praebuit:
822 2646 965 2695 idem,
996 2644 1183 2686 Domini
1212 2645 1434 2686 Officiarii
1462 2647 1700 2698 precibus,
1731 2648 1898 2688 oratio-

279 2716 452 2756 nemin
480 2716 660 2768 synodo
697 2716 992 2757 sacerdotum
1026 2717 1244 2757 hesterno
1281 2717 1354 2757 die
1388 2716 1685 2758 Claromonte
1719 2718 1897 2759 habuit.

277 2786 454 2827 Humili
490 2786 715 2827 modestia
751 2799 805 2827 ac
847 2788 1074 2839 singulari
1110 2787 1282 2839 pietate
1318 2788 1556 2828 hominum
1590 2788 1771 2829 animos
1809 2789 1899 2830 sibi

333 2971 343 2992 ¹
382 2971 508 3005 Verba,
525 2972 628 3006 ipsius
645 2972 783 2999 Polanci
799 2980 899 3000 manu
914 2977 1070 3007 exarata,
1087 2972 1219 3000 italicis
1233 2973 1493 3002 characteribus
1514 2973 1898 3011 exhibentur.Re1iqua.

278 3026 364 3054 quac
380 3020 433 3047 hic
449 3019 581 3052 desunt.
593 3027 613 3048 a
629 3020 778 3048 Polanco
794 3020 928 3049 suerunt
944 3021 1149 3049 cancellata.
