2020 3342
843 234 924 268 AN.
955 231 1045 268 1556
1686 236 1754 273 127

120 325 225 365 loco
249 326 449 366 alantur.
473 326 593 366 Huic
616 333 770 367 autem
789 327 1078 378 pientissimo
1096 327 1367 376 ministerio,
1388 335 1575 379 praeter
1595 341 1749 380 quem-

119 395 228 436 dam
250 397 521 447 religiosum
542 397 761 448 Proregis
783 398 1123 449 presbyterum,
1143 397 1402 438 inseruiunt
1420 399 1561 438 etiam
1580 399 1670 440 duo
1692 413 1753 441 ex

119 467 291 507 nostris
312 467 548 516 fratribus,
572 468 650 519 qui
667 468 822 508 eibum
849 480 941 508 non
974 469 1255 508 distribuunt
1277 480 1569 520 corporeum,
1602 470 1750 510 donec

117 536 317 587 spiritali
337 538 466 589 prius
486 538 550 578 illi
571 538 853 578 reficiantur.
877 539 1076 589 Etenim,
1106 544 1357 590 antequam
1385 540 1514 579 cibos
1542 548 1748 591 sumant,

117 605 380 648 doctrinam
401 608 538 648 simul
558 609 865 649 christianam
888 610 982 649 alta
1005 620 1136 660 voce,
1160 621 1254 650 vno
1282 621 1340 649 ex
1369 611 1542 650 nostris
1564 611 1747 662 praedi-

123 684 270 728 cente,
295 679 509 719 recitant.

202 747 213 767 ¹
232 748 337 800 Jam
360 761 470 789 uero
493 756 665 801 quanta
689 751 747 790 sit
768 751 892 802 apud
913 762 1075 790 omnes
1096 751 1152 790 de
1172 757 1335 790 nostro
1358 750 1567 802 Collegio
1591 752 1746 792 existi-

115 819 275 869 matio,
297 830 393 872 non
414 826 483 860 est
505 820 687 860 difficile
709 834 767 861 ex
789 821 875 871 his,
908 832 1025 872 quae
1047 821 1139 860 iam
1161 820 1285 860 dieta
1315 829 1437 871 sunt,
1468 822 1743 873 intelligere.

115 888 337 940 Proregis
357 897 513 930 tamen
538 891 791 941 singularis
813 892 1081 931 humanitas
1104 903 1208 931 cum
1225 891 1271 931 in
1292 892 1448 931 multis
1469 892 1608 932 fuerit
1630 905 1744 944 erga

113 966 323 1000 nostrum
344 960 600 1012 Collegium
625 962 880 1010 declarata,
914 969 1010 1002 tum
1033 962 1235 1002 maxime
1259 963 1492 1013 apparuit,
1525 975 1630 1003 cum
1659 965 1747 1004 sol·

109 1030 262 1070 licitus
282 1031 338 1070 de
359 1031 451 1071 R.di
473 1031 520 1071 P.
546 1031 808 1082 Praepositi
840 1033 885 1072 in
909 1031 1115 1072 Siciliam
1139 1032 1305 1082 reditu,
1332 1039 1375 1072 et
1403 1045 1460 1072 ne
1493 1033 1602 1084 quid
1623 1034 1746 1074 forte

51 1141 54 1145 ,
109 1101 297 1141 aduersi
317 1102 565 1142 accidisset
587 1103 778 1152 ueritus,
800 1103 1023 1154 scapham
1045 1115 1128 1143 suo
1152 1103 1250 1154 ipse
1272 1104 1459 1143 nomine
1477 1104 1746 1145 hominibus

107 1172 335 1212 munitam
355 1173 494 1221 misit,
520 1174 597 1224 qui
619 1185 701 1224 per
719 1174 874 1213 omnia
896 1174 1011 1213 haec
1032 1174 1170 1213 litora
1189 1182 1232 1213 et
1251 1174 1423 1224 oppida
1441 1175 1619 1214 tamdiu
1636 1187 1741 1216 eum

107 1243 408 1293 inquirerent,
433 1243 580 1283 donec
601 1251 680 1284 aut
702 1245 853 1295 ipsum
874 1244 1152 1294 inuenirent,
1175 1251 1269 1293 aut,
1295 1245 1333 1284 si
1355 1245 1464 1295 quid
1484 1246 1741 1287 humanum

106 1314 148 1353 ei
179 1314 438 1364 obtigisset,
469 1326 527 1354 ex
555 1315 643 1354 illis
674 1315 940 1354 ciuitatibus
969 1322 1214 1366 acceptum
1247 1315 1496 1366 referrent3
1536 1316 1581 1356 id
1616 1318 1739 1367 quod

109 1383 327 1435 protegis
349 1396 532 1436 quoque
554 1385 646 1425 filia
663 1397 756 1425 non
773 1386 924 1425 minus
942 1385 1143 1425 officiose
1164 1385 1286 1435 fecit,
1312 1397 1417 1425 cum
1440 1392 1597 1426 tamen
1617 1393 1736 1427 vter-

104 1466 197 1507 que
218 1456 416 1495 alterum
437 1456 662 1507 scapham
683 1456 864 1496 misisse
885 1457 1140 1507 ignoraret:
1163 1462 1293 1496 tanto
1310 1462 1505 1508 vterque
1527 1457 1574 1497 P.
1600 1457 1737 1497 Prae-

109 1526 311 1577 positum
332 1538 492 1566 amore
513 1527 932 1578 beneuolentiaque
953 1527 1264 1578 prosequitur.

181 1596 278 1636 Nec
308 1603 352 1637 te
378 1597 506 1648 latet,
540 1596 640 1637 R.Cle
668 1597 820 1648 Pater,
854 1598 975 1637 hane
1007 1598 1158 1649 ipsam
1184 1596 1403 1648 Proregis
1432 1597 1574 1638 tiliam
1595 1600 1732 1639 eolle-

100 1667 230 1718 gium
256 1679 404 1719 nuper
433 1667 662 1708 Bisbonae
689 1668 940 1717 struxisse,
970 1675 1252 1719 nostraeque
1279 1667 1503 1709 Societati
1531 1669 1730 1721 dicasse,

100 1738 232 1778 cuius
253 1739 464 1790 auspicia
485 1739 548 1778 ita
565 1738 695 1779 fuere
712 1739 910 1790 foelicia,
933 1746 983 1779 vt
1004 1751 1097 1779 non
1119 1739 1218 1779 sine
1239 1738 1394 1779 diuino
1416 1746 1529 1780 nutu
1552 1741 1731 1781 institu-

97 1815 196 1848 tum
217 1809 446 1849 videatur.
471 1809 609 1849 Faxit
630 1809 773 1860 Deus,
798 1816 848 1850 vt
866 1810 1071 1850 secunda
1087 1810 1218 1850 initia
1240 1810 1488 1850 secundior
1506 1817 1730 1862 sequatur

98 1879 270 1919 exitus.

176 1949 330 2001 Atque
356 1951 473 1991 haee
502 1951 688 2002 quidem
716 1958 838 2001 sunt,
874 1951 973 1990 R.de
998 1951 1064 2001 P„
1096 1963 1214 2002 quae
1242 1951 1382 1991 habui
1410 1952 1622 1992 dicenda.
1655 1952 1725 1992 Tu

95 2031 208 2061 vero
231 2021 382 2061 Deum
402 2022 588 2062 interim
608 2022 909 2062 obnixissime
931 2034 1027 2072 ora,
1052 2029 1103 2062 vt
1124 2022 1299 2062 Christi
1321 2022 1459 2063 vinea
1487 2034 1723 2074 propaga-

94 2091 134 2131 ri
156 2091 204 2131 in
224 2091 322 2131 dies
344 2092 496 2142 magis
518 2104 573 2132 ae
595 2094 747 2143 magis
771 2092 933 2143 possit.

307 2162 570 2212 Messanae,
594 2175 717 2202 nona
739 2163 812 2203 die
834 2163 1076 2203 Februarii
1098 2175 1220 2203 anno
1246 2162 1361 2203 1556.

970 2305 1257 2345 FRANCISCUS
1276 2304 1568 2346 STEPHANUS.

168 2516 230 2556 In
251 2521 424 2567 quarta
440 2518 647 2568 pagina:
667 2517 732 2558 9.a
754 2517 827 2557 die
849 2517 1071 2557 februarii
1096 2517 1210 2557 1556.

168 2587 279 2627 Alia
301 2599 463 2627 manu:
485 2590 512 2633 -ῐ-
532 2588 697 2628 Mess.a
716 2588 975 2628 Februario
1002 2588 1115 2627 1550.

139 2769 150 2789 ¹
190 2770 227 2797 P.
250 2771 426 2804 Polancus,
451 2771 505 2805 qui
527 2771 677 2798 numeris
698 2771 730 2798 in
753 2778 813 2798 ora
835 2770 980 2804 paginae
1002 2770 1168 2804 appositis
1188 2770 1345 2797 diversas
1368 2771 1489 2798 harum
1513 2771 1709 2798 litterarum

84 2821 204 2851 partes
219 2818 384 2853 distinxit,
400 2817 556 2852 apposuit
571 2817 625 2844 hic
642 2825 817 2845 numerum
833 2818 853 2844 8
867 2822 900 2845 et
915 2817 1043 2844 addidit
1059 2819 1101 2843 de
1115 2818 1343 2851 provinciali.
