2020 3342
866 287 947 325 AN.
980 286 1069 325 1556
1704 287 1774 325 ‘243

155 385 424 436 conciones,
450 397 568 437 quae
596 390 769 437 quanta
799 397 903 425 cum
932 385 1215 425 audientium
1244 384 1511 425 assensione
1541 384 1774 435 excipian-

155 461 244 506 tur,
267 462 311 496 et
333 467 472 507 quam
495 456 808 507 multipliciter
830 456 1096 496 fructuosae
1117 456 1223 506 sint,
1248 455 1448 495 ostendit
1482 461 1641 507 aperte
1663 455 1774 494 mul-

156 526 302 567 titudo
319 538 492 577 eorum,
513 527 590 578 qui
609 526 667 567 ad
684 538 788 567 eum
806 527 1085 567 audiendum
1102 532 1368 566 accurrunt.
1387 526 1436 566 In
1454 526 1650 577 collegio
1666 536 1775 577 quo-

157 608 245 649 que
265 604 442 648 nostr0‚
475 598 636 638 diebus
671 598 916 638 dominicis
951 597 1353 649 quadragesimae,
1392 608 1512 637 Vnus
1547 609 1571 637 e
1604 597 1777 637 nostris

159 669 539 719 concionabatur,
576 669 805 720 quamuis,
844 669 909 708 uti
945 680 1084 719 saepe
1119 669 1235 709 alias
1267 668 1491 719 scriptum
1526 674 1611 717 est,
1637 667 1778 707 tantis

157 740 247 780 loci
268 740 520 791 premimur
541 740 783 790 angustiis,
808 746 858 780 vt
888 747 985 780 tam
1018 751 1190 791 magna
1219 739 1481 790 frequentia
1515 738 1779 779 auditorum

160 811 204 850 in
228 811 451 862 templum
480 811 596 850 adeo
634 811 856 861 exiguum
891 811 1077 850 minime
1099 810 1313 850 concludi
1334 810 1494 861 possit.
1519 810 1779 860 Argumen-

159 888 256 921 tum
273 882 436 922 harum
456 883 745 931 concionum,
769 882 1101 922 uellectionum
1114 881 1280 932 potiuS,
1295 880 1508 921 doctrina
1524 880 1781 920 christiana

160 959 276 1003 erat,
306 953 439 993 cuius
466 952 844 1003 interpretandae
874 952 1048 993 factum
1084 952 1235 992 fuerat
1274 946 1451 992 initium
1480 958 1656 992 aestate
1678 963 1781 1003 pro-

160 1025 282 1064 xime
303 1025 449 1075 lapsa;
468 1024 549 1064 sed
568 1024 625 1063 ob
643 1024 975 1074 aegritudines,
993 1034 1109 1074 quas
1127 1023 1223 1062 dixi
1240 1023 1468 1074 superius,
1487 1023 1643 1062 multis
1660 1034 1782 1062 men-

161 1096 288 1135 sibus
308 1095 532 1135 lectiones
553 1106 636 1134 eae
671 1094 854 1134 fuerant
890 1094 1196 1134 intermissae.
1228 1093 1467 1134 Reuocata
1496 1105 1679 1145 quoque
1700 1093 1783 1133 fuit

162 1165 447 1206 consuetudo
482 1165 698 1205 audiendi
729 1165 1063 1214 confessiones,
1102 1176 1285 1216 semper
1315 1172 1471 1205 tamen
1501 1176 1694 1205 numero
1712 1176 1784 1204 eo-

165 1249 282 1288 rum,
306 1237 383 1289 qui
411 1237 468 1277 ad
504 1249 588 1276 nos
623 1242 919 1288 peccatorum
957 1236 1323 1276 confitendorum
1360 1236 1512 1286 gratia
1541 1230 1784 1286 accedunt,

165 1320 406 1349 numerum
429 1320 483 1348 ac
506 1308 629 1348 uires
651 1302 1047 1348 confessariorum
1072 1313 1337 1347 nostrorum
1366 1318 1538 1357 magna
1568 1319 1625 1347 ex
1654 1313 1785 1358 parte

165 1386 428 1432 superante.
459 1379 515 1419 Et
537 1391 650 1419 sane
672 1385 767 1419 tam
798 1379 963 1419 uberes
999 1379 1175 1419 fructus
1205 1391 1263 1418 ex
1297 1378 1668 1419 confessionibus
1696 1379 1785 1418 col-

168 1451 247 1502 ligi
271 1451 599 1502 conspicimus,
624 1456 671 1491 ut
708 1462 798 1490 non
833 1450 931 1490 sine
962 1461 1134 1499 niagno
1168 1450 1417 1490 uerborum
1451 1455 1682 1501 apparatu
1711 1460 1787 1489 res

166 1523 257 1563 diei
277 1527 450 1574 posset,
474 1523 513 1562 si
535 1522 757 1562 utilitates
779 1533 954 1572 omnes,
978 1532 1096 1572 quae
1119 1520 1223 1561 inde
1241 1521 1575 1573 complurimae
1594 1516 1787 1561 afferun‹

170 1601 258 1645 tur,
283 1601 437 1634 essent
472 1593 743 1644 singillatim
780 1593 1066 1643 referendae,
1105 1593 1143 1632 si
1164 1598 1275 1644 quot
1298 1598 1341 1633 et
1363 1598 1535 1644 quanta
1564 1592 1676 1632 uitia
1698 1593 1789 1632 sint

168 1665 416 1717 extirpata,
446 1665 485 1704 si
511 1671 621 1717 quot
657 1676 811 1704 mores
845 1664 1206 1715 corruptissimi,
1243 1676 1328 1704 nec
1356 1664 1507 1704 minus
1529 1664 1719 1716 recepti,
1744 1664 1787 1704 in

170 1737 382 1778 meliores
403 1736 495 1776 sint
522 1736 811 1786 commutati,
842 1735 888 1775 ss
912 1735 1068 1775 omnsa
1103 1735 1298 1786 denique
1332 1735 1601 1775 minutatim
1636 1738 1790 1775 essent

164 1808 504 1860 persequenda.

247 1879 394 1931 Multi,
418 1879 495 1931 qui
516 1890 597 1931 per
618 1882 744 1920 totos
765 1890 932 1919 nonem
954 1890 1100 1919 annos
1122 1879 1381 1930 continuos,
1406 1882 1489 1919 ant
1511 1878 1696 1930 plnres,
1719 1890 1791 1919 oc-

172 1952 465 1992 cultauerant
499 1956 709 2002 peecata,
748 1950 948 1990 confessi
984 1956 1104 2000 sunt,
1138 1956 1180 1990 et
1215 1950 1329 2001 iam,
1366 1950 1471 1990 vice
1506 1955 1699 1998 mutata,
1737 1961 1791 1990 eo

172 2023 325 2063 animo
347 2033 460 2073 erga
483 2022 822 2062 confessionem
845 2021 1013 2071 affecti,
1045 2028 1094 2061 vt
1115 2022 1303 2061 minime
1337 2032 1420 2061 suo
1451 2021 1699 2073 desyderio
1723 2033 1791 2061 sa-

171 2093 423 2144 tisfaciant,
449 2093 487 2133 si
509 2099 677 2133 octauo
699 2104 882 2144 quoque
905 2093 977 2132 die
995 2092 1307 2132 conscientias
1329 2103 1438 2132 suas
1468 2092 1793 2133 sacerdotibus

173 2165 400 2217 aperiant,
424 2164 513 2204 nisi
534 2171 579 2205 et
601 2164 718 2204 alios
741 2164 911 2204 multos
932 2175 1091 2203 secum
1112 2163 1170 2202 ad
1188 2163 1310 2203 idem
1331 2164 1541 2214 inuitent,
1567 2164 1790 2214 alliciant,

172 2236 378 2276 trahant.
401 2234 548 2285 Multi,
575 2235 652 2287 qui
683 2235 859 2275 nullum
893 2235 939 2274 in
967 2233 1167 2274 ludendo
1198 2233 1386 2274 modum
1414 2235 1689 2285 retinebant,
1714 2234 1795 2274 sed

173 2305 489 2358 supellectiles
504 2310 632 2346 totas
648 2317 820 2357 magno
841 2317 1042 2346 suarum
1053 2305 1362 2355 familiarum
1383 2305 1677 2346 incommodo
1694 2317 1796 2357 pro-

176 2377 444 2427 fundebant,
469 2376 527 2417 ad
548 2377 639 2417 alia
660 2378 804 2417 multo
834 2377 1105 2417 honestiora
1133 2377 1357 2417 exercitia
1386 2383 1493 2417 sunt
1515 2377 1715 2417 auocati.
1740 2377 1797 2418 Et

178 2460 282 2489 cum
299 2460 382 2488 eae
404 2460 480 2488 res
501 2454 599 2488 tarn
620 2449 792 2489 multae
812 2448 996 2498 fuerint,
1025 2454 1073 2488 ut
1094 2448 1141 2487 in
1171 2448 1238 2488 eis
1265 2448 1478 2499 disperse
1499 2447 1800 2489 recensendis

174 2519 358 2571 possint
380 2519 632 2559 historiam
663 2518 813 2559 nznlto
840 2519 1127 2570 longiorem,
1156 2531 1241 2559 nee
1266 2519 1569 2560 infecundam
1595 2519 1798 2571 omnino,

181 2595 413 2641 retexere,
435 2591 474 2631 si
503 2590 579 2630 nel
605 2591 747 2630 uerba
778 2590 908 2631 uelut
936 2602 1012 2630 res
1033 2594 1352 2642 suppeterent,
1379 2591 1453 2631 nel
1482 2591 1526 2632 id
1547 2591 1645 2632 fieri
1666 2602 1802 2643 expe-

179 2663 311 2703 diret.
336 2662 493 2702 Vnum
512 2663 614 2713 hoc,
636 2662 760 2713 qnod
775 2662 902 2702 nolui
923 2669 1018 2702 tam
1036 2668 1343 2713 properanter
1361 2663 1632 2714 praeterire,
1651 2663 1803 2702 dicam

180 2733 434 2784 diffusius.

258 2804 423 2845 Extitit
444 2804 608 2844 mulier
630 2804 862 2856 quaedam
882 2816 945 2844 ex
965 2804 1042 2854 l‘IS,
1064 2815 1181 2855 qnae
1207 2804 1389 2844 nostris
1410 2805 1642 2844 Patribus
1666 2805 1803 2856 confi-

181 2875 275 2916 teri
291 2879 619 2925 consuescunt,
641 2876 783 2916 tantis
805 2882 974 2916 onusta
996 2887 1051 2916 ae
1072 2876 1253 2916 irretita
1275 2877 1504 2927 peccatis,
1529 2877 1716 2928 quantis
1737 2889 1806 2917 so-

182 2948 244 2987 let
265 2946 478 2997 grauari
494 2946 756 2987 miserrima
777 2947 897 2987 illius
918 2948 1180 2998 peccatoris
1202 2947 1379 2997 anima,
1403 2948 1496 2999 qui,
1520 2958 1624 2987 cum
1645 2948 1691 2988 in
1712 2948 1807 2988 uni-

185 3029 324 3059 uersa
358 3024 660 3069 peccatorum
693 3028 869 3068 genera
898 3028 1144 3069 praecepS,
1182 3017 1269 3058 Dei
1301 3018 1509 3059 bonitate
1543 3031 1598 3059 ac
1634 3018 1810 3059 iustitia

188 3093 361 3140 spreta,
385 3088 522 3128 finem
549 3087 756 3140 peccatis
778 3099 1013 3139 nunquam
1034 3088 1330 3139 imposuerit,
1352 3089 1556 3140 quinimo
1586 3089 1810 3130 maiorem
