2020 3342
853 270 934 306 AN.
968 269 1058 306 1556
1694 272 1767 308 593

143 375 188 407 et
217 379 371 407 mores
397 374 662 407 nostrorum
690 367 887 406 fratrum
915 366 1230 417 perstringere
1262 372 1304 404 et
1333 365 1578 405 obfuscare
1606 367 1762 406 innite-

144 438 326 477 bantur.
355 437 531 477 Verum
559 437 804 481 Dominus,
840 437 916 488 qui
945 443 989 476 et
1018 436 1335 485 dissimulare,
1365 442 1409 475 et
1432 441 1522 487 pro
1557 441 1765 487 tempore

145 507 411 548 diutissime
441 507 447 525 ¹
472 507 762 547 dissimulata
792 508 964 547 acriter
994 506 1232 547 uindicare
1267 507 1416 556 nouit,
1454 519 1545 546 non
1574 509 1721 548 solum
1750 507 1767 526 ²

145 579 354 631 permisit
376 585 424 618 ut
446 579 551 618 inde
574 579 744 629 aliquid
766 578 1031 618 detrimenti
1052 589 1339 629 caperemUS,
1364 589 1527 618 verum
1550 578 1699 618 effecit
1716 586 1763 618 ut

100 665 102 667 ·
147 661 235 701 quo
257 649 320 688 1111
342 650 494 699 magis
517 661 707 700 operam
728 648 973 696 dederunt,
997 655 1044 688 ut
1068 649 1231 700 quouis
1251 648 1389 688 modo
1419 657 1603 689 nostros
1633 650 1763 697 obfu-

145 723 333 759 scareut
354 719 385 767 ⁵,
406 732 460 759 eo
481 720 633 770 magis
653 720 827 759 ueritas
848 720 948 769 ipsa
970 721 1124 759 lumen
1146 731 1280 759 suum
1302 719 1597 770 diffunderet,
1618 728 1666 760 ut
1687 732 1763 771 po-

145 792 252 841 pulo
275 789 289 809 ‘²
309 791 561 841 patefieret.
585 790 643 830 Hi
664 797 769 830 sunt
787 791 863 841 qui
885 790 1047 830 rudem
1066 790 1353 841 plebeculam
1374 791 1759 841 circumueniunt‚

144 868 188 902 et
222 862 267 901 in
296 873 502 901 errorem
530 862 849 912 plausibilibus
880 861 1158 912 quibusdam
1188 862 1429 901 sententiis
1461 862 1687 908 alliciunt;
1718 862 1764 901 id

143 939 298 972 tamen
334 933 611 972 clanculum.
653 932 770 972 Nam
810 932 1055 971 manifesta
1091 932 1299 971 haeresis
1337 934 1462 972 nulla
1502 933 1654 973 adhuc
1690 933 1763 973 hic

143 1010 402 1054 grassatur.
428 1002 529 1042 Non
557 1003 685 1042 uisus
713 1010 781 1043 est
809 1003 981 1051 adhuc,
1013 1003 1089 1054 qui
1120 1003 1203 1042 sub
1233 1008 1429 1054 utraque
1456 1005 1610 1054 specie
1641 1016 1763 1044 com·

144 1074 423 1123 municaret‚
448 1081 526 1114 aut
548 1075 639 1114 ulla
661 1080 956 1114 sacramenta
979 1076 1311 1113 contemneret:
1344 1074 1460 1114 festa
1488 1087 1580 1114 non
1609 1075 1763 1115 admo-

144 1144 266 1195 dum,
291 1151 340 1184 ut
361 1152 405 1184 et
427 1145 473 1184 in
495 1145 597 1184 aliis
618 1145 842 1196 partibus,
866 1144 1082 1194 religiose.
1105 1153 1366 1184 seruantur.
1391 1144 1535 1185 Porro
1565 1146 1603 1185 si
1623 1158 1765 1197 popu-

143 1216 214 1256 lus
245 1217 393 1256 bonos
423 1216 563 1255 duces
591 1216 804 1265 haberet,
834 1215 961 1255 facili
988 1216 1175 1265 negotio
1207 1216 1265 1255 ad
1296 1228 1459 1256 sanam
1490 1223 1690 1256 mentem
1720 1224 1765 1256 et

143 1288 388 1339 pristinam
406 1287 678 1335 religionem
696 1287 854 1326 reduci
873 1286 1047 1336 poterit
1067 1287 1094 1326 ⁵.
1119 1285 1223 1331 Sed.
1248 1293 1295 1326 ut
1318 1287 1565 1327 dolendum
1583 1294 1665 1335 est,
1686 1288 1769 1328 du*

143 1370 221 1398 ces
243 1359 381 1398 habet
403 1357 741 1408 perditissimos
767 1356 795 1407 ⁶,
822 1364 1127 1402 scortatores,
1151 1359 1497 1409 negociatores,
1529 1367 1573 1398 et
1600 1359 1646 1399 in
1667 1360 1762 1399 uni-

143 1441 330 1470 uersum
352 1431 475 1469 omni
498 1430 725 1468 scelerum
746 1440 917 1479 genere
939 1437 1201 1479 coopertos.
1225 1428 1273 1469 Si
1293 1429 1462 1469 fratres
1482 1430 1629 1469 nostri
1652 1430 1764 1470 Ger-

142 1500 268 1541 mani
288 1501 334 1540 111
355 1500 589 1550 theologia
611 1511 888 1551 progressus
911 1501 1090 1551 aliquos
1110 1499 1342 1549 fecissent,
1366 1507 1445 1540 aut
1463 1501 1540 1540 alii
1556 1501 1765 1552 linguam

141 1571 460 1623 germanicam
483 1582 649 1610 sonare
670 1578 874 1619 nossent,
898 1570 1146 1622 plurimum
1167 1571 1469 1611 concionibus
1490 1572 1586 1611 suis
1606 1572 1652 1611 in
1673 1573 1764 1612 hoc

143 1643 327 1694 oppido,
352 1648 395 1681 et
417 1649 511 1681 tota
535 1642 731 1692 denique
753 1642 945 1691 regione
967 1640 994 1690 ⁷,
1018 1648 1260 1692 praestare
1283 1649 1487 1692 possent.

222 1713 349 1753 Haec
371 1720 499 1761 sunt,
530 1712 801 1752 Reuerende
823 1712 981 1760 Pater,
1007 1724 1125 1763 quae
1147 1712 1453 1764 significanda
1483 1714 1529 1753 in
1551 1726 1764 1765 praesen-

142 1785 310 1825 tiarum
334 1784 655 1824 occurrebant.
681 1783 902 1835 Superest
923 1790 971 1823 ut
992 1796 1076 1823 nos
1098 1796 1258 1824 omnes
1280 1785 1447 1824 obnixe
1476 1785 1764 1825 commende-

141 1868 244 1897 mus
266 1856 552 1896 orationibus
575 1856 745 1895 uestris
767 1855 1099 1905 sanctissimis,
1125 1867 1214 1906 quo
1243 1856 1382 1906 digne
1404 1863 1448 1896 et
1477 1868 1582 1897 cum
1611 1856 1766 1897 fructu

142 1930 188 1969 in
209 1928 343 1967 uinea
366 1926 554 1967 Domini
576 1928 761 1978 operari
783 1927 1030 1978 possimus

219 1999 446 2039 Dominus
466 1998 602 2050 jesus
623 2005 776 2037 seruet
798 1997 850 2037 R.
876 1998 933 2038 V.
958 1998 1034 2038 diu
1055 1999 1189 2038 nobis
1209 1999 1504 2040 incolumem.

220 2069 507 2120 Ingolstadii,
536 2069 582 2108 19
602 2069 894 2109 Nouembris.

218 2142 288 2181 Ex
311 2141 637 2181 commissione
658 2140 808 2180 Patris
829 2141 977 2181 nostri
1005 2140 1236 2189 Rectoris‚

325 2212 545 2263 indignus
566 2223 731 2251 servus
752 2211 805 2251 R.
833 2211 878 2251 P.
905 2212 973 2260 T.,

903 2355 1184 2395 THEoDoRts
1211 2355 1460 2396 PALTANUS
1481 2357 1601 2407 (sic).

221 2567 571 2619 Superscrz'ptz'o
589 2567 637 2606 in
659 2570 831 2617 quarta
847 2566 1054 2617 pagina:
1076 2566 1174 2606 R.d0
1193 2570 1238 2608 in
1260 2569 1380 2620 Xpo.
1402 2569 1528 2609 Patri
1548 2569 1606 2609 M.
1627 2570 1762 2622 Jaco-

138 2640 196 2679 bo
217 2639 404 2690 Laynes
425 2637 672 2678 Societatis
691 2637 801 2690 Jesu
824 2637 1015 2678 Vicario
1039 2638 1274 2679 Generali.
1299 2639 1489 2680 Rornae.

241 2797 287 2823 ad
303 2798 452 2830 tempus.
472 2797 658 2824 Pomxxcus.

240 2852 306 2871 non
320 2845 429 2871 solum
445 2852 522 2871 uon.
540 2844 587 2871 Io.

241 2892 481 2919 obscurarent.
495 2892 545 2918 Io.

241 2940 363 2972 populo
380 2939 427 2966 id.
444 2939 491 2966 ln.

241 2988 370 3019 posset.
386 2986 435 3013 Io.

243 3034 279 3059 in
297 3034 401 3060 rebus
414 3036 666 3068 spiritualibus
681 3036 939 3069 perditissimos.
956 3035 1005 3063 10.

243 3079 308 3107 hac
322 3081 471 3116 regione.
487 3081 538 3109 Io.

190 2796 206 3098 κΙΦῦῑῠ-ὺῑὶοιι
