2020 3342
265 207 335 245 576
775 205 999 244 LITTERAE
1026 214 1381 248 QUADRIMESTRES

267 307 397 357 gilat,
421 316 559 357 quam
581 305 797 345 iuuentus
818 313 988 352 magna
1012 301 1281 342 celebritate
1302 301 1507 342 ciuitatis
1533 306 1709 352 ageret,
1740 300 1887 353 impit-

267 388 372 417 ram
393 380 437 417 et
465 376 707 416 obscenam
727 372 970 424 fabulam,
992 372 1123 413 cuius
1149 373 1224 413 vel
1250 373 1352 424 ipsa
1373 372 1679 413 Ethnicorum
1705 372 1887 412 theatra

268 447 536 499 depuderet.
560 446 642 495 Ea,
672 449 860 496 propter
890 444 1152 495 insumptas
1179 455 1272 484 non
1297 455 1472 495 paruas
1501 444 1752 495 impensas,
1782 454 1888 483 cum

266 528 460 570 prorsus
482 515 696 568 impediri
715 527 808 556 non
835 520 1007 566 posset,
1041 526 1098 555 ne
1125 520 1283 555 tamen
1309 526 1393 567 pro
1423 526 1508 555 sua
1538 514 1727 555 libidine
1755 514 1802 554 in
1832 525 1888 555 ea

267 588 584 629 dominaretur
620 598 674 627 ac
709 586 1019 637 triumpharet
1051 592 1296 637 tyrannuS,
1330 585 1723 637 quadragenaria
1753 598 1780 626 a
1809 597 1886 625 no-

269 660 392 710 stris,
416 659 494 710 qui
516 658 725 707 aderant,
749 657 865 709 ipso,
896 669 986 709 quo
1015 657 1258 697 comoedia
1285 656 1547 697 exhibenda
1575 662 1690 708 erat,
1722 656 1795 697 die
1824 657 1888 697 in-

267 730 428 771 stituta
449 736 517 770 est
540 729 690 769 oratio
714 726 740 766 ¹.
763 728 917 780 Atque
939 728 999 769 ad
1019 727 1140 768 hanc
1161 728 1347 779 quidem
1366 734 1523 768 tantus
1543 727 1715 768 ciuium
1736 727 1889 768 factus

268 807 336 842 est
359 811 630 851 concursus,
653 805 784 840 tanta
806 799 1208 840 sanctissimorum
1235 799 1546 851 frequentatio
1573 804 1890 840 sacramento-

268 884 386 923 rum,
411 872 476 912 uti
498 878 608 923 tres,
632 871 710 923 qui
730 871 793 911 illi
814 877 1039 912 uacarent
1066 870 1337 922 ministerio,
1371 871 1654 921 sacerdotes,
1684 882 1711 911 a
1739 871 1889 921 prima

268 946 369 985 luce
391 943 449 984 ad
472 944 664 984 multam
686 948 885 993 noctem,
909 953 990 982 nec
1018 954 1106 994 quo
1134 943 1287 983 cibum
1317 948 1567 992 sumerent,
1599 943 1673 982 uel
1703 941 1890 983 omnino

267 1015 568 1067 respirarent,
593 1013 930 1066 aliquantulum
952 1014 1033 1053 otii
1053 1013 1143 1053 vix
1170 1013 1570 1054 nanciscerentur.
1600 1013 1779 1054 Tantus
1805 1012 1891 1053 fuit

268 1087 314 1127 in
335 1098 384 1126 re
406 1085 731 1126 sanctissimae
753 1085 990 1135 nouitatiS,
1014 1096 1119 1125 cum
1140 1096 1321 1125 summa
1343 1084 1650 1125 admiratione
1678 1090 1720 1124 et
1748 1084 1889 1136 pieta-

267 1164 327 1209 te,
351 1157 397 1197 in
422 1156 655 1208 plerisque
675 1162 827 1197 motus
849 1156 1125 1207 animorum,
1150 1162 1198 1196 ut
1218 1155 1317 1207 illi,
1339 1156 1421 1207 qni
1444 1156 1535 1196 iter
1561 1155 1742 1196 externi
1769 1155 1890 1195 face-

268 1234 386 1279 rent,
411 1229 468 1269 ob
489 1227 727 1279 geminum
748 1227 907 1279 populi
929 1239 1223 1278 concursum,
1249 1239 1384 1279 quem
1405 1227 1744 1279 conspicerent,
1774 1226 1890 1267 duas

268 1300 418 1341 uideri
446 1300 548 1350 sibi,
581 1300 778 1339 alteram
805 1298 864 1339 ad
892 1310 1104 1349 scaenas,
1137 1300 1333 1339 alteram
1364 1299 1423 1339 ad
1453 1299 1642 1349 templa,
1674 1298 1891 1338 ciuitates

270 1371 504 1412 confluere
525 1370 868 1423 praedicarent.
893 1369 984 1410 Sed
1013 1369 1200 1410 Christo
1227 1371 1329 1410 laus
1357 1377 1401 1410 et
1426 1369 1700 1410 immortalis
1720 1369 1889 1420 gratia,

270 1443 347 1495 qui
370 1443 416 1483 in
437 1449 533 1483 tam
553 1441 787 1494 plausibili
815 1441 1055 1481 daemonis
1087 1441 1305 1481 illecebra
1336 1448 1380 1481 et
1409 1442 1657 1492 lenocinio,
1689 1441 1790 1492 ipso
1818 1441 1892 1480 uel

269 1515 430 1565 inuito,
454 1513 678 1554 maiorem
700 1524 755 1553 ac
777 1512 1004 1564 potiorem
1025 1519 1207 1563 partem
1233 1512 1281 1552 in
1303 1512 1482 1552 virtute
1497 1524 1586 1552 sna
1602 1512 1892 1552 uindicatam

271 1585 602 1637 triumphauit.
626 1584 746 1624 Hinc
768 1595 880 1624 uero
902 1584 994 1623 iam
1020 1583 1066 1623 in
1093 1582 1373 1624 Societatem
1405 1590 1614 1624 nostram
1641 1583 1893 1634 singularis

271 1659 369 1699 eius
390 1657 549 1709 populi
570 1659 856 1707 consequuta
879 1659 948 1695 est
969 1655 1288 1704 obseruantia,
1313 1655 1521 1695 maxime
1548 1654 1725 1695 sunnni
1748 1654 1890 1705 Magi-

269 1735 445 1770 stratus
465 1740 587 1779 erga
614 1738 700 1767 nos
727 1725 1045 1766 beneuolentia
1074 1730 1117 1766 et
1145 1726 1455 1777 necessitudo,
1484 1725 1770 1766 incredibilis
1800 1724 1890 1766 Gu-

268 1800 529 1841 bernatoris
552 1799 692 1839 totius
714 1798 977 1849 picentinae
999 1797 1203 1848 regionis
1226 1796 1239 1816 ²
1262 1797 1354 1849 (qui
1377 1798 1438 1838 ibi
1470 1797 1627 1838 sedem
1658 1797 1812 1848 habet)
1845 1798 1892 1836 in

268 1878 454 1912 nostros
476 1869 774 1919 hnmanitas,
795 1869 850 1908 de
878 1880 969 1920 qua
985 1874 1136 1919 porro
1164 1868 1236 1908 hic
1267 1868 1384 1908 nihil
1415 1870 1577 1915 modo,
1600 1872 1768 1920 postea
1800 1878 1892 1908 non

269 1943 452 1983 remisit
473 1943 556 1982 sed
577 1942 718 1981 anxit
739 1941 787 1980 in
809 1941 921 1980 dies.

346 2015 403 2055 Et
427 2025 531 2054 cum
554 2013 724 2063 omnia,
744 2024 863 2064 quae
880 2012 1025 2052 nostri
1046 2012 1369 2062 instituissent,
1390 2012 1510 2052 ultro
1530 2011 1774 2062 concessit,
1796 2018 1892 2052 tum

270 2085 383 2125 illud
409 2096 592 2136 quoque
613 2083 841 2135 promisit,
865 2082 981 2122 nihil
1008 2082 1130 2134 quod
1158 2083 1216 2123 ad
1246 2083 1560 2134 blasphemias
1592 2089 1637 2123 et
1667 2083 1713 2123 in
1743 2082 1893 2123 Deum

269 2156 509 2207 Diuosque
530 2154 734 2195 conuitia
765 2154 1134 2204 exterminanda,
1165 2154 1562 2194 circumforaneos
1590 2155 1893 2194 circulatores

271 2227 411 2279 (quod
433 2226 837 2278 peruersissimum
860 2225 968 2265 illud
991 2236 1141 2276 genus
1162 2225 1400 2265 hominum
1428 2226 1621 2265 multum
1653 2225 1714 2265 ibi
1741 2224 1893 2266 afflue-

270 2298 358 2350 ret)
381 2297 618 2350 pellendos
640 2296 1049 2348 profligandosque
1071 2296 1302 2347 attineret,
1327 2297 1786 2348 praetermissurum3
1806 2296 1893 2336 sibi

271 2371 491 2421 deinceps
530 2380 690 2408 curam
731 2368 785 2408 de
826 2368 1118 2408 xenodochio
1166 2368 1368 2408 suturam
1390 2381 1397 2409 :
1445 2380 1529 2420 pro
1576 2368 1893 2408 confirmanda

271 2448 423 2482 autem
448 2440 568 2480 inter
588 2439 791 2490 reliquos
814 2439 965 2479 adhuc
987 2438 1213 2490 quosdam
1236 2440 1362 2480 ciues
1380 2451 1495 2491 pace
1512 2439 1683 2491 (quam,
1702 2445 1892 2490 propter

272 2511 527 2552 absentiam
551 2509 881 2560 quorumdam,
898 2509 973 2560 qui
992 2509 1049 2549 ad
1066 2521 1167 2550 eam
1186 2510 1578 2561 desiderarentur,
1595 2511 1742 2551 nostri
1759 2511 1893 2562 plene

325 2696 334 2716 ¹
377 2695 447 2722 Hoc
463 2701 526 2722 est:
542 2702 560 2722 a
574 2695 712 2728 nostris,
728 2694 783 2728 qui
799 2698 869 2721 tum
889 2694 1064 2722 Macerata
1088 2696 1327 2727 versabantur,
1352 2702 1416 2728 quo
1436 2695 1487 2722 die
1513 2695 1685 2722 comoedia
1706 2694 1896 2722 exhibenda

273 2747 359 2777 erat,
375 2742 603 2777 quadraginta
619 2742 779 2769 horarum
795 2742 905 2769 oratio
921 2742 983 2769 fuit
999 2742 1168 2769 instituta.

325 2791 338 2810 Ξ
376 2789 472 2817 Hunc
489 2790 722 2816 existimamus
738 2788 840 2816 fuisse
857 2789 1040 2816 Caesarem
1060 2789 1244 2821 Gambara.
1261 2789 1451 2817 Derthoner
1463 2797 1531 2817 sem
1546 2790 1761 2824 Episcopum.
1778 2790 1817 2817 de
1833 2797 1898 2824 quo

272 2837 455 2866 Ouvssmus
470 2836 655 2864 MANAREUS
676 2837 708 2863 in
725 2836 983 2864 Commentario
998 2837 1041 2863 a'e
1063 2837 1168 2864 rebus
1190 2836 1389 2870 Socz'etatiS,
1410 2845 1438 2864 c.
1453 2844 1499 2869 lx,
1514 2838 1529 2870 ξ
1544 2837 1587 2864 27.
1605 2854 1612 2855 ff
1628 2837 1713 2864 Vide
1736 2842 1849 2864 tamen
1864 2838 1897 2864 in

271 2885 437 2914 Archivio
458 2885 585 2911 stort'ro
601 2884 761 2917 stallano,
778 2884 865 2911 serie
882 2885 1002 2917 prima,
1019 2885 1086 2912 vol.
1102 2892 1159 2918 ΧΠ,
1178 2892 1257 2919 pag.
1273 2885 1337 2918 398,
1349 2885 1484 2912 litteras
1500 2884 1592 2911 Petri
1609 2884 1738 2912 Strozzi
1759 2885 1798 2912 ad
1819 2885 1897 2913 Gal-

271 2933 336 2961 liae
352 2932 491 2968 Regem,
506 2931 699 2959 Maceratae
715 2932 814 2959 datas
829 2932 862 2958 12
878 2932 1023 2966 Augusti
1039 2932 1138 2966 huJus
1149 2932 1227 2960 anni
1243 2932 1323 2967 1556,
1335 2932 1390 2959 ubi
1414 2932 1526 2966 potius
1547 2939 1657 2959 sermo
1673 2932 1809 2960 videtur
1824 2932 1894 2960 fieri

273 2980 311 3007 de
334 2980 451 3014 eo‚qui
475 2978 616 3007 militiae
637 2979 669 3006 in
690 2977 844 3006 Marchia
865 2983 1036 3013 praeerat,
1056 2987 1154 3013 quam
1175 2980 1214 3006 de
1233 2979 1549 3014 Gubernatore‚qui
1569 2979 1743 3008 Pontificis
1763 2981 1894 3008 nomine

274 3035 346 3055 eam
365 3027 537 3062 regionem
559 3026 832 3055 administrabat.
