2020 3342
251 217 318 256 152
744 219 970 256 LITTERAE
996 228 1352 262 QUADRIMESTRES

246 325 345 355 nes.
368 313 416 354 P.
439 314 641 366 Jacobus
664 315 932 355 Gusmanus
954 314 1215 354 doctrinam
1237 314 1541 354 christianam
1570 313 1774 364 exponit,
1805 313 1864 354 di·

249 391 431 425 ctorum
453 398 479 425 a
500 386 672 426 nostris
694 386 934 437 discipulis
955 385 1148 436 exigens
1176 385 1419 433 rationem,
1454 396 1544 436 quo
1571 384 1661 424 uiri
1691 396 1746 424 ac
1773 395 1868 424 mu-

241 456 386 499 ⁴lieres
409 468 463 495 ea
486 456 714 496 audiendo
736 456 1126 506 retractandoque
1146 455 1430 506 perdiscant.
1453 455 1577 495 Idem
1600 455 1737 495 Pater
1759 455 1867 496 duo-

248 526 335 565 bus
356 527 586 566 nobilibus
607 527 818 578 hispanis
840 527 1099 578 spiritualia
1131 526 1354 565 exercitia
1381 526 1636 577 proposuit,
1669 537 1866 577 quorum

251 597 368 636 alter
399 597 730 648 ingrediendae
757 597 1007 638 Societatis
1034 607 1205 647 magno
1236 603 1417 636 tenetur
1446 596 1703 636 desiderio:
1734 597 1865 646 alter,

246 668 323 717 qui
345 668 496 708 adhuc
518 668 605 719 piis
627 674 871 708 exercetur
892 667 1282 716 meditationibUS,
1308 667 1367 707 ad
1387 679 1491 707 eam
1511 679 1744 719 propenso
1772 668 1868 708 ani-

246 749 321 777 mo
342 738 510 778 fertur:
534 751 619 778 nos
641 739 825 790 quidem
847 739 902 778 de
925 745 1119 789 utroque
1140 738 1363 789 optimam
1391 750 1520 789 spem
1552 738 1866 789 concepimus.

245 808 392 848 Porro
414 815 600 860 praeter
621 809 808 859 generis
828 809 1115 848 nobilitatem
1143 815 1247 848 sunt
1277 808 1323 848 in
1352 808 1500 848 literis
1530 808 1643 848 satis
1676 809 1866 859 uersati,

246 879 471 919 modestia
495 891 605 919 uero
628 886 671 919 et
692 880 851 930 probis
872 880 1077 919 moribus
1099 879 1323 919 decorati.

325 949 446 989 Rsslus
472 950 608 990 Pater
630 950 913 999 Ludouicus‚
939 951 1015 1001 qui
1042 956 1149 989 ante
1176 951 1346 989 multos
1375 950 1473 989 dies
1503 949 1739 1001 profectus
1766 956 1867 991 erat

250 1019 473 1070 Aletium,
499 1021 621 1072 quod
643 1022 689 1060 in
711 1032 765 1060 ea
787 1021 900 1060 urbe
922 1033 945 1060 e
966 1020 1199 1061 Societate
1222 1020 1388 1071 aliquis
1405 1020 1764 1071 desideraretur,
1789 1021 1867 1062 diu

246 1097 434 1141 optatus
456 1092 607 1131 rediit.
638 1091 759 1142 Quid
789 1092 936 1142 egerit
964 1091 1085 1140 boni,
1119 1091 1286 1141 quidue
1318 1091 1458 1131 futuri
1488 1091 1545 1130 sit
1575 1092 1688 1142 spei,
1721 1091 1867 1142 ipsius

245 1161 407 1201 literae
429 1162 747 1202 declarabunt.
777 1162 890 1202 Illud
922 1169 1102 1202 tantum
1134 1162 1301 1212 dicam,
1335 1163 1584 1201 multorum
1615 1162 1863 1214 deuotioni,

244 1233 551 1283 plurimarum
574 1233 711 1272 saluti
733 1233 1010 1278 animarum,
1034 1232 1279 1272 Societatis
1298 1243 1478 1283 quoque
1498 1233 1672 1283 optimo
1690 1233 1867 1273 nomini

244 1303 383 1342 latius
405 1302 703 1343 diffundendo
726 1310 804 1343 aut
826 1303 1157 1351 confirmando,
1178 1300 1276 1342 ei'us
1293 1303 1580 1354 profectione
1596 1303 1738 1343 fuisse
1759 1315 1865 1343 con-

241 1374 427 1413 sultum.

322 1444 560 1484 Hactenus
584 1445 639 1484 de
661 1446 874 1485 omnibus
894 1446 1197 1496 generaliter:
1231 1457 1353 1484 nunc
1381 1445 1601 1496 priuatim
1636 1445 1691 1485 de
1718 1457 1866 1486 vxore

241 1515 401 1565 Ducis,
428 1527 546 1567 quae
568 1515 752 1567 quidem
774 1516 897 1555 bono
919 1528 974 1555 ac
996 1516 1174 1555 liberali
1200 1527 1314 1566 erga
1350 1527 1435 1555 nos
1471 1522 1539 1555 est
1574 1516 1746 1567 animo,
1781 1516 1866 1557 Pa—

241 1592 359 1626 trem
380 1593 535 1625 tamen
555 1587 744 1637 Laynez
766 1587 993 1638 imprimis
1016 1593 1163 1637 amat3
1188 1587 1290 1626 ideo
1313 1599 1404 1626 non
1440 1598 1605 1638 parurn
1632 1587 1864 1628 laborauit

240 1664 289 1696 ut
312 1668 416 1696 eum
438 1656 523 1696 sibi
547 1669 571 1696 a
593 1657 816 1697 Pontificc
838 1657 1122 1708 impetraret.
1149 1657 1266 1707 Quia
1290 1669 1400 1697 uero
1423 1658 1519 1696 uoti
1547 1669 1739 1708 compos
1764 1657 1864 1698 fieri

241 1740 333 1767 non
355 1728 520 1779 potuit,
545 1739 598 1766 eo
619 1729 815 1778 grauius
836 1728 952 1777 tulit,
977 1740 1066 1779 quo
1095 1729 1245 1779 magis
1273 1728 1538 1767 ualetudine
1566 1729 1777 1779 corporis
1807 1740 1864 1768 ac

242 1799 408 1838 mortis
443 1798 689 1838 formidine
725 1800 1009 1839 terrebatur:
1042 1800 1129 1839 hac
1160 1800 1283 1839 enim
1312 1799 1607 1850 potissimum
1637 1798 1692 1838 de
1718 1810 1862 1840 causa

237 1868 427 1908 Patrem
449 1869 637 1920 Laynez
659 1876 953 1920 praesentem
976 1870 1182 1921 optabat,
1207 1876 1254 1909 ut
1277 1870 1341 1909 illi
1362 1869 1674 1917 confiteretur,
1705 1875 1860 1921 atque,

236 1941 375 1979 rebus
410 1940 623 1979 omnibus
659 1952 716 1979 ex
750 1940 897 1990 ipsius
931 1941 1160 1980 sententia
1196 1940 1480 1991 compositis,
1514 1940 1695 1990 placide
1730 1940 1862 1980 dece-

236 2010 381 2050 deret.

316 2080 445 2120 Haec
467 2088 573 2120 sunt
596 2081 650 2120 de
673 2082 838 2132 quibus
859 2082 912 2121 T.
942 2081 994 2122 R.
1025 2082 1360 2122 Paternitatem
1388 2082 1726 2121 admonendam
1758 2093 1861 2121 cen—

236 2151 427 2191 suimus.
465 2151 567 2191 Non
599 2162 667 2192 est
702 2153 824 2203 quod
846 2164 930 2192 nos
959 2152 1163 2192 desidiae
1186 2163 1476 2202 accusemus3
1501 2152 1602 2203 ipsa
1623 2164 1697 2191 res
1725 2152 1861 2192 docet

234 2228 459 2273 quantum
482 2223 644 2262 alienis
667 2223 955 2263 orationibus
977 2224 1284 2274 indigeamus
1309 2223 1443 2273 Roga
1466 2223 1622 2274 igitur,
1647 2221 1746 2263 Rae
1775 2223 1861 2263 Pa-

234 2299 319 2343 ter,
354 2304 437 2343 pro
474 2294 608 2332 nobis
635 2293 887 2333 Dominum
915 2294 1089 2346 Jesum,
1123 2300 1170 2333 ut
1206 2305 1325 2345 quae
1360 2294 1458 2333 eius
1492 2300 1598 2334 sunt
1632 2294 1859 2334 uoluntati

236 2370 569 2411 consentanca,
594 2364 861 2415 diligentius
882 2365 928 2404 in
949 2371 1186 2416 posterum
1208 2364 1519 2415 perficiamus.

319 2433 602 2483 Florentiae,
625 2434 650 2473 S
673 2435 859 2475 Calend.
884 2435 1039 2475 Martii
1064 2435 1177 2475 1556.

315 2503 366 2544 T.
392 2503 445 2543 R.
469 2504 517 2543 Ρ.
543 2516 706 2544 seruus
728 2506 960 2556 indignus,

1346 2649 1442 2689 LEo
1473 2649 1643 2689 L1L1us.

318 2858 670 2909 Superscm'pfz'o
692 2859 740 2897 sn
763 2864 934 2910 quarta
950 2861 1162 2911 pagina:
1184 2861 1212 2905 †
1234 2860 1499 2901 Admodum
1520 2860 1620 2900 R.d0
1650 2861 1696 2900 in
1727 2859 1858 2900 Chri-

242 2934 315 2968 sto
337 2928 463 2968 Patri
485 2928 664 2979 Ignatio
685 2929 957 2981 Praeposito
985 2931 1199 2971 Generali
1229 2931 1476 2971 Societatis
1502 2931 1628 2984 Jesu,
1662 2930 1854 2971 Romae.

318 2998 428 3038 Alia
463 3010 624 3039 manu:
662 2999 776 3040 1556.
800 2999 1052 3041 Florentia.
1077 3001 1451 3052 Quadrimestres
1470 3001 1522 3041 23
1542 3001 1800 3041 Februarii.
