2020 3342
210 236 256 271 60
719 234 944 271 LITTERAE
971 245 1329 277 QUADRIMESTRES

210 336 473 371 mentorum
489 331 658 381 gratia.
676 331 725 370 In
736 330 1011 370 Pentecoste
1027 341 1228 381 magnus
1242 330 1353 369 item
1365 341 1585 370 numerus
1600 330 1837 381 poeniten-

210 401 340 440 tium.
363 401 413 441 In
434 401 664 441 aduentus
684 412 828 452 porro
848 400 1040 450 foribus,
1064 407 1109 440 et
1131 401 1203 440 his
1219 400 1444 451 proximis
1460 399 1651 441 Domini
1672 402 1836 441 natali-

212 472 312 521 bus,
333 483 555 511 numerus
571 473 810 523 superauit
828 472 1165 523 spectationem
1182 477 1408 520 nostram;
1429 476 1472 510 et
1488 471 1610 510 hanc
1625 471 1835 523 frequen-

212 542 339 591 tiam,
372 553 453 593 per
483 554 532 582 se
561 543 807 582 honestam
835 549 879 582 et
908 543 1022 582 satis
1051 542 1306 591 laudatam,
1341 542 1663 581 cohonestauit
1694 541 1834 582 etiam

213 612 473 652 authoritas
494 613 665 653 ciuium
696 613 918 653 nobilium
948 619 991 652 et
1020 613 1262 652 doctorum
1298 611 1619 663 quorumdam,
1652 612 1731 663 qui
1758 625 1834 652 ex-

210 683 396 723 cellenti
422 683 681 723 humilitate
709 695 903 723 coenam
932 683 1121 723 Domini
1147 683 1458 722 celebrarunt.
1489 682 1541 721 ln
1569 683 1640 722 his
1666 688 1736 722 est
1757 682 1834 722 do-

210 760 312 793 ctor
333 754 523 805 quidam
544 762 589 795 et
609 755 750 794 iudex
771 754 919 793 Rotae
943 753 968 803 ¹,
994 760 1042 793 ut
1063 754 1209 802 aiunt,
1233 753 1307 793 vir
1328 753 1649 803 perstudiosus
1678 764 1833 793 rerum

207 824 489 875 diuinarum,
504 831 799 876 sectatorque
817 825 1119 875 euangelicae
1131 824 1335 876 pietatis:
1354 824 1392 863 is
1410 823 1552 874 igitur
1569 824 1732 864 crebro
1747 835 1834 863 nos

207 895 381 946 inuisit,
407 895 665 945 confitetur,
695 895 1028 935 eucharistiam
1054 895 1265 946 percipit.

288 965 414 1006 Ciuis
443 967 629 1017 quidam
656 967 914 1006 honoratus
948 972 992 1005 et
1028 966 1158 1005 diues
1185 965 1453 1017 frequentat
1482 965 1624 1004 etiarn
1643 963 1833 1005 Domini

202 1048 415 1076 mensam
442 1043 612 1077 octauo
643 1048 826 1088 quoque
853 1037 941 1085 die,
972 1043 1016 1076 et
1043 1037 1270 1087 proximis
1297 1036 1458 1076 diebus
1485 1036 1569 1075 fuit
1598 1048 1625 1075 a
1658 1036 1833 1076 nostris

206 1107 461 1147 instructus
482 1107 622 1147 rebus
642 1108 811 1147 diuinis
833 1115 876 1147 et
898 1107 1174 1147 informatus
1192 1108 1251 1146 ad
1268 1107 1572 1146 christianam
1592 1107 1829 1157 pietatem,

203 1184 249 1217 et
270 1183 452 1217 tantum
472 1178 519 1218 in
540 1178 703 1230 spiritu
719 1178 829 1218 fecit
851 1189 1153 1229 progressum
1175 1178 1265 1217 illis
1286 1178 1462 1217 sanctis
1483 1177 1830 1217 exercitationi—

203 1248 302 1296 bus,
334 1254 382 1288 ut
409 1249 623 1288 statuerit
649 1260 751 1288 sese
773 1255 923 1289 totum
943 1249 1175 1288 abducere
1197 1260 1224 1287 a
1245 1248 1383 1288 rebus
1407 1248 1613 1288 externis
1634 1253 1679 1288 et
1700 1259 1830 1288 mun-

208 1318 253 1357 di
287 1319 507 1369 negotiis,
545 1325 590 1359 et
625 1320 831 1359 animum
865 1319 1122 1359 transferre
1158 1319 1217 1359 ad
1255 1319 1443 1370 pietatis
1478 1318 1654 1368 studia,
1693 1324 1830 1369 atque

205 1389 452 1429 consilium
469 1398 737 1441 susceptum
755 1390 916 1430 officiis
932 1390 1216 1441 quotidianis
1233 1389 1455 1439 declarat,
1476 1389 1679 1439 quotidie
1695 1390 1829 1429 uehe-

202 1461 400 1500 mentius
424 1461 471 1500 in
492 1459 681 1500 Domini
702 1473 840 1501 cruce
862 1461 1065 1501 tollenda
1089 1461 1352 1501 elaborans.

283 1530 496 1581 Insignes
522 1531 711 1582 quidam
742 1538 1017 1583 peccatores
1046 1533 1233 1572 fuerunt
1264 1544 1291 1571 a
1320 1531 1538 1571 Patribus
1573 1531 1776 1570 extracti
1804 1542 1829 1569 a

204 1607 506 1651 peccatorum
527 1613 689 1653 coeno,
712 1604 791 1654 qui
812 1610 919 1643 ante
941 1615 1025 1643 sex
1047 1615 1195 1643 annos
1223 1603 1281 1642 ad
1310 1607 1714 1642 sacramentorum
1733 1601 1830 1640 bal-

200 1683 289 1711 nea
309 1684 403 1712 non
420 1680 740 1723 accurrerant,
761 1674 842 1713 sed
860 1685 1045 1725 semper
1062 1673 1291 1713 submersi
1310 1673 1496 1713 fuerant
1517 1671 1760 1712 libidinum
1782 1678 1826 1710 et

203 1743 424 1783 uitiorum
446 1744 657 1784 colluuie:
681 1745 727 1784 in
745 1744 815 1784 his
832 1744 918 1784 fuit
939 1751 983 1784 et
1004 1745 1184 1794 mulier,
1209 1755 1329 1795 quae
1345 1744 1506 1783 decem
1528 1754 1676 1782 annos
1700 1742 1826 1782 adul-

199 1814 318 1853 terio
339 1813 491 1854 fuerat
513 1815 795 1866 mancipata,
826 1822 869 1854 et
899 1816 1085 1866 quando
1107 1815 1236 1855 seriis
1257 1815 1463 1866 paschae
1485 1813 1827 1853 confessionem

203 1884 374 1934 adibat,
412 1896 595 1936 semper
625 1885 671 1924 id
700 1893 948 1936 peccatum
983 1886 1278 1926 sacerdotem
1312 1885 1515 1934 celabat;
1545 1895 1668 1923 nunc
1695 1895 1826 1932 vero,

203 1955 384 1995 abiecto
411 1956 713 1996 acerbissimo
742 1958 980 1997 seruitutis
1013 1957 1136 2007 iugo,
1168 1957 1312 1996 uitam
1341 1955 1552 2005 mutauit,
1578 1966 1632 1993 ac
1654 1954 1825 2005 nupsit.

279 2025 561 2066 Franciscus
588 2027 809 2077 Palmius,
838 2027 1026 2070 Rector.
1058 2028 1182 2067 dedit
1213 2038 1395 2078 semper
1427 2037 1619 2077 operam
1652 2025 1827 2065 confes-

201 2096 384 2136 sionum
413 2098 699 2148 prouinciae,
734 2104 778 2137 et
809 2099 1112 2138 concionatus
1145 2105 1212 2137 est
1243 2097 1454 2137 omnibus
1485 2097 1647 2136 diebus
1681 2095 1826 2136 festis.

200 2166 355 2218 Atque
372 2168 417 2206 in
437 2168 643 2208 omnium
660 2167 944 2208 Sanctorum
958 2169 1085 2208 feriis
1103 2168 1308 2219 incoepit
1324 2168 1371 2207 in
1390 2168 1563 2218 templo
1576 2166 1727 2206 Diuae
1741 2165 1826 2205 Lu-

200 2237 301 2276 ciae
324 2238 619 2288 euangelium
642 2239 699 2279 D.
723 2239 947 2279 Matthaei
968 2239 1229 2290 frequentia
1247 2238 1487 2278 hominum
1505 2244 1547 2277 et
1565 2237 1825 2277 mulierum:

200 2307 321 2347 idem
342 2307 514 2348 Rector
537 2321 563 2348 a
585 2310 796 2359 lectione,
827 2310 925 2349 siue
947 2305 1191 2359 concione,
1216 2309 1402 2349 instruit
1429 2308 1657 2359 quosdam
1683 2308 1824 2354 ciues,

201 2384 245 2417 ct
277 2378 422 2418 bonos
453 2386 497 2418 et
523 2379 709 2430 pietatis
740 2380 988 2431 studiosos,
1022 2380 1160 2420 rebus
1191 2380 1361 2420 diuinis
1383 2379 1687 2430 doctrinaque
1709 2378 1825 2418 chri-

197 2448 366 2489 stiana.
405 2448 545 2497 idem,
577 2457 764 2501 praeter
796 2452 1042 2491 lectionem
1070 2451 1163 2490 iam
1191 2456 1608 2490 commemoratam
1636 2456 1679 2489 et
1711 2449 1822 2488 assi-

202 2518 318 2558 duas
341 2519 603 2570 conciones,
628 2532 744 2571 quas
761 2521 807 2560 in
825 2522 1059 2572 uirginum
1077 2521 1250 2561 Christi
1269 2521 1506 2560 coenobiis
1522 2519 1676 2569 habet,
1695 2531 1825 2570 prae-

200 2595 271 2628 ter
289 2589 473 2629 labores
494 2602 715 2641 summos,
739 2603 855 2642 quos
883 2604 966 2642 pro
994 2592 1191 2631 fratrum
1221 2598 1263 2630 et
1294 2592 1591 2631 sacerdotum
1623 2590 1748 2629 uictu
1780 2596 1824 2628 ct

201 2660 387 2709 uestitu,
421 2666 465 2700 et
496 2660 658 2700 domus
687 2662 1090 2702 administratione
1123 2669 1165 2701 et
1204 2662 1494 2701 extructione
1522 2662 1620 2701 dies
1646 2666 1824 2700 noctes-

200 2741 288 2779 que
310 2730 446 2780 subit,
471 2738 674 2781 enarrat,
701 2732 827 2771 iussu
850 2733 1083 2783 Episcopi,
1109 2744 1338 2771 summam
1366 2731 1527 2772 Sancti
1554 2730 1780 2771 Antonini
1809 2728 1824 2746 '²

198 2801 520 2840 sacerdotibus
543 2803 587 2841 in
609 2801 665 2841 D.
691 2801 814 2841 Petri
838 2803 964 2842 aede.

254 2985 262 3002 ¹
306 2983 446 3011 Romani
463 2986 644 3012 tribunalis
660 2994 717 3012 seu
732 2987 872 3015 consilii,
891 2987 983 3013 della
1001 2987 1088 3013 Rota
1106 2987 1280 3019 appellati.

251 3033 265 3051 ²³·
304 3032 418 3059 Sancti
438 3034 600 3059 Antonini
616 3034 800 3060 Summam
817 3035 1024 3066 [ῆι-σίωςίαρ4
