2020 3342
860 229 944 266 ΑΝ.
976 229 1066 266 1556
1728 228 1777 264 75

147 327 372 368 Excoluit
390 326 626 367 hortulum
651 337 787 366 suum
808 337 890 377 per
918 331 1185 365 nostrorum
1206 323 1513 364 ministerium
1533 323 1663 363 miris
1680 335 1774 363 mo·

150 398 223 438 dis
245 397 453 450 piissima
473 396 639 447 Virgo,
668 396 925 447 indiditque
952 395 1094 435 totius
1124 394 1461 435 sanctimoniae
1491 399 1534 433 et
1560 393 1778 444 puritatis

152 469 304 520 ignita
324 467 554 508 desideria
576 467 623 507 in
645 478 843 507 suorum
864 466 1115 506 electorum
1137 465 1327 505 animis:
1346 463 1490 514 elegit
1510 463 1601 503 sibi
1616 463 1774 503 iuuen-

157 539 292 579 culas
317 538 326 557 ¹
350 538 574 578 candidas
604 544 648 578 et
670 538 716 578 in
751 537 977 588 sanguine
1012 536 1166 577 dilecti
1199 535 1303 576 Filii
1335 535 1407 575 sui
1436 534 1693 584 dealbatas,
1724 540 1776 573 vt

154 610 341 650 illarum
367 608 640 658 ministerio,
678 620 860 648 necnon
893 618 1010 659 puro
1045 619 1101 646 ac
1133 612 1297 647 sancto
1333 617 1506 651 amore,
1538 611 1777 656 tamquam

154 680 332 720 deliciis
345 679 624 731 perfruatur.
639 678 818 718 Harum
836 684 990 718 autem
1002 688 1224 718 numerus
1238 676 1451 728 quamuis
1467 675 1529 714 sit
1546 674 1778 725 exignus,

166 754 281 791 sunt
297 750 417 790 enim
437 749 468 789 8
485 753 568 789 aut
590 750 613 788 I
626 749 655 788 O
675 751 703 798 2,
727 748 883 789 feruor
903 756 1060 789 tamen
1081 755 1150 788 est
1166 758 1377 798 magnus
1397 745 1425 784 ⁵.
1450 745 1608 786 Solent
1625 745 1779 795 singu-

156 823 213 862 lis
232 821 330 862 fere
364 820 526 861 diebus
560 820 809 860 dominicis
843 825 887 860 et
920 819 1050 859 festis
1083 819 1306 859 carnibus
1339 816 1634 858 inmzacnlcztz'
1660 815 1788 866 agni

158 891 391 943 saginari
415 889 443 941 ⁴,
472 890 762 930 meditationi
797 890 1026 940 insistere,
1058 889 1276 930 coelestia
1305 895 1545 940 appetere,
1575 887 1779 927 humana

154 974 242 1015 pro
262 962 406 1002 nihilo
424 967 655 1013 reputare,
684 962 795 1001 totis
824 961 1019 1012 denique
1048 961 1190 1000 animi
1215 961 1340 1000 votis
1362 959 1420 1000 ad
1444 958 1782 1010 perfectionem

155 1033 361 1085 quotidie
378 1033 613 1072 anhelare.
632 1031 817 1084 Reliqui
833 1032 986 1079 etiam,
1008 1032 1084 1083 qui
1107 1031 1437 1071 communioris
1458 1030 1583 1069 vitae
1601 1034 1780 1068 sectan-

154 1109 232 1144 tur
253 1104 457 1153 semitas,
494 1103 646 1143 vitam
672 1103 721 1142 in
743 1103 907 1142 melius
942 1108 1302 1151 commutarunt,
1340 1113 1480 1152 seque
1516 1105 1783 1140 nostrorum

159 1174 392 1227 spirituali
424 1173 640 1224 regimini
679 1173 1024 1214 commiserunt.
1060 1172 1158 1212 Iam
1192 1173 1341 1212 solent
1372 1171 1589 1211 libentius
1625 1176 1669 1209 et
1697 1168 1783 1208 fre-

158 1245 375 1297 quentius
397 1244 622 1294 confiteri,
650 1244 900 1293 conciones
920 1244 1096 1293 audire,
1115 1243 1302 1295 pietatis
1319 1242 1535 1293 operibus
1552 1241 1782 1281 insistere.

159 1315 327 1357 Omnia
349 1315 560 1366 denique,
587 1326 705 1366 quae
727 1314 786 1354 ad
807 1315 1015 1354 diuinum
1038 1315 1308 1365 obsequium
1326 1320 1369 1353 et
1386 1313 1647 1352 animarum
1665 1311 1785 1350 salu-

158 1393 255 1427 tem
274 1392 501 1438 spectant,
525 1385 909 1437 propensioribus
932 1385 1097 1425 animis
1124 1384 1434 1436 frequentare.

239 1457 384 1505 Haec,
409 1456 508 1496 Rde
541 1457 588 1496 in
612 1456 798 1497 Christo
820 1455 972 1505 Pater,
1005 1462 1050 1496 et
1084 1455 1190 1505 alia,
1227 1466 1345 1506 quae
1373 1454 1483 1494 solis
1505 1453 1650 1492 oculis
1673 1452 1787 1491 diui-

161 1540 253 1569 nae
273 1528 530 1568 maiestatis
553 1533 660 1567 sunt
682 1533 943 1579 perspecta,
968 1527 1149 1578 peregit
1175 1526 1303 1566 Deus
1323 1529 1366 1565 et
1387 1523 1400 1543 ⁵
1427 1524 1661 1576 gloriosae
1684 1522 1794 1562 Vir-

165 1599 290 1650 ginis
306 1598 483 1638 Mariae
497 1599 654 1648 fauor
673 1597 687 1616 ὅ
716 1604 898 1638 tuorum
927 1597 1126 1637 filiorum
1152 1596 1423 1645 ministerio,
1449 1606 1542 1634 non
1568 1592 1790 1633 obstanti-

165 1670 253 1710 bus
272 1669 586 1720 grauissimis
610 1668 924 1719 negligentiis
944 1672 987 1708 et
1007 1666 1439 1719 imperfectionibus
1460 1664 1656 1704 nostris.

244 1740 484 1791 Rogamus
505 1747 660 1779 autem
683 1739 736 1779 R.
759 1740 810 1779 T.
840 1739 888 1779 P.
920 1747 965 1779 et
992 1739 1100 1779 totis
1134 1737 1424 1790 praecordiis
1459 1736 1786 1786 efflagitamus,

162 1817 216 1852 vt
244 1816 514 1851 nostrarum
550 1810 941 1861 negligentiarum
963 1821 989 1849 a
1009 1809 1109 1849 Deo
1139 1809 1326 1849 Veniam
1348 1807 1360 1825 ⁷
1379 1812 1714 1858 consequatur,
1749 1811 1791 1843 et

165 1893 283 1922 suae
305 1881 643 1921 benedictionis
662 1892 853 1921 munere
874 1892 958 1920 nos
980 1880 1154 1920 donare
1176 1880 1407 1930 dignetur.

250 1952 321 1992 Ex
343 1953 465 1992 alma
486 1952 623 1992 domo
648 1951 933 1997 Lauretana.
962 1950 1007 1990 17
1022 1949 1126 1990 Kal.
1149 1949 1393 1990 Februarii
1417 1948 1531 1987 1556.

542 2022 616 2062 Ex
635 2021 961 2062 commissione
977 2021 1030 2061 R.
1055 2020 1105 2061 Ρ.
1127 2020 1356 2060 Rectoris.

331 2093 381 2134 R.
404 2093 453 2133 P.
475 2092 528 2132 T.
557 2092 777 2132 minimus
797 2098 840 2132 et
861 2092 1079 2142 indignus
1103 2091 1149 2131 in
1169 2090 1252 2131 X.⁰
1272 2090 1406 2140 filius,

1140 2231 1373 2272 RAPHAiiL
1394 2231 1559 2270 RIERA.

252 2445 607 2496 Superscrz'ptio
646 2445 696 2484 ιἰι
735 2449 907 2496 quarta
937 2445 1144 2495 pagina:
1178 2443 1308 2496 jhus.
1346 2442 1406 2483 Al
1446 2441 1589 2481 molto
1629 2440 1729 2480 ΚΦ)
1757 2441 1803 2479 in

177 2515 366 2557 Christo
404 2516 554 2556 Padre
587 2516 617 2555 il
651 2515 700 2556 P.
738 2516 798 2556 M.
840 2515 1022 2567 Ignatio
1056 2515 1111 2555 de
1142 2515 1318 2566 Loyola
1353 2512 1591 2565 preposito
1612 2511 1806 2562 general

170 2587 293 2627 della
315 2586 503 2638 Comp.a
528 2586 584 2626 de
604 2586 727 2639 Jhu.‚
751 2587 796 2626 in
817 2585 980 2626 Roma.

1463 2621 1478 2638 θ

225 2745 235 2764 ²
276 2745 517 2778 quarumdam
536 2745 718 2778 virginum
736 2745 880 2776 animiS,
896 2751 983 2778 quas
995 2743 1098 2778 elegit
1114 2744 1188 2771 sibi.
1207 2743 1392 2770 PoLANcus.

223 2792 238 2811 ²
275 2800 344 2819 non
357 2792 404 2819 sit
422 2799 574 2825 magnus
589 2793 657 2826 (est
672 2792 767 2819 enim
785 2792 953 2825 exiguum
970 2791 1163 2826 oppidum).
1179 2790 1226 2818 ID.

230 2839 245 2858 ⁵
282 2841 476 2866 maximus,
490 2839 538 2866 ID.

227 2885 243 2906 ⁴
280 2887 561 2914 communicare.
578 2886 630 2914 ID.

226 2932 243 2952 ³
277 2936 359 2968 per.
376 2933 425 2961 10.

228 2977 245 2998 ὃ
283 2981 587 3009 intercessionem.
603 2980 654 3008 10.

228 3025 244 3044 Ἰ
287 3027 387 3054 nobis
401 3028 530 3055 addidit
552 3027 719 3055 Polancus
