2020 3342
872 202 954 239 AN.
988 201 1077 240 1556
1751 205 1794 242 31

863 661 1108 715 GDLXI

235 882 393 919 Petrus
413 893 498 919 van
520 882 602 919 den
623 882 817 920 Bossche
840 881 1050 928 (Sylvius)

280 947 350 983 Ex
369 947 686 984 commissione
709 947 850 984 Patris
870 948 1053 994 Joannis
1074 947 1300 986 Laurentii
1321 948 1576 994 Cavallerii,

327 1012 448 1049 Patri
466 1012 636 1059 Ignatio
656 1013 709 1049 de
728 1011 913 1060 Loyola.

374 1077 565 1124 Tybure,
588 1077 610 1113 2
628 1077 841 1123 januarii,
864 1078 953 1115 1556
971 1078 994 1113 ¹.

927 1233 1024 1308 ulis

238 1426 336 1465 Pax
357 1433 402 1466 et
423 1428 577 1477 gratia
600 1425 791 1466 Domini
812 1427 960 1466 nostri
988 1427 1098 1480 Jesu
1125 1426 1198 1466 Xfi
1226 1427 1287 1466 sit
1308 1438 1491 1477 semper
1522 1428 1783 1467 nobiscum.

163 1496 331 1536 Amen.

238 1567 433 1619 Expirat
454 1568 809 1619 quadrimestre,
833 1568 1010 1608 Parens
1031 1568 1078 1608 in
1100 1568 1286 1608 Christo
1309 1569 1614 1620 optatissime,
1648 1568 1702 1608 R.
1735 1569 1786 1609 Ρ.

158 1638 324 1688 Ignati.
350 1638 492 1679 Cuius
522 1640 752 1679 rationem
778 1639 1069 1690 redditurus,
1100 1639 1146 1679 id
1173 1640 1375 1691 primum
1405 1640 1572 1690 dicam,
1606 1652 1699 1680 non
1728 1641 1785 1679 ab

157 1709 229 1749 his
270 1710 498 1761 operariis
531 1710 712 1750 fructus
752 1711 1099 1762 expectandos,
1141 1722 1339 1761 quorum
1374 1717 1630 1762 proventus
1661 1711 1785 1762 apud

157 1792 318 1820 omnes
340 1786 444 1820 tuos
468 1782 584 1821 alios
615 1788 684 1821 est
709 1781 1046 1821 foelicissimus.
1079 1781 1161 1821 Est
1189 1787 1345 1821 tamen
1375 1782 1567 1832 egregia
1590 1782 1695 1822 aedi
1716 1793 1785 1821 sa-

156 1863 265 1892 crae
292 1852 566 1892 reuisendae
597 1851 705 1892 data
733 1864 875 1903 opera
900 1851 929 1902 ”²3
960 1864 1142 1903 quoque
1172 1853 1322 1892 maior
1349 1864 1405 1892 ea
1431 1852 1530 1903 fuit,
1564 1865 1618 1893 eo
1653 1859 1697 1893 et
1727 1853 1786 1893 ad

154 1923 425 1973 quotidiana
447 1934 583 1962 sacra
607 1923 1033 1974 confessionesque,
1058 1929 1101 1962 et
1134 1923 1193 1962 ad
1224 1923 1506 1963 dominicam
1537 1923 1785 1964 lectionem

155 2004 411 2033 concursus
433 1993 633 2033 uberior.

233 2064 366 2115 Quod
391 2065 465 2104 aio
500 2065 945 2105 communicantium
966 2076 1212 2105 numerum
1244 2076 1346 2104 esse
1381 2065 1647 2115 quindecim
1680 2066 1784 2116 plus

152 2135 319 2185 minus,
343 2135 388 2175 id
409 2136 472 2175 ita
495 2135 670 2186 accipe,
691 2141 739 2175 ut
759 2135 1091 2175 celebrioribus
1108 2135 1436 2175 festiuitatibus
1454 2136 1647 2186 triginta
1669 2142 1779 2185 tres,

152 2206 244 2245 imo
266 2214 310 2246 et
331 2207 448 2246 alias
470 2207 636 2257 uiginti
657 2213 859 2258 quatuor
881 2207 928 2246 in
950 2206 1079 2246 festis
1110 2207 1252 2246 etiam
1274 2218 1367 2246 non
1397 2207 1617 2246 maximis
1638 2206 1782 2246 domi-

150 2276 305 2316 nicum
327 2288 496 2328 corpus
518 2288 577 2316 ex
598 2277 725 2317 omni
751 2277 913 2317 ordine
943 2277 1308 2317 communicare.
1343 2275 1435 2317 Sed
1465 2283 1508 2316 et
1536 2277 1779 2328 parochia-

150 2358 316 2387 norum
348 2346 361 2365 ³
390 2348 709 2388 confessiones
737 2348 811 2388 hic
838 2359 933 2387 non
962 2348 1407 2388 communicantium
1435 2348 1646 2396 auditae,
1671 2359 1777 2388 cum

151 2418 198 2457 in
227 2418 522 2458 xenodochio
551 2419 839 2470 priuatisque
869 2418 1154 2469 municipum
1179 2417 1383 2469 aedibus,
1417 2425 1515 2458 tum
1537 2419 1678 2459 etiam
1708 2430 1776 2458 sa-

150 2489 242 2528 cris
263 2489 308 2528 in
329 2489 553 2528 ecclesiis.
577 2489 708 2529 Haec
729 2501 877 2540 parua
899 2501 990 2528 non
1012 2495 1119 2528 sunt
1141 2489 1232 2539 hic,
1266 2489 1344 2529 ubi
1371 2495 1777 2529 sacramentorum

148 2559 512 2610 frequentiorem
532 2572 667 2600 usum
698 2559 886 2599 Domini
916 2560 1124 2610 gladium
1156 2560 1337 2610 credas,
1370 2558 1434 2599 ita
1466 2560 1587 2599 uela
1609 2560 1778 2599 marito

147 2641 252 2669 cum
274 2630 451 2680 reliqua
474 2630 650 2670 familia
672 2630 883 2681 separari
905 2630 1043 2670 audet
1065 2641 1198 2679 uxor,
1224 2630 1296 2669 uel
1319 2630 1376 2670 ab
1407 2641 1555 2670 uxore
1576 2630 1774 2669 maritus

145 2712 237 2740 non
259 2701 506 2741 erubescit.
533 2700 652 2751 Quid
675 2701 771 2741 dixi
794 2712 899 2740 cum
919 2701 1099 2751 reliqua
1122 2700 1321 2740 familia?
1339 2700 1430 2740 imo
1449 2712 1562 2740 uero
1585 2700 1773 2740 uicinia:

200 2859 207 2877 ¹
248 2859 301 2886 Ex
314 2861 381 2886 vol.
398 2860 475 2886 anni
494 2860 571 2886 1555:
589 2859 827 2893 autographae
844 2859 875 2885 in
892 2859 971 2886 solio
988 2859 1097 2892 unico,
1113 2866 1143 2886 n.
1158 2858 1203 2886 50.

200 2907 214 2926 ‘2
252 2906 338 2934 Vide
356 2907 503 2934 Pomxm
521 2907 724 2939 Clzronz'con,
740 2910 763 2933 t.
780 2914 813 2939 V,
826 2914 905 2940 pag.
918 2906 963 2938 5-1.
976 2914 1007 2933 n.
1021 2906 1081 2934 110.

200 2953 212 2969 ⁷¹
250 2954 312 2981 Ubi
329 2962 388 2980 nos
403 2954 545 2989 legimus
559 2953 873 2988 parochianorum,
883 2953 960 2986 quia
976 2961 1094 2980 sensus
1118 2954 1149 2980 id
1173 2958 1333 2988 expetere
1358 2954 1504 2987 videtur,
1523 2962 1582 2981 ms.
1600 2955 1705 2981 habet
1718 2958 1778 2988 po-

146 3001 282 3032 cln'ara,
296 3001 413 3028 littera
426 3007 449 3036 p
466 3001 616 3028 nonnihil
634 3001 823 3030 immutata.
842 3000 928 3034 quod
946 3001 1081 3027 Vmerus
1097 3002 1338 3028 abbreviatum
1351 3002 1615 3035 perocltiarnm.
