2020 3342
829 237 909 272 AN.
941 235 1030 273 1556
1667 239 1730 275 5⁴1
1755 224 1758 225 ⁷

118 331 307 372 doribus
342 330 521 372 fructus
555 331 885 372 convehendus
923 338 1006 382 est,
1045 331 1249 378 Christo,
1294 343 1475 371 summo
1511 333 1736 383 agricola,

117 413 284 453 agrum
306 401 619 442 Aruernicum
640 403 895 442 excolente.
925 403 1220 454 Praepositus
1249 402 1307 442 D.
1336 401 1545 453 Baptista
1577 402 1739 443 dextre

118 485 173 513 ac
194 474 386 514 solerter
402 485 508 514 cum
525 473 636 513 R.¹¹10
652 474 883 526 Episcopo
904 477 912 492 ¹
933 475 1027 526 (qui
1045 475 1133 514 huc
1151 473 1333 514 Lutetia
1351 474 1598 523 concessit)
1617 480 1660 514 et
1678 475 1739 514 ci-

118 544 254 584 uibus
270 551 407 596 atque
426 545 668 585 canonicis
683 546 871 597 negotia
890 546 1086 597 peragit.
1105 544 1334 585 Dominus
1351 544 1515 584 Petrus
1533 544 1736 596 Canalis,

119 613 289 656 Rector
310 615 505 667 Collegii
526 616 688 666 nostri,
713 627 873 656 curam
895 616 979 656 sibi
1001 616 1257 656 iniunctam
1274 615 1395 656 fideli
1417 627 1471 655 ac
1494 616 1654 656 sedula
1678 616 1740 656 in·

119 686 298 726 dustria
320 686 420 726 Deo
442 687 666 738 nobisque
689 687 877 727 exoluit.

199 756 330 797 R.¹¹²¹¹S
357 757 584 798 Dominus
604 757 617 776 ²
640 758 774 798 solito
797 769 881 798 nos
902 757 1063 798 fauore
1087 757 1397 809 prosequitur,
1429 768 1566 808 quem
1587 756 1740 808 potius

117 827 353 869 intendere
376 828 704 868 beneficiorum
726 829 908 869 cumulo
932 828 1128 868 videtur.
1151 828 1270 868 Nam
1291 827 1482 867 aedibus
1503 827 1738 867 conducti-

117 899 192 939 tiis
214 899 260 939 in
291 899 626 940 habitationem
656 899 789 939 nobis
824 899 1022 949 traditis,
1059 899 1391 950 supellectilem
1426 898 1740 938 necessariam

115 970 249 1010 nobis
270 970 636 1022 comparandam
657 969 852 1010 curauit.
877 970 1113 1010 Amictum
1135 969 1330 1020 singulis
1351 968 1739 1017 subministrauit,

115 1039 411 1092 frumentum,
436 1041 596 1081 vinum
618 1052 673 1081 ac
694 1041 921 1081 ducentas
941 1040 1090 1080 libras
1110 1039 1123 1058 ⁵
1148 1041 1290 1080 victui
1319 1040 1612 1080 necessarias
1635 1051 1742 1090 sup-

117 1112 355 1164 peditauit.
377 1111 626 1153 Pollicetur
647 1112 807 1152 decem
833 1112 1103 1152 francorum
1130 1111 1271 1151 millia
1299 1110 1494 1161 Collegii
1526 1110 1739 1151 aedificio

117 1183 390 1234 extruendo,
412 1189 597 1235 praeter
619 1183 824 1224 redditus
847 1193 1049 1232 annuos,
1080 1193 1198 1233 quos
1229 1181 1286 1221 ad
1315 1181 1607 1233 quingentas
1634 1193 1741 1221 sex-

118 1258 336 1295 centasue
355 1254 504 1295 libras
521 1254 535 1273 ⁴
556 1254 788 1306 pollicitus
805 1260 873 1294 est
890 1260 997 1294 ante
1015 1264 1201 1293 annum.
1223 1252 1429 1293 Calicem
1448 1260 1738 1302 argenteum,

119 1338 224 1367 cum
252 1327 450 1367 caeteris
478 1326 764 1366 ornamentis
786 1325 1016 1365 sacrificio
1051 1324 1346 1374 necessariis,
1370 1309 1501 1363 nobis
1524 1324 1741 1363 submini-

117 1397 284 1439 strauit
303 1396 646 1437 liberalissime.
671 1395 794 1437 Sane
816 1396 1066 1436 liberaliter
1090 1407 1138 1435 se
1160 1395 1280 1446 gerit
1301 1406 1414 1446 erga
1438 1406 1537 1444 nos,
1559 1406 1641 1446 pro
1659 1406 1742 1434 sua

117 1469 421 1519 humanitate,
445 1467 583 1521 quam
605 1480 752 1520 nuper
773 1467 980 1508 exhibuit
1002 1477 1116 1517 erga
1144 1478 1231 1516 me,
1261 1466 1498 1517 paululum
1521 1465 1741 1506 valetudi-

117 1543 315 1592 narium,
340 1541 448 1581 dum
469 1552 578 1580 mox
605 1551 678 1580 me
709 1539 988 1590 Euscopiam
1018 1538 1076 1578 ad
1107 1549 1156 1577 se
1185 1537 1432 1577 accersiuit
1463 1537 1743 1577 valetudinis

118 1612 467 1664 recuperandae
497 1612 666 1663 gratia.
690 1610 827 1651 R.dum
847 1609 1032 1650 Patrem
1062 1616 1274 1649 nostrum
1296 1609 1421 1649 haud
1450 1620 1572 1658 raro,
1606 1616 1653 1648 vt
1687 1608 1742 1648 de

118 1683 318 1735 negotiis
339 1694 444 1723 cum
465 1695 519 1723 eo
542 1683 766 1733 conferat,
791 1682 850 1722 ad
871 1694 919 1721 se
942 1681 1102 1721 venire
1123 1680 1262 1720 iubet.
1286 1680 1422 1720 Faxit
1445 1679 1658 1720 Christus
1695 1687 1742 1719 vt

119 1753 210 1794 R.di
246 1753 400 1795 Patris
419 1754 567 1794 nostri
589 1753 772 1804 Ignatii,
797 1753 889 1792 iam
910 1753 955 1792 in
977 1753 1156 1792 coelum
1185 1751 1369 1801 sublati,
1399 1750 1636 1802 suffragiis
1667 1762 1742 1790 ne-

119 1826 248 1876 gotia
269 1826 424 1866 omnia
445 1831 825 1878 promoueantur.

199 1897 332 1945 Vale,
369 1897 508 1938 Pater
541 1895 1180 1951 obseruandissime,unostri
1214 1900 1390 1934 memor
1431 1893 1553 1945 apud
1593 1893 1744 1933 Deum

120 1979 295 2020 nosque
325 1968 557 2008 uniuersis
585 1966 799 2007 Patribus
834 1966 1148 2017 fratribusque
1179 1964 1529 2006 commendatos
1557 1965 1741 2005 habeto.

199 2040 396 2090 Biliomi,
420 2038 624 2080 secundo
647 2038 864 2079 Octobris
886 2038 1001 2077 1556.

198 2111 396 2162 Imperio
417 2109 676 2161 Praepositi
698 2109 846 2149 nostri
867 2109 915 2149 P.
939 2108 1193 2160 Baptistae.

577 2180 698 2222 R.dae
726 2180 775 2221 P.
800 2187 907 2220 tuae
929 2180 1146 2220 minimus
1169 2179 1215 2219 in
1237 2178 1423 2220 Christo
1445 2178 1582 2228 filius,

836 2323 1082 2364 ROBERTUS
1103 2322 1435 2363 CLAvssomus.

200 2470 551 2522 Superscriptio
572 2470 621 2510 in
643 2472 816 2521 quarta
832 2468 1034 2519 pagina.
1059 2466 1160 2506 R.<10
1195 2466 1241 2506 in
1263 2465 1449 2506 Christo
1472 2464 1597 2505 Patri
1621 2463 1740 2504 Dno.

119 2542 286 2596 Joanni
306 2541 527 2589 Potaneo,
550 2541 677 2581 Patri
698 2551 801 2580 meo
824 2537 1264 2579 obseruandissimo.
1288 2536 1480 2576 Romae.

200 2613 310 2654 Alia
330 2625 492 2653 mana:
508 2612 546 2653 3.
569 2613 699 2665 jhus.
724 2610 836 2650 1556.
858 2609 1054 2650 Biliomi.
1074 2608 1449 2660 Quadrimestres
1467 2608 1492 2646 ‘3
1508 2606 1742 2647 Octobris.

199 2685 262 2726 Et
283 2684 394 2725 alia:
418 2684 693 2725 Emendata.

210 2756 471 2807 Vestigium
492 2753 663 2805 sigilli.

178 2918 187 2938 ¹
226 2918 395 2946 Gulielmo
410 2917 453 2946 du
469 2917 563 2946 Prat.

175 2967 188 2987 ²
225 2966 386 2995 Dominus
400 2965 609 3001 Episcopus.
629 2965 814 2993 Pomivcus.

175 3015 189 3035 ³
223 3015 427 3051 pecuniam.
440 3013 488 3042 10.

176 3064 191 3084 Δ
227 3066 437 3099 quingentos
451 3063 677 3090 sexcentosve
686 3060 846 3096 francos.
864 3057 912 3086 Io.
