2020 3342
821 240 903 277 ΑΝ.
936 239 1025 276 1556
1663 240 1733 275 385

112 338 304 385 faciunt,
327 337 556 386 notitiam,
580 337 848 387 priusquam
876 336 1023 376 nostri
1045 336 1134 375 huc
1156 336 1492 386 peruenissent,
1515 336 1729 381 habebat,

114 419 236 448 nunc
267 409 403 459 longe
434 407 567 447 aliter
597 418 644 447 se
674 407 828 447 habet:
861 412 904 446 et
933 407 1009 457 qui
1037 407 1211 446 nullum
1237 406 1519 446 obseruabat
1546 405 1731 453 festum,

115 480 290 519 nullum
311 479 526 519 audiebat
548 489 749 526 sacrum,
774 484 817 517 et
840 478 990 517 minus
1011 478 1168 529 utique
1187 477 1381 517 uerbum
1402 477 1504 527 Dei,
1528 489 1651 517 nunc
1671 477 1736 517 di-

115 550 410 601 ligentiorem
426 550 473 589 in
494 549 566 589 his
586 560 635 588 se
656 548 860 600 praebet.
886 547 981 588 Nec
1008 554 1187 588 tantum
1208 547 1370 588 diebus
1398 548 1644 589 dominicis
1665 560 1735 588 sa-

116 632 196 661 cro
224 622 463 668 interesse,
500 625 545 659 et
578 620 771 659 uerbum
804 618 891 658 Dei
925 619 1085 659 audire
1120 619 1368 669 desiderat,
1398 631 1557 659 uerum
1596 620 1737 660 etiam

117 692 219 732 aliis
239 691 539 743 temporibus;
563 690 685 742 quod
700 690 747 729 in
767 690 1125 742 quadragesima
1143 691 1301 741 elapsa
1318 689 1454 730 facile
1471 692 1620 730 cuiuis
1636 700 1735 731 erat

114 763 427 814 perspicuum:
450 773 560 801 nam
582 773 685 801 cum
707 761 1009 801 instituissem
1040 761 1236 811 singulis
1257 761 1416 801 diebus
1439 762 1737 812 quadragesi-

116 845 219 873 mae
241 844 421 873 summo
439 844 574 872 mane
591 833 829 872 celebrare
850 839 894 871 et
914 832 1202 882 praedicare,
1222 831 1420 882 demptis
1437 832 1599 872 diebus
1620 843 1739 872 mar-

116 905 176 944 tis
196 910 239 944 et
257 903 396 954 jouis,
428 914 664 954 nunquam
687 903 799 942 mihi
820 902 1038 953 frequens
1065 903 1179 942 satis
1200 902 1344 942 defuit
1373 903 1671 943 auditorium:
1695 910 1739 943 et

115 976 223 1014 licet
244 974 594 1022 monasterium,
620 974 665 1012 in
686 973 977 1013 eminentiori
994 974 1096 1012 loco
1116 974 1334 1024 positum,
1359 986 1385 1013 a
1407 974 1641 1013 communi
1662 974 1739 1013 ho-

116 1046 292 1086 minum
312 1045 599 1085 habitatione
621 1043 771 1084 medio
794 1044 926 1094 quasi
953 1044 1090 1083 distet
1112 1044 1312 1093 milliari,
1339 1050 1383 1083 et
1404 1044 1567 1084 eodem
1587 1046 1738 1096 spatio

118 1124 162 1156 et
177 1116 315 1156 modo
327 1116 548 1166 templum
566 1115 623 1154 ab
640 1115 787 1154 altera
803 1120 935 1165 parte
953 1115 1011 1154 sit
1027 1115 1180 1162 situm,
1197 1115 1392 1165 singulis
1407 1121 1563 1155 tamen
1579 1115 1741 1155 diebus

117 1189 255 1227 lunae
276 1186 334 1226 ad
354 1192 564 1226 nostrum
586 1185 995 1237 processionaliter
1011 1197 1060 1224 se
1077 1187 1371 1225 contulerunt
1387 1188 1739 1235 monasterium,

118 1265 163 1299 et
185 1258 346 1298 diebus
367 1257 553 1298 veneris
574 1257 737 1296 eodem
764 1256 900 1296 modo
929 1263 1007 1296 aut
1036 1257 1094 1296 ad
1115 1263 1325 1296 nostrum
1356 1263 1435 1296 aut
1455 1257 1515 1297 ad
1544 1258 1740 1297 alterum

118 1330 356 1381 templum:
375 1328 536 1368 diebus
553 1333 707 1367 autem
723 1327 940 1367 mercurii
952 1334 1030 1367 aut
1047 1328 1245 1374 sabbati,
1262 1339 1346 1378 pro
1359 1328 1524 1368 maiori
1536 1329 1739 1368 omnium

118 1400 466 1449 commoditate,
490 1400 535 1439 in
559 1399 708 1439 medio
729 1405 882 1439 terrae
903 1399 1006 1438 1000
1028 1399 1338 1448 celebrabam,
1372 1405 1416 1439 et
1437 1399 1741 1450 frequentiori

118 1472 350 1512 auditorio
373 1470 545 1522 aliquid
566 1470 621 1510 de
643 1470 888 1520 euangelio
910 1476 1185 1510 occurrente
1206 1469 1432 1510 dicebam.

197 1543 310 1583 Erat
339 1542 412 1581 hic
433 1542 631 1593 populus
658 1541 1082 1592 superstitionibus,
1106 1542 1515 1590 incantationibus,
1539 1548 1583 1581 et
1604 1542 1742 1581 mori-

119 1616 203 1655 bus
225 1614 516 1654 ethnicorum
543 1613 677 1653 ualde
699 1612 895 1652 deditus.
920 1612 1074 1652 Primo
1097 1612 1168 1652 die
1190 1613 1363 1652 mensis
1384 1613 1572 1652 domum
1594 1614 1743 1653 cuius-

118 1697 258 1737 quam
282 1685 458 1725 intrare
481 1691 526 1724 et
554 1685 709 1735 ignem
739 1691 897 1735 petere
920 1684 1106 1723 omnino
1131 1683 1261 1723 nefas
1286 1690 1399 1731 erat;
1426 1684 1507 1724 sed
1529 1684 1739 1734 angelus,

118 1758 207 1797 hoc
219 1762 303 1807 est,
321 1767 480 1796 ramus
497 1755 686 1807 quidam
698 1755 744 1794 in
758 1762 892 1806 porta
906 1755 1181 1805 ponebatur,
1201 1755 1278 1806 qui
1294 1755 1399 1794 boni
1415 1755 1613 1795 nuncius
1625 1761 1740 1806 erat,

119 1833 443 1879 tempestatem
459 1827 622 1875 cultro,
642 1826 716 1866 cui
737 1832 837 1866 erat
854 1826 1039 1865 manica
1058 1826 1208 1876 nigra,
1228 1825 1550 1875 coniurabant;
1570 1825 1742 1866 bombi·

119 1899 250 1939 cibus
271 1899 461 1938 incenso
483 1897 853 1937 benedictionem
874 1898 1055 1947 largam
1077 1897 1353 1946 tribuebant,
1374 1904 1423 1936 ut
1443 1896 1582 1936 serici
1603 1897 1745 1937 abun-

119 1970 327 2010 dantiam
354 1968 631 2020 proferrent3
654 1969 748 2008 imo
777 1968 836 2013 ad
863 1969 951 2008 hoc
978 1968 1188 2007 homines
1215 1968 1357 2019 aliqui
1386 1968 1555 2007 laruati
1585 1973 1629 2007 et
1658 1968 1742 2007 tin·

119 2041 371 2081 tinnabulis
392 2040 712 2080 circumcincti
733 2039 1148 2088 constituebantur,
1173 2039 1252 2090 qui
1278 2039 1324 2078 in
1345 2039 1507 2089 uigilia
1536 2038 1743 2079 Circum-

120 2112 309 2152 cisionis
331 2111 495 2151 domus
517 2111 744 2150 intrarent
761 2116 806 2150 et
826 2109 1224 2149 benedictionibus
1245 2110 1340 2149 suis
1357 2110 1459 2149 illas
1480 2110 1742 2160 implerent,

121 2182 384 2222 auferentes
418 2182 604 2221 interim
637 2181 855 2232 quicquid
895 2180 1033 2220 edulii
1072 2181 1345 2231 contingere
1379 2186 1610 2231 poterant.
1647 2180 1743 2220 Nec

122 2253 336 2304 cuiquam
353 2253 612 2292 reclamare
632 2251 704 2292 fas
724 2259 839 2292 erat.
864 2250 911 2291 Si
933 2251 1035 2302 quis
1057 2250 1395 2301 infirmabatur,
1419 2258 1499 2291 aut
1520 2252 1567 2291 in
1589 2251 1744 2303 aliqua

123 2324 404 2364 constitutus
437 2329 537 2363 erat
567 2323 862 2370 necessitate,
895 2322 1194 2371 incantatrix,
1229 2322 1361 2362 uaria
1397 2334 1507 2362 mox
1538 2323 1745 2362 remedia

122 2395 295 2435 frustra
327 2394 606 2442 adhibitura,
639 2394 977 2434 inueniebatur.
1009 2392 1056 2433 Si
1092 2393 1194 2444 quis
1228 2393 1530 2443 moriebatur,
1568 2405 1746 2442 omneS,

123 2466 201 2517 qui
235 2473 418 2506 mortuo
445 2465 674 2517 sanguine
707 2465 944 2505 coniuncti
972 2471 1120 2513 erant,
1158 2475 1299 2504 uoces
1330 2463 1542 2504 diuersas
1572 2465 1747 2504 emitte-

122 2537 248 2587 bant,
271 2537 360 2576 uiri
387 2537 596 2587 barbam,
620 2536 836 2576 mulieres
858 2546 985 2583 uero,
1018 2541 1252 2575 mortuum
1273 2535 1646 2586 circumstantes,
1676 2547 1748 2575 co-

123 2619 246 2647 mam
268 2608 541 2647 euellebant:
566 2607 772 2647 insanire
793 2618 954 2647 omnes
974 2613 1203 2657 putasses.
1227 2606 1463 2646 Mortuum
1484 2606 1670 2657 quidem
1691 2607 1751 2646 ad

123 2678 369 2718 ecclesiam
391 2677 675 2728 deferebant,
708 2677 788 2717 sed
818 2683 867 2717 ut
898 2677 1092 2728 quisque
1122 2683 1305 2717 mortuo
1336 2677 1488 2728 magis
1519 2677 1750 2727 sanguine

123 2754 222 2788 erat
243 2749 533 2798 coniunctus,
558 2760 611 2788 eo
633 2748 805 2788 diutius
826 2749 1073 2788 ecclesiam
1098 2747 1321 2798 fugiebat,
1348 2760 1441 2787 non
1464 2759 1652 2788 sacrum
1673 2760 1750 2787 au·

122 2817 275 2869 diens,
299 2831 393 2859 non
415 2819 675 2859 orationem
695 2819 992 2859 Dominicam
1021 2819 1195 2858 dicens.
1273 2820 1280 2827 '

203 2889 265 2929 At
287 2890 424 2930 modo
453 2902 522 2939 ea,
557 2901 675 2940 quae
701 2890 895 2930 Xianos.
927 2891 1106 2939 decent,
1131 2890 1296 2930 melius
1317 2896 1676 2940 cognoscentes,
1695 2897 1752 2947 ‘ct

125 2960 182 2999 ab
211 2960 473 3000 huiusmodi
500 2951 707 3012 peccatis
733 2961 1052 3010 abhorrentes,
1086 2961 1143 3000 ab
1176 2961 1248 3001 his
1269 2972 1318 3000 se
1347 2961 1600 3001 continent.
1637 2960 1694 3000 Et
1714 2962 1756 3000 sei

126 3031 227 3080 quis
247 3030 463 3071 forsitam
483 3043 623 3071 uoces
646 3032 748 3070 illas
770 3032 1062 3071 ethnicorum
1091 3032 1135 3070 in
1158 3032 1369 3071 absentia
1392 3038 1555 3072 nostra
1576 3031 1750 3082 profer-

331 3105 380 3144 T.
404 3118 461 3142 ιν.
1519 3116 1561 3151 25
