2020 3342
279 231 349 267 380
790 230 1015 267 LITTERAE
1041 241 1399 274 QUADRIMESTRES

279 337 329 365 re
351 327 533 375 audeat,
558 326 616 365 ab
639 326 742 366 aliis
764 337 872 365 mox
889 326 1259 377 reprehenditur:
1278 333 1322 366 et
1344 327 1528 377 quando
1546 338 1631 367 nos
1647 327 1904 369 aduentare

277 397 483 447 audiunt,
507 408 600 436 non
627 402 696 436 est
717 397 795 448 qui
823 397 990 436 mutire
1018 396 1200 436 audeat.
1234 396 1330 436 Imo
1358 397 1451 437 iam
1473 397 1561 437 uiri
1591 403 1635 437 et
1668 399 1901 449 mulieres,

277 468 451 518 pariter
473 474 702 507 mortuum
726 467 785 506 ad
802 467 1049 507 ecclesiam
1067 467 1359 518 comitantes,
1383 479 1476 507 non
1501 475 1796 508 reuertuntur
1815 470 1902 510 nisi

274 538 434 577 audito
451 546 587 577 sacro
606 544 649 577 et
667 549 880 577 sermone
898 538 1052 588 aliquo
1070 536 1125 577 de
1143 543 1340 588 quatuor
1356 538 1637 578 nouissimis.
1661 538 1763 579 Hoc
1780 540 1903 579 enim

279 620 359 658 pro
380 619 508 647 more
532 608 696 657 habeo,
727 614 789 655 ut,
821 607 1065 647 monachis
1087 607 1288 648 officium
1316 614 1603 648 mortuorum
1625 609 1898 661 dicentibus,

277 691 347 718 me
369 678 426 718 ad
448 690 636 718 sacrum
655 690 946 730 praeparem,
971 686 1015 718 et
1037 679 1228 718 missam
1250 690 1334 730 pro
1357 679 1586 719 defunctis
1608 680 1782 731 dicens,
1805 680 1902 721 fini-

276 758 321 789 to
343 750 604 800 euangelio,
628 750 796 789 sedens
817 756 925 789 ante
947 750 1109 799 altare,
1134 749 1338 801 aliquam
1359 750 1736 791 exhortationem
1762 751 1901 803 faciO,

274 826 316 859 et
339 821 532 859 multum
552 819 789 870 gaudeant
811 831 859 860 se
890 831 982 860 non
1005 820 1203 871 obligari
1223 819 1281 859 ad
1303 820 1380 860 illa
1402 821 1607 872 antiqua,
1632 822 1797 873 quibus
1818 822 1898 862 ali-

275 891 351 941 qui
377 891 466 930 sibi
498 891 611 941 ipsis
643 891 804 930 mortis
835 902 977 930 causa
999 897 1147 940 erant,
1179 890 1270 930 imo
1304 902 1513 931 errorem
1538 897 1744 932 ueterem
1775 893 1900 933 clare

274 967 627 1012 cognoscentes,
642 984 648 988 -
664 961 877 1001 eumdem
912 962 1203 1001 detestantur
1239 968 1282 1001 et
1319 962 1365 1001 in
1400 962 1502 1002 aliis
1536 963 1899 1013 reprehendunt.

272 1032 407 1072 Vnde
428 1033 475 1072 in
496 1033 706 1072 ecclesiis
728 1032 948 1083 continui,
973 1033 1019 1072 in
1042 1032 1413 1072 confessionibus
1434 1039 1477 1072 et
1494 1034 1900 1075 communionibus

272 1103 415 1142 multo
440 1102 780 1153 frequentiores
801 1103 938 1142 solito
961 1103 1181 1153 existunt,
1205 1103 1387 1153 gratias
1408 1114 1615 1144 summas
1636 1104 1736 1144 Deo
1758 1115 1899 1156 agen-

271 1181 342 1213 tes
373 1173 495 1225 quod
514 1173 560 1213 in
584 1174 723 1213 talem
744 1174 957 1213 uenerint
988 1173 1319 1224 cognitionem,
1343 1173 1598 1225 beatasque
1619 1186 1781 1215 eorum
1803 1176 1897 1216 ani-

273 1256 374 1284 mas
408 1244 761 1295 praedicantes,
800 1244 858 1284 ad
893 1256 1090 1295 quorum
1125 1244 1228 1284 loca
1266 1243 1478 1284 Societas
1513 1245 1762 1296 aliquando
1796 1257 1897 1297 per-

275 1315 413 1354 uenit.

349 1386 439 1427 Sed
460 1387 498 1426 si
519 1387 678 1426 laetati
699 1393 805 1426 sunt
837 1386 1056 1426 italenses
1086 1393 1353 1427 nostrorum
1383 1388 1582 1427 fratrum
1611 1389 1893 1440 praesentia,

269 1469 363 1497 non
386 1459 538 1498 minus
553 1458 646 1508 alii,
665 1458 743 1509 qui
760 1457 1073 1497 messanensis
1089 1463 1194 1497 sunt
1212 1457 1455 1498 dioecesis.
1475 1458 1594 1498 Nam
1612 1470 1718 1499 cum
1734 1459 1896 1500 ultima

271 1528 462 1580 Aprilis,
487 1528 752 1568 Messanam
773 1529 1054 1580 relinquens,
1074 1540 1156 1579 per
1177 1535 1323 1568 totam
1346 1529 1444 1569 eius
1466 1529 1717 1570 dioecesim
1738 1541 1900 1582 perge·

268 1611 382 1650 rem,
407 1611 513 1640 cum
536 1600 681 1640 literis
702 1606 798 1640 tarn
819 1600 1039 1650 Proregis
1067 1599 1077 1618 ¹
1106 1611 1316 1639 seorsum
1342 1600 1530 1651 scriptis
1557 1600 1743 1641 cuilibet
1773 1601 1900 1653 oppi-

269 1670 343 1717 do,
368 1671 427 1711 ad
447 1671 569 1722 quod
591 1671 739 1711 iturus
761 1682 904 1720 eram,
929 1676 973 1710 et
996 1671 1185 1721 insuper
1207 1670 1388 1710 Vicarii
1409 1669 1421 1688 ²
1443 1670 1547 1710 R.s11¹'
1574 1670 1838 1713 Cardinalis
1867 1670 1896 1722 ³,

270 1742 627 1793 Archiepiscopi
649 1741 978 1791 Messanensis,
1003 1752 1164 1780 omnes
1186 1752 1291 1780 cum
1312 1741 1527 1781 audirent
1549 1741 1794 1783 Societatis
1825 1754 1901 1784 no-

270 1824 389 1862 men,
414 1812 653 1863 nostrique
675 1823 866 1852 causam
888 1812 1118 1852 aduentus
1151 1822 1253 1851 esse
1282 1817 1331 1851 ut
1363 1812 1639 1863 principium
1662 1813 1824 1854 demus
1854 1820 1900 1854 et

269 1882 458 1923 modum
478 1883 776 1923 instituamus
798 1883 994 1933 singulis
1016 1882 1262 1923 dominicis
1291 1888 1334 1922 et
1355 1883 1484 1923 festis
1511 1883 1710 1924 docendi
1729 1896 1899 1935 pueros

269 1955 317 1993 in
347 1954 557 1994 ecclesiis
591 1953 938 2005 parochialibus
968 1953 1232 1994 doctrinam
1262 1954 1581 2004 christianam,
1610 1966 1695 2005 pro
1726 1966 1898 2006 magno

272 2025 494 2066 beneficio
516 2025 603 2065 Dei
627 2025 672 2065 id
693 2025 940 2074 ducebant,
965 2030 1008 2064 et
1030 2035 1202 2074 magno
1225 2024 1377 2064 studio
1406 2036 1566 2065 omnes
1595 2025 1655 2065 ad
1676 2026 1899 2066 ecclesias

269 2096 578 2137 confluebant.
603 2096 660 2135 Et
682 2096 788 2135 licet
809 2095 922 2135 mihi
943 2095 1032 2134 hoc
1054 2106 1300 2134 commune
1321 2101 1436 2146 erat,
1466 2102 1514 2135 ut
1543 2095 1747 2147 quotidie
1778 2097 1898 2137 cele·

267 2169 424 2216 brans,
447 2167 575 2207 finito
597 2166 858 2217 euangelio,
883 2165 1057 2217 aliquid
1078 2164 1133 2205 de
1154 2166 1232 2205 illo
1257 2167 1425 2217 populo
1453 2166 1767 2218 declararem,
1800 2167 1897 2208 fini-

268 2245 406 2290 toque
428 2249 579 2287 sacro,
605 2237 877 2277 conuocatis
898 2237 1068 2287 pueriS,
1094 2236 1282 2276 modum
1311 2248 1391 2277 eos
1419 2237 1617 2278 docendi
1645 2237 1895 2289 traderem,

267 2311 418 2359 primo
440 2309 653 2349 ordinate
674 2308 777 2348 illos
798 2308 1066 2359 disponens,
1090 2307 1256 2347 deinde
1276 2307 1547 2359 utilitatem,
1572 2308 1664 2348 imo
1696 2309 1899 2349 necessi·

267 2387 409 2420 tatem
430 2380 566 2420 huius
587 2379 829 2419 doctrinae
851 2378 1111 2428 declaranS,
1136 2378 1271 2418 tertio
1293 2380 1396 2418 loco
1419 2379 1573 2430 aliqua
1596 2379 1892 2431 documenta,

267 2451 523 2491 secundum
544 2450 649 2490 libri
669 2449 1034 2500 dispositionem,
1060 2449 1321 2489 tradebam:
1347 2448 1532 2500 deinde,
1557 2461 1646 2501 quo
1674 2450 1811 2490 modo
1834 2451 1893 2490 sit

269 2521 472 2561 orandus
492 2521 634 2570 Deus,
659 2520 742 2560 sub
763 2520 992 2560 breuitate
1023 2519 1356 2571 proponebam.
1390 2519 1509 2570 Quid
1530 2521 1700 2561 multa?
1719 2521 1893 2572 gaude-

268 2593 380 2632 bant
402 2592 546 2643 pueri,
569 2591 837 2642 gaudebant
866 2596 910 2630 et
930 2590 1008 2630 alii
1039 2590 1203 2629 instrui
1234 2596 1278 2630 et
1310 2590 1425 2630 haec
1447 2590 1494 2630 in
1513 2591 1671 2643 pueris
1692 2598 1894 2632 contem-

273 2663 405 2713 plari;
429 2662 579 2711 auide,
604 2660 789 2712 quando
819 2667 1088 2712 sequentem
1119 2661 1207 2700 illis
1234 2661 1478 2701 lectionem
1509 2673 1659 2702 essem
1689 2662 1896 2703 declara-

323 2895 333 2913 ¹
393 2892 510 2920 oannis
525 2892 564 2917 de
581 2891 694 2924 Vega.

321 2940 335 2959 2
372 2892 817 2967 1J3artholomaeiCente11es.
833 2940 987 2968 Roccfflxs
1000 2940 1135 2971 Primus,
1150 2939 1394 2965 ,vessanensis
1406 2938 1588 2966 Ecclesiae
1602 2940 1727 2967 notitia
1742 2939 1789 2971 ΙΙ,
1800 2940 1860 2967 lib.
1875 2947 1893 2973 ι,

266 2988 311 3014 ad
326 2986 539 3014 annum1555.

323 3035 336 3053 ⁵
373 3034 511 3066 Joannis
527 3034 684 3060 Andreae
701 3034 740 3060 de
755 3033 933 3061 Mercurio.
