2020 3342
204 246 276 283 702
827 250 1056 286 APPENDIX
1082 260 1217 287 PRIMA

230 284 235 298 Ι

206 350 352 384 stram
373 344 645 394 religionem
674 344 845 383 sentire
873 329 1054 396 incipit,
1085 346 1131 385 in
1157 346 1363 385 futurum
1391 352 1435 386 et
1460 347 1591 386 breui
1619 353 1839 399 tempore-

205 414 399 454 uerbum
417 414 505 454 Dei
519 420 707 454 nostrae
723 415 963 465 religionis
977 427 1078 466 ope,
1095 415 1411 466 Deojuuante‚
1431 417 1824 467 cognoscituram.

206 483 296 524 Sed
318 484 428 535 quid
451 491 493 523 te
515 485 603 524 hoc
625 485 750 535 cogit
771 485 944 525 dicere?
966 485 1157 526 Audies.
1182 485 1345 526 Effecit
1366 486 1415 526 Ρ.
1437 487 1744 537 Franciscus,
1776 493 1827 527 vt

207 555 252 594 in
274 554 421 594 Astae
443 555 694 595 Aestuario
717 556 963 606 collegium
985 557 1257 607 erigeretur:
1281 564 1531 608 expectant
1553 558 1645 598 iam
1663 557 1826 598 Asten-

207 637 281 664 ses
307 626 314 642 ¹
338 626 428 674 vel,
452 632 501 665 ut
523 626 686 665 melius
708 626 875 676 dicam,
898 627 1136 667 Lucenses
1156 635 1346 668 nostrae
1376 629 1616 678 religionis
1645 628 1824 678 Patres,

207 696 283 746 qui
304 708 357 735 eo
379 708 428 736 se
450 696 707 737 conferant.
733 696 771 738 O
794 710 934 750 quam
956 684 1157 749 optimus
1177 705 1221 739 et
1241 700 1616 741 tutusclassibus
1648 700 1839 751 portusl

209 767 246 805 (i.)
270 777 408 817 quam
430 768 646 818 expedita
668 769 727 808 ad
748 768 1015 808 Americam
1035 775 1085 808 vt
1106 769 1399 809 fortunentur
1421 769 1737 810 infortunatae
1763 769 1828 823 in-

207 839 351 887 sulae,
376 844 419 877 et
442 838 498 877 ad
521 837 711 878 Africae
732 845 889 889 partes
909 839 1166 890 nauigatio!
1190 839 1404 880 Gaudeat
1424 840 1517 880 iam
1538 845 1636 880 tota
1666 845 1828 880 nostra

207 907 431 948 Societas.
465 908 684 949 Exultent
711 910 1013 949 meditatione
1038 909 1201 950 Patres
1232 916 1277 950 et
1303 910 1508 950 Fratres.
1545 909 1640 950 Nos
1670 909 1828 950 Indiae

206 985 391 1019 uocant.
430 978 521 1020 Sed
556 980 683 1020 heus!
721 980 895 1020 uideris
929 980 1157 1020 insanire:
1201 980 1259 1020 ad
1293 993 1392 1021 rem
1426 981 1582 1032 itaque
1617 987 1828 1021 recurrat

207 1051 370 1090 oratio.

288 1121 465 1161 Biatiae
485 1128 679 1173 paratur
700 1123 963 1173 collegium,
987 1128 1031 1162 et
1051 1123 1275 1173 magister
1303 1122 1442 1164 Auila
1468 1128 1729 1174 nongentos
1750 1123 1841 1162 dua

208 1199 340 1232 catos
362 1192 559 1243 largitur
580 1193 627 1232 in
648 1194 858 1244 singulos
880 1205 1028 1233 annos
1048 1193 1076 1234 ².

289 1262 379 1303 Sed
419 1264 477 1303 ad
516 1263 780 1304 Cordubam
819 1265 1056 1304 ciuitatem
1091 1271 1396 1305 reuertamur.
1434 1265 1550 1305 Tres
1583 1265 1747 1305 Patres
1781 1266 1828 1305 in

207 1335 391 1385 templis
420 1335 682 1375 doctrinam
712 1335 1016 1375 christianam
1051 1335 1248 1386 docent,
1277 1342 1320 1376 et
1346 1336 1436 1376 hoc
1475 1336 1646 1387 incepit
1671 1336 1827 1376 facere

207 1405 440 1445 dominica
461 1406 666 1445 secunda
689 1407 1076 1457 quadragesimae
1093 1405 1142 1446 P.
1161 1413 1318 1446 noster
1333 1406 1582 1447 Antonius:
1605 1407 1828 1447 mirarere

206 1476 244 1515 si
267 1483 445 1515 tantum
468 1488 735 1527 puerorum,
759 1477 966 1517 uirorum
988 1484 1033 1516 et
1054 1478 1298 1517 mulierum
1316 1488 1596 1517 concursum
1612 1477 1825 1518 uidisses:

206 1558 354 1597 neque
382 1547 443 1586 ibi
472 1547 615 1587 defuit
643 1547 857 1587 dominus
882 1547 1101 1600 Joannes,
1139 1554 1182 1587 et
1217 1548 1410 1587 maximi
1445 1548 1603 1598 templi
1638 1548 1827 1588 scholae

205 1617 430 1668 magister
458 1616 486 1667 ⁵,
517 1618 594 1669 qui
628 1618 860 1658 silentium
895 1618 1185 1658 auditoribus
1219 1618 1533 1669 imponebant,
1571 1625 1614 1658 et
1647 1624 1828 1659 tantum

205 1700 455 1739 puerorum
489 1700 734 1729 numerum
763 1689 1068 1729 instruebant.
1106 1689 1373 1729 Audiebant
1407 1695 1580 1730 attente
1615 1690 1827 1730 homines

205 1771 460 1810 uocemque
481 1760 747 1810 praeeuntis
766 1760 1094 1812 sequebantur.
1120 1760 1220 1800 Hoc
1242 1761 1397 1812 itaque
1419 1759 1662 1812 Patrisque
1683 1760 1827 1801 Bene-

206 1830 315 1869 dicti
338 1830 659 1879 concionibus,
683 1831 1007 1881 nonnullisque
1037 1831 1461 1882 exhortationibus,
1494 1843 1612 1883 quae
1643 1831 1703 1871 ad
1731 1843 1827 1872 mo-

205 1901 351 1940 niales
380 1908 423 1940 et
453 1899 531 1952 [in]
564 1902 763 1941 vinculis
797 1901 1008 1941 detentos
1043 1902 1293 1952 habentur,
1323 1901 1371 1942 fit
1398 1902 1827 1954 aliquantum‘satis

205 1972 439 2011 maximae
460 1972 682 2023 penuriae
703 1971 732 2023 ⁴,
755 1984 896 2024 quam
915 1972 1069 2012 Patris
1089 1972 1332 2013 Francisci
1354 1980 1493 2024 atque
1515 1973 1825 2013 Bustamantii

206 2043 455 2082 conciones
475 2042 582 2082 huic
604 2044 773 2094 populo
795 2044 1038 2094 reliquere.
1061 2043 1193 2083 Mora
1216 2050 1459 2095 praeterea
1487 2044 1715 2084 aduentus
1743 2043 1827 2084 Pa-

206 2114 290 2153 tris
309 2112 528 2153 Doctoris
550 2114 722 2163 Torres
743 2112 757 2132 ⁵
778 2114 928 2164 efficit,
951 2121 1002 2154 Vt
1023 2126 1184 2154 eorum
1204 2115 1520 2165 praesentiam
1537 2115 1737 2166 amplius
1754 2114 1827 2154 de-

205 2183 476 2233 sideremus,
501 2196 637 2235 quem
658 2185 955 2236 inquisitores
982 2185 1199 2224 instando
1229 2185 1415 2236 quidem
1440 2191 1624 2236 petunt;
1655 2184 1714 2224 ad
1743 2196 1827 2225 sua

204 2255 375 2304 placita
404 2254 697 2294 decernenda
729 2255 844 2295 alios
871 2256 1011 2294 etiam
1046 2254 1208 2295 Patres
1242 2254 1522 2306 efflagitant,
1553 2262 1734 2306 patres,
1763 2255 1827 2295 in-

258 2426 269 2446 ¹
308 2426 476 2453 Astenses
490 2426 701 2460 frequentius
722 2430 891 2453 vocantur
912 2426 1041 2453 incolae
1064 2426 1177 2460 oppidi
1197 2426 1304 2461 Jerez
1318 2427 1410 2454 dela
1431 2427 1619 2459 Frontera,
1636 2427 1723 2461 quod
1740 2426 1826 2454 Asta

204 2473 318 2507 Regia
334 2473 399 2500 dici
413 2475 511 2500 solet.

257 2520 271 2540 Ξ
308 2520 425 2547 Sermo
447 2525 497 2547 est
519 2521 558 2547 de
581 2521 663 2548 urbe
684 2521 855 2554 hispanice
878 2521 968 2547 dicta
992 2520 1123 2547 Euaza.
1149 2520 1319 2548 “Cuantas
1344 2522 1517 2548 ocasioncs
1538 2523 1568 2548 le
1589 2522 1742 2548 vinieron
1761 2522 1829 2549 ala

204 2575 303 2595 mano
318 2568 403 2601 (agit
418 2568 457 2594 de
470 2568 506 2594 B.
519 2568 645 2600 Joanne
662 2568 701 2594 de
718 2568 836 2597 Avila)
847 2568 885 2594 de
901 2568 1023 2594 fundar
1034 2568 1244 2597 seminarios.
1259 2569 1419 2602 colegios.
1435 2569 1595 2602 estudios,
1610 2577 1672 2603 que
1685 2568 1829 2596 estuvie-

205 2621 263 2641 sen
279 2617 299 2641 a
313 2620 450 2642 nuestro
467 2623 581 2648 cargo,
600 2620 716 2642 tantas
731 2616 874 2648 lograba
887 2623 924 2641 su
946 2616 1116 2647 solicitud,
1131 2623 1150 2650 y
1168 2616 1329 2642 allanaba
1354 2616 1566 2642 dificultades
1580 2623 1619 2643 su
1636 2615 1828 2643 autoridad.

206 2661 447 2694 Universidad,
463 2662 609 2689 Escuela
624 2671 645 2697 y
663 2661 800 2695 Colegio
816 2662 854 2688 de
871 2662 1064 2695 colegiales,
1080 2670 1142 2695 que
1158 2662 1258 2689 fundo
1273 2670 1313 2689 en
1328 2662 1440 2689 Baeza
1454 2670 1515 2696 por
1529 2670 1568 2689 su
1584 2663 1717 2697 consejo
1731 2663 1761 2689 el
1774 2669 1830 2690 ca-

209 2709 333 2742 nonigo
348 2709 497 2743 Rodrigo
512 2709 623 2743 Lopez
640 2710 679 2736 de
695 2709 861 2740 Cordoba,
878 2710 907 2735 le
929 2709 1109 2742 persuadio
1132 2709 1349 2736 eficazmente
1365 2710 1397 2736 lo
1413 2714 1592 2743 entregase
1609 2712 1628 2737 a
1644 2711 1677 2736 la
1693 2709 1832 2743 Compa-

206 2758 274 2783 fiia.
290 2755 338 2782 Lo
351 2764 475 2783 mesmo
489 2765 528 2783 en
545 2756 700 2784 Cordoba
715 2757 754 2783 de
770 2761 844 2783 otro
857 2756 1056 2788 seminario,
1075 2764 1138 2790 que
1154 2757 1253 2783 fundo
1269 2764 1330 2783 con
1345 2764 1384 2784 su
1399 2757 1565 2784 hacienda
1584 2758 1615 2783 el
1629 2757 1758 2784 Doctor
1769 2757 1832 2783 Pe-

207 2804 267 2829 dro
282 2802 405 2837 Lopez,
421 2805 551 2831 medico
566 2804 605 2831 de
621 2805 651 2831 el
667 2803 879 2837 Emperador
892 2803 1012 2830 Carlos
1028 2803 1068 2830 V.
1084 2804 1137 2830 En
1151 2804 1184 2830 la
1199 2804 1320 2830 ciudad
1333 2804 1371 2831 de
1386 2804 1483 2837 Jerez
1499 2805 1538 2831 de
1553 2805 1586 2831 la
1601 2804 1770 2831 Frontera
1785 2804 1829 2831 in—

208 2852 302 2877 tento
317 2851 349 2877 lo
364 2858 500 2878 mesmo:
517 2852 660 2885 despues
675 2859 714 2878 en
730 2851 940 2878 Almodovar
955 2859 994 2878 su
1008 2852 1148 2885 pat1·ia.„
1163 2851 1390 2885 SANnvANEz,
1406 2858 1496 2886 oper*
1515 2852 1582 2884 cit.‚
1598 2859 1630 2886 p.
1645 2859 1665 2886 1,
1682 2859 1710 2879 c.
1724 2852 1751 2878 6.

260 2898 273 2915 ³
311 2897 382 2931 Ille,
395 2899 537 2933 scilicet,
554 2899 745 2930 canonicus,
761 2899 815 2932 qui
832 2899 1005 2932 hispanice
1022 2898 1312 2931 Maestrescuela,
1331 2899 1468 2926 scholae
1493 2900 1658 2933 magister
1672 2902 1830 2926 vocatur.

260 2946 274 2964 4
312 2944 375 2977 Sic;
392 2946 464 2972 loco
480 2950 591 2972 tamen
609 2947 797 2980 penuriae,
811 2946 937 2973 clarius
958 2946 1115 2973 fortassis
1131 2945 1417 2981 dicereturfami,
1440 2947 1513 2977 siti,
1527 2947 1701 2974 audiendi
1712 2947 1831 2974 divini

206 2992 309 3018 verbi
323 2993 526 3025 cupiditati,
539 2997 598 3020 aut
610 2993 688 3027 quid
703 2993 755 3020 his
769 2993 890 3020 simile.

261 3039 275 3057 ὕ
313 3038 428 3066 Patris
443 3039 617 3067 Michaelis
632 3040 671 3067 de
688 3040 822 3072 Torres,
839 3048 945 3074 nuper
960 3041 1121 3068 Baeticae
1138 3041 1334 3075 provinciae
1351 3041 1575 3075 praepositus.
