2020 3342
296 240 366 278 338
802 238 1027 278 LirTERAE
1054 247 1411 284 QUADRIMESTRES

1003 692 1193 747 DXIV

354 917 574 955 Robertus
597 916 906 964 Clayssonius,

400 982 471 1019 Ex
489 982 808 1020 commissione
830 982 974 1020 Patris
992 981 1251 1029 Hieronymi
1271 981 1335 1020 Le
1356 982 1457 1029 Bas,

447 1049 567 1086 Patri
584 1048 754 1094 ignatio
774 1048 828 1085 de
846 1047 1029 1096 Loyola.

491 1113 693 1160 Billomo,
715 1113 762 1150 ‘29
780 1113 883 1161 Maji
902 1113 994 1151 1556
1013 1113 1038 1150 ¹.

355 1335 453 1375 Pax
473 1334 661 1375 Domini
680 1335 765 1375 Dei
788 1335 933 1376 nostri
954 1335 1064 1388 Jesu
1085 1335 1258 1377 Christi
1280 1336 1487 1389 perfecta
1505 1347 1590 1376 nos
1607 1335 1750 1376 donet
1768 1335 1904 1377 liber-

277 1412 390 1446 tate.

354 1477 483 1527 Quae
503 1478 820 1529 superioribus
842 1478 988 1518 literis
1015 1479 1287 1530 menstruis,
1319 1479 1535 1531 proximo
1576 1478 1903 1531 quadrimestri

273 1543 432 1599 elapso
460 1548 519 1588 ad
548 1547 594 1588 P.
634 1548 783 1588 Tuam
818 1549 1062 1590 destinatis
1096 1548 1125 1600 ²,
1162 1550 1390 1602 prolixius
1425 1549 1667 1602 fusiusque
1703 1549 1898 1601 perscri-

273 1619 476 1670 psimus,
514 1619 863 1670 compendiaria
894 1620 1109 1660 methodo
1140 1620 1187 1660 in
1217 1621 1522 1661 summarium
1551 1620 1692 1661 totius
1721 1620 1900 1671 negotii

273 1696 599 1741 argumentum
621 1690 748 1730 hisce
765 1691 912 1731 literis
928 1691 1362 1742 quadrimestribus‚
1382 1704 1439 1732 ex
1457 1691 1750 1732 obedientiae
1767 1702 1900 1743 prae-

273 1762 464 1813 scriptO,
489 1762 778 1813 colligemus,
804 1774 830 1802 a
852 1761 1031 1802 decimo
1053 1762 1265 1815 Januarii
1293 1763 1596 1814 auspicaturi,
1629 1774 1720 1814 quo
1749 1768 1899 1802 extre-

270 1844 371 1872 mas
393 1833 758 1883 quadrimestres
780 1832 793 1851 ³
815 1833 1104 1885 scripsimus.

349 1903 468 1943 R.d¹1S
490 1903 539 1943 Ρ.
568 1903 882 1955 Hieronymus
909 1904 1099 1944 Bassius
1127 1909 1321 1955 rogatus
1349 1916 1376 1944 a
1403 1903 1671 1944 consulibus
1702 1903 1899 1944 Issiodo-

268 1975 498 2025 rensibus,
535 1974 638 2014 ΚΜ
671 1974 1022 2015 Claromontani
1050 1974 1284 2015 Antistitis
1312 1973 1327 1993 ⁴
1353 1975 1617 2026 subscripto
1648 1974 1896 2026 suffragio,

267 2045 499 2097 integram
519 2046 930 2098 quadragesimam
951 2046 1252 2086 ecclesiastae
1276 2045 1425 2086 officio
1452 2045 1575 2098 apud
1603 2049 1691 2086 eos'
1710 2045 1898 2086 functus

269 2123 352 2167 est,
377 2128 483 2156 cum
504 2123 634 2157 tanta
657 2117 921 2157 auditorum
942 2124 986 2157 et
1008 2117 1164 2168 gratia
1186 2123 1230 2157 et
1251 2117 1535 2168 frequentia,
1561 2122 1736 2168 quanta
1763 2128 1819 2157 ea
1852 2116 1899 2156 in

268 2188 383 2227 vrbe
404 2199 633 2227 annorum
655 2188 847 2238 triginta
869 2188 1021 2239 spatio
1044 2189 1110 2237 (Vt
1132 2188 1230 2239 ipse
1251 2188 1406 2228 eiusce
1433 2187 1587 2228 famae
1616 2187 1896 2228 auricularis

268 2259 399 2299 testis
433 2259 579 2308 extiti)
615 2259 843 2300 hactenus
877 2259 1130 2310 conspicua
1164 2259 1263 2310 fuit,
1300 2270 1385 2299 nec
1418 2259 1593 2310 absque
1628 2259 1893 2299 animarum

264 2330 393 2370 lucro
416 2330 568 2381 opimo
598 2330 802 2370 foenore.
832 2329 1100 2371 Nosocomii
1128 2329 1480 2371 Claromontani
1506 2329 1774 2381 inquilinus,
1806 2341 1892 2370 ceu

319 2536 330 2557 ¹
369 2536 616 2571 Autographae
630 2537 738 2564 tribus
751 2537 850 2571 soliis,
864 2545 922 2564 nn.
936 2537 1063 2564 273-275.
1074 2536 1141 2564 —In
1153 2537 1193 2564 iis
1205 2536 1399 2564 emendavit
1414 2537 1592 2571 quaedam,
1606 2537 1812 2564 cancellavit
1825 2537 1894 2571 plu-

262 2591 300 2611 ra
318 2584 492 2617 Polancus;
510 2592 614 2618 quare
632 2592 704 2618 nos,
719 2590 753 2612 ut
775 2585 860 2612 alias
876 2585 1026 2618 fecimus,
1049 2585 1185 2612 litteras
1207 2591 1226 2611 a
1248 2584 1394 2611 Polanco
1418 2588 1594 2612 correctas
1617 2584 1715 2618 infra,
1739 2588 1815 2619 post
1831 2584 1895 2612 has

261 2632 379 2666 quales
395 2631 615 2666 Clayssonius
631 2632 779 2666 scripsit,
795 2632 1022 2667 subjiciemus.

314 2679 327 2697 ⁴2
366 2679 530 2713 Elapsum
552 2680 819 2713 quadrimestre,
839 2680 935 2715 cujus
956 2680 1008 2707 hic
1032 2679 1066 2706 fit
1088 2686 1216 2712 sermo,
1232 2678 1315 2706 illud
1336 2683 1386 2706 est
1409 2679 1496 2713 quod
1519 2687 1539 2706 a
1559 2679 1715 2712 Januarii
1735 2679 1832 2707 initio
1851 2679 1893 2707 ad

261 2726 391 2760 Aprilis
407 2726 505 2752 finem
523 2727 683 2754 excurrit.
700 2727 775 2760 Jam
790 2735 872 2754 vero
890 2735 929 2754 ex
947 2727 999 2754 his
1014 2726 1150 2759 littei-55,
1174 2733 1257 2760 quas
1277 2733 1338 2760 pro
1361 2734 1452 2753 more
1473 2726 1616 2761 singulis
1636 2726 1689 2754 his
1711 2726 1892 2760 mensibuS.

259 2773 433 2807 Januario,
449 2774 592 2805 scilicet,
610 2774 811 2808 Februario,
830 2774 953 2802 Martio
969 2779 1001 2801 et
1018 2774 1130 2808 Aprili
1143 2773 1364 2809 Clayssonius
1376 2774 1524 2808 scripsit,
1541 2777 1734 2807 postremae
1747 2777 1892 2806 tantum,

258 2821 313 2848 die
330 2822 393 2848 21³2
409 2821 521 2853 datae,
539 2821 579 2848 ad
596 2829 655 2848 nos
670 2829 774 2856 usque
787 2829 988 2857 pervenere.
1004 2822 1073 2848 Eas
1086 2826 1209 2853 tamen,
1226 2821 1314 2855 quia,
1328 2826 1364 2848 ut
1376 2822 1459 2848 bene
1472 2821 1520 2848 ait
1535 2822 1606 2855 ipse
1617 2825 1749 2856 auctor,
1762 2821 1891 2855 eadem,

258 2869 339 2896 licet
353 2869 454 2902 paulo
470 2869 691 2900 enucleatius,
709 2869 894 2903 continent,
913 2877 999 2904 quae
1015 2869 1047 2895 in
1070 2868 1122 2895 his
1143 2868 1449 2902 quadrimestribus
1475 2872 1670 2903 narrantur,
1693 2868 1747 2896 hic
1766 2875 1831 2896 non
1845 2868 1891 2896 in-

258 2923 419 2949 seremuS,
439 2916 498 2942 sed
520 2915 562 2942 ad
584 2916 817 2950 Appendicem
837 2918 986 2945 alteram
1006 2915 1125 2944 Novae
1146 2915 1254 2942 Seriei
1274 2915 1471 2943 litterarum
1496 2915 1611 2943 Sancti
1632 2915 1757 2950 Ignatii
1776 2915 1891 2944 remit-

259 2968 380 2991 temus.

311 3011 324 3029 ⁵
362 3011 431 3038 Eas
443 3010 608 3038 edidimus
623 3019 738 3046 supra,
754 3019 786 3039 n.
802 3019 937 3046 cmxw,
953 3019 1035 3046 pag.
1057 3011 1106 3038 39.

313 3058 328 3077 ⁴
364 3058 536 3086 Guilielmi
552 3059 594 3086 du
611 3059 705 3086 Prat.
