2020 3342
273 219 352 261 464‘
783 221 1007 258 LITTERAE
1035 231 1391 263 QUADRIMESTRES

355 390 705 442 Superscrz'ptz‘o
731 389 780 428 in
807 392 980 439 quarta
1004 388 1218 438 pagina:
1245 351 1357 428 Isis.
1395 387 1455 427 A}
1484 398 1593 438 muy
1621 385 1722 426 R.d0
1746 384 1903 426 Padre

273 461 475 502 Nuestro
496 472 553 500 en
575 460 776 509 Christo,
801 461 842 498 el
863 458 934 499 Re
955 458 1041 499 M.⁰
1061 456 1251 509 Ignacio
1273 458 1329 498 de
1345 457 1539 509 Loyola,
1558 456 1800 508 Preposito
1817 467 1897 508 ge-

274 532 405 572 neral
425 531 481 571 de
503 532 546 570 la
569 530 825 581 Compania
846 529 902 569 de
923 529 1058 581 Jesus
1088 541 1145 569 en
1171 528 1259 569 Sta
1280 528 1430 568 Maria
1458 527 1514 568 de
1543 528 1588 567 la
1615 526 1806 578 Strada,
1838 538 1899 567 en

274 602 438 642 Roma.

355 671 465 711 Alia
498 682 660 711 manu:
694 671 824 724 jhus.
859 670 974 711 1556.
1012 670 1274 721 Caragoca.
1312 670 1664 721 Quadrimestre
1692 669 1749 710 de
1781 669 1807 708 6
1840 669 1902 709 de

275 743 392 784 Set.e

463 1203 744 1230 Praecedentium
762 1202 876 1229 Patris
893 1203 1056 1236 Alphonsi
1074 1201 1202 1228 Roman
1218 1202 1412 1229 litterarum
1428 1202 1536 1228 latina
1553 1208 1666 1227 versw
1682 1201 1704 1226 ἱ,

1035 1326 1131 1403 ΙΙΪΙΞ

353 1525 621 1565 Admodum
642 1524 741 1564 R.de
764 1524 901 1564 Pater
922 1530 1080 1564 noster
1101 1524 1147 1564 in
1170 1524 1373 1564 Christo,

354 1595 520 1636 Gratia
542 1601 586 1636 et
615 1607 711 1647 pax
732 1594 905 1635 Christi
931 1595 1042 1647 Jesu
1069 1601 1113 1634 et
1142 1595 1398 1635 consolatio
1425 1593 1587 1635 Sancti
1613 1593 1814 1647 Spiritus
1840 1594 1903 1635 sit

274 1678 458 1718 semper
478 1677 584 1707 cum
605 1666 817 1707 omnibus
837 1666 984 1706 nobis.
1009 1665 1174 1706 Amen.

354 1738 419 1778 Vt
440 1749 510 1788 ea,
530 1748 650 1789 quae
672 1737 883 1788 proxime
900 1737 1058 1788 elapso
1080 1737 1409 1788 quadrimestri
1423 1743 1632 1789 tempore
1648 1737 1805 1777 diuina
1821 1738 1898 1778 bo-

273 1809 396 1849 nitas
421 1820 504 1860 per
532 1808 717 1848 inutiles
743 1819 906 1848 seruos
933 1819 1043 1847 suos
1070 1807 1144 1847 hic
1175 1808 1360 1859 operari
1386 1808 1578 1858 dignata
1608 1814 1699 1859 est,
1729 1808 1898 1848 descri-

273 1880 395 1929 bam,
420 1891 446 1918 a
467 1879 604 1919 rebus
625 1878 771 1930 primo
801 1878 1020 1930 incipiam
1041 1878 1309 1919 domesticis
1340 1879 1412 1929 (de
1441 1879 1622 1930 quibus,
1646 1885 1696 1918 vt
1726 1879 1786 1919 ad
1806 1879 1897 1919 alia

273 1957 526 1999 transeam,
564 1949 655 1989 cito
689 1960 761 1989 me
799 1949 1075 1999 expediam).
1112 1949 1208 1989 Eae
1243 1956 1398 1989 autem
1425 1950 1491 2000 (vt
1525 1950 1571 1989 in
1603 1948 1900 2001 praecedenti

274 2020 601 2073 quadrimestri
614 2018 807 2071 epistola
824 2020 883 2059 ad
899 2020 1088 2071 longum
1105 2026 1211 2060 tuae
1227 2019 1502 2061 Paternitati
1518 2021 1783 2072 expositum
1797 2020 1898 2071 fuit)

275 2092 398 2143 quod
420 2091 477 2130 ad
510 2090 719 2131 ordinem
740 2090 1022 2142 procedendi
1042 2091 1089 2130 in
1109 2091 1447 2142 spiritualibus,
1471 2098 1608 2143 atque
1632 2091 1691 2132 ad
1719 2092 1897 2142 regula-

273 2173 375 2202 rum
397 2161 875 2212 constitutionumque
892 2161 1253 2212 obseruantiam,
1287 2161 1345 2201 ad
1369 2162 1680 2203 valetudinem
1700 2162 1900 2214 denique

275 2234 480 2273 omnium
508 2238 720 2272 nostrum
749 2232 914 2272 attinet
944 2238 1082 2284 atque
1108 2243 1367 2282 numerum,
1391 2244 1507 2284 pene
1537 2233 1602 2273 ita
1633 2233 1822 2273 omnino
1848 2244 1898 2273 se

273 2304 459 2344 habent.
490 2302 715 2343 Valemus
742 2303 862 2342 enim
894 2314 1053 2343 omnes
1081 2303 1139 2343 ad
1168 2302 1357 2343 Domini
1385 2303 1600 2354 gloriam,
1633 2309 1678 2343 et
1704 2315 1898 2343 numero

274 2385 433 2414 sumus
455 2380 565 2425 quot
586 2373 707 2424 iique
729 2373 808 2425 qui
837 2379 946 2413 tunc
968 2385 1167 2423 eramus,
1197 2380 1526 2425 praeterquam
1553 2374 1676 2425 quod
1698 2373 1745 2414 P.
1779 2373 1896 2426 Que-

274 2446 363 2485 ralt
383 2444 746 2485 Barchinoniam
767 2455 826 2484 ex
846 2443 895 2484 P.
918 2443 955 2484 F
959 2445 1160 2484 rancisci
1183 2456 1414 2484 consensu
1433 2445 1585 2496 petiit,
1608 2451 1653 2485 et
1673 2446 1776 2485 loco
1797 2446 1901 2485 eius

274 2515 478 2555 duo'iam
501 2514 577 2555 diu
599 2514 745 2566 optati
772 2521 930 2564 patres
956 2514 1046 2554 huc
1075 2515 1242 2555 abhinc
1272 2515 1436 2566 paucis
1464 2516 1697 2556 aduenere
1717 2516 1895 2566 diebus,

275 2597 472 2637 quorum
503 2586 620 2625 alter
656 2583 836 2624 Doctor
868 2584 1099 2635 Ramirez,
1132 2586 1250 2625 alter
1279 2597 1393 2626 vero
1421 2585 1597 2626 Doctor
1631 2585 1899 2638 Rodriguez

273 2661 615 2706 nuncupantur,
641 2656 916 2706 illorumque
938 2655 1140 2695 aduentu
1162 2655 1329 2696 vberes
1348 2656 1673 2708 producendos
1700 2656 1898 2708 fructuS,

274 2725 376 2766 Deo
399 2725 552 2774 dante,
578 2724 865 2765 confidimus.
891 2725 1138 2766 Caeterum
1160 2726 1215 2766 de
1237 2726 1318 2774 eis,
1342 2737 1460 2777 quae
1482 2727 1540 2767 ad
1561 2728 1800 2778 proximos
1821 2739 1899 2768 ex

274 2802 477 2848 pectant,
500 2795 574 2835 dic
579 2806 654 2834 am
677 2806 793 2846 quae
815 2807 917 2835 sese
940 2795 1154 2836 offerunt.

328 2978 338 2997 ²
378 2978 602 3012 Archetypae
615 2979 737 3014 duplici
754 2979 832 3006 folio
837 2979 969 3014 'primo
984 2981 1091 3013 n.1152,
1107 2983 1218 3008 altero
1233 2989 1298 3009 non
1319 2986 1508 3009 numerato.
1530 2982 1740 3016 Subscriptio
1765 2986 1898 3010 tantum

274 3031 347 3051 esse
363 3024 499 3051 videtur
514 3020 616 3051 manu'
630 3019 755 3052 Patris
759 3021 924 3054 Romans
