2020 3342
291 230 361 276 482
798 231 1023 274 LITTERAE
1050 241 1406 279 QUADRIMESTRES

1017 690 1178 744 DXL

365 920 529 959 Hector
548 920 785 958 Leonellus

409 986 529 1024 Patri
542 985 710 1033 Jacobo
731 985 926 1033 Laynez,
947 985 1141 1023 Vicario.

455 1050 596 1097 Senis,
617 1050 639 1086 6
658 1049 928 1098 Septembris
950 1049 1042 1088 1556
1061 1050 1088 1086 ¹.

1042 1206 1172 1295 Jffus

368 1403 468 1444 Pax
484 1401 558 1443 X}

368 1473 497 1525 Quae
519 1473 836 1525 superioribus
857 1480 1058 1526 quatuor
1079 1474 1328 1524 mensibus,
1348 1472 1436 1515 Dei
1450 1472 1556 1527 Opt.
1575 1474 1699 1516 Max.
1719 1486 1912 1517 munere

287 1557 343 1586 ac
363 1544 601 1595 beneficio,
624 1556 708 1596 per
729 1557 812 1585 nos
834 1551 940 1585 acta
962 1552 1082 1595 sunt,
1107 1547 1530 1598 quantulacumque
1553 1559 1607 1587 ea
1636 1547 1822 1598 fuerint,
1847 1547 1912 1598 (ut

287 1616 533 1656 Societatis
561 1622 748 1656 nostrae
779 1616 1161 1656 consuetudinem
1196 1628 1465 1669 moremque
1501 1618 1758 1668 seruemus)
1786 1617 1845 1659 ad
1865 1625 1911 1659 te

287 1687 576 1738 perscribere
598 1687 914 1727 necessarium
937 1687 1169 1737 duximus3
1188 1687 1234 1727 in
1251 1688 1419 1740 quibus
1435 1688 1725 1741 explicandis
1742 1690 1806 1730 ita
1823 1701 1909 1730 nos

286 1769 517 1810 geremus,
542 1763 590 1798 ut
613 1758 812 1810 primum
839 1770 866 1799 a
899 1758 1097 1809 spiritali
1131 1759 1285 1799 fructu
1316 1759 1496 1800 initium
1527 1771 1780 1812 sumamus,
1811 1767 1908 1801 tum

287 1841 397 1870 uero
415 1829 473 1869 ad
490 1841 544 1869 ea
561 1840 679 1880 quae
696 1829 896 1880 collegii,
916 1841 1034 1880 quae
1052 1829 1399 1881 discipulorum,
1415 1842 1626 1883 quaeque
1644 1832 1786 1872 totius
1803 1839 1910 1872 sunt

287 1901 505 1949 ciuitatis,
531 1900 731 1941 breuiter
754 1900 1026 1951 attingenda
1049 1901 1417 1951 progrediamur.

365 1972 480 2012 Cum
500 1971 615 2012 haec
652 1971 763 2011 vrbs
784 1971 849 2022 (ut
875 1977 919 2011 te
942 1971 1129 2012 minime
1150 1971 1284 2023 fugit)
1308 1979 1351 2012 et
1373 1985 1400 2013 a
1429 1973 1608 2013 ciuibus
1634 1979 1679 2014 et
1706 1985 1732 2014 a
1754 1973 1910 2014 militi-

285 2043 368 2083 bus
390 2043 633 2093 incolatur,
658 2043 826 2082 mirum
855 2042 1062 2094 profecto
1089 2048 1158 2083 est
1185 2049 1409 2094 quantum
1437 2055 1597 2084 omnes
1625 2045 1671 2084 in
1694 2044 1908 2085 omnibus

285 2126 378 2155 non
398 2114 595 2165 priuatis
616 2113 753 2154 modo
776 2119 914 2165 atque
936 2114 1216 2164 domesticis,
1236 2126 1398 2155 uerum
1419 2115 1558 2156 etiam
1575 2115 1621 2156 in
1649 2116 1907 2156 amicorum

286 2185 696 2237 proximorumque
718 2185 939 2236 negociis,
965 2191 1124 2225 nostra
1156 2197 1298 2237 opera
1327 2192 1545 2239 utantur.-
1567 2186 1699 2237 Nam,
1732 2194 1782 2228 ut
1802 2187 1910 2228 hinc

285 2256 517 2306 exordiar,
545 2257 708 2296 mulier
736 2255 979 2308 quaedam,
1010 2257 1138 2296 claro
1167 2257 1352 2308 quidem
1380 2268 1552 2308 genere
1577 2264 1702 2309 nata,
1736 2269 1841 2299 cum
1863 2259 1908 2298 in

283 2327 614 2378 grauissimum
641 2327 1177 2379 periculosissimumque
1205 2327 1418 2368 morbum
1453 2328 1720 2377 incidisset,
1763 2341 1910 2381 eoque

285 2398 529 2439 duodecim
550 2409 779 2439 annorum
801 2398 950 2450 spatio
980 2398 1254 2449 laborasset,
1283 2411 1369 2439 nec
1401 2399 1492 2440 ulla
1520 2400 1628 2440 huic
1656 2400 1818 2441 morbo
1839 2412 1907 2441 re-

284 2470 436 2510 media
458 2470 792 2520 inuenirentur,
817 2469 1062 2521 desperata
1086 2470 1249 2520 salute,
1275 2469 1461 2510 assidue
1481 2470 1528 2510 in
1555 2472 1673 2511 lecto
1706 2472 1906 2512 iacebat.

284 2539 346 2581 At
368 2552 478 2580 uero
500 2546 549 2580 ut
569 2546 780 2580 nostrum
802 2540 1054 2580 aduentum
1075 2540 1290 2591 uitaeque
1318 2541 1549 2582 rationem
1575 2542 1802 2593 percepit,
1826 2554 1909 2594 per

282 2611 502 2651 nuncium
524 2623 550 2651 a
578 2611 712 2651 nobis
738 2611 868 2662 petiit
903 2616 951 2651 ut
987 2622 1090 2651 eam
1123 2611 1444 2660 inuiseremus,
1483 2612 1606 2664 quod
1635 2624 1721 2652 nos
1749 2612 1908 2653 libenti

283 2682 438 2722 animo
461 2682 667 2722 fecimus.
693 2680 812 2722 Nam
833 2687 876 2721 et
898 2693 1000 2722 eam
1026 2682 1273 2733 aliquoties
1300 2683 1630 2734 interuisimus,
1661 2690 1705 2724 et
1734 2694 1906 2735 magno

282 2760 329 2792 ut
351 2759 473 2793 esset
497 2753 667 2803 animo,
694 2764 969 2804 omnemque
991 2764 1120 2804 spem
1147 2753 1494 2805 recuperandae
1522 2754 1685 2794 salutis
1714 2755 1761 2795 in
1788 2753 1905 2806 Deo,

333 2912 341 2933 Ι
382 2912 613 2946 Apographac
642 2912 765 2946 duplici
781 2912 871 2945 folio.
885 2920 939 2940 nn.
954 2912 988 2940 117
1002 2917 1034 2940 et
1051 2913 1363 2947 48.—Desideratut
1383 2915 1639 2950 superscripti03
1664 2919 1817 2944 attamen
1834 2917 1906 2944 nul-

280 2961 346 2987 lum
362 2960 430 2987 sere
446 2960 583 2987 dubium
599 2967 671 2986 esse
693 2964 803 2994 potest
825 2960 903 2994 quin
921 2960 1015 2987 Patri
1039 2960 1175 2996 Laynez
1196 2960 1450 2995 superscriptae
1474 2962 1609 2995 suerint,
1635 2963 1729 2998 cujus
1750 2964 1782 2992 in
1804 2964 1906 2992 Vica-

278 3010 363 3035 rium
387 3006 570 3034 Societatis
595 3007 798 3034 Generalcm
819 3007 940 3034 electio
963 3008 1080 3042 ignota
1100 3015 1173 3035 esse
1199 3016 1263 3036 non
1284 3012 1420 3043 poterat
1442 3010 1504 3037 hoc
1526 3014 1676 3046 tempore
1699 3011 1825 3039 nostris
1848 3011 1904 3040 Se·

279 3056 447 3089 nensibus.
