2020 3342
882 262 948 298 ΑΝ
956 289 964 296 .
996 260 1085 298 1556
1698 257 1769 294 457

139 360 335 402 mirifice
350 360 638 401 delectantur
660 370 715 399 ac
736 358 1021 408 excitantur;
1045 356 1168 408 quod
1188 367 1324 407 spero
1345 354 1458 395 fore.
1489 353 1768 394 Scholastici

141 432 323 483 primae
340 436 384 471 et
400 430 633 471 secundae
654 429 818 470 classis
838 428 1016 469 faciunt
1031 426 1397 479 quamplurimos
1413 435 1578 465 uersus
1596 423 1767 463 latinos

145 507 189 542 et
209 512 423 552 graecos,
447 501 656 552 aliasque
677 500 914 539 orationes
936 505 979 538 et
1001 497 1366 539 declamationes
1386 500 1684 545 componunt.

224 571 456 612 Proximis
477 571 653 621 diebus,
677 582 735 611 ex
755 569 1005 622 primariis,
1029 574 1273 621 parentum
1291 576 1521 606 consensu
1544 565 1608 614 (ut
1625 563 1768 621 moris

146 643 247 693 est),
269 643 329 683 ad
348 654 434 682 nos
453 654 503 682 se
525 647 817 693 receperunt,
841 652 960 680 unus
983 652 1040 680 ex
1061 639 1311 685 ueteranis,
1332 637 1449 677 alter
1470 647 1584 676 uero
1602 646 1660 674 ex
1675 645 1767 674 me-

139 713 393 762 diocribus,
418 713 493 753 hic
515 718 614 752 erat
634 723 795 763 nepos,
818 711 976 751 nescio
999 723 1058 750 an
1080 723 1138 750 ex
1159 710 1322 754 fratre,
1348 706 1562 757 Magistri
1590 704 1766 756 Gaspa-

144 785 222 833 riS,
246 783 497 823 Eborensis
516 782 697 823 Decani
718 789 855 833 atque
878 781 1233 832 Archiepiscopi
1250 779 1379 820 Goae
1400 778 1425 827 ¹,
1445 788 1561 828 quos
1577 780 1767 816 secutus

142 859 213 894 est
233 855 350 894 alius
370 866 429 894 ex
448 853 713 906 praecipuis
734 852 967 893 secundae
998 851 1186 892 classis:
1210 850 1284 891 hic
1314 856 1359 889 et
1388 847 1675 889 nobilissima
1702 845 1766 884 fa-

143 925 269 965 milia
290 932 442 975 natus,
467 931 511 964 et
532 924 706 976 optimo
729 923 968 975 praeditus
988 929 1057 963 est
1078 922 1280 974 ingenio.
1304 921 1459 972 Atque
1480 919 1560 960 alii
1579 929 1672 958 non
1693 917 1766 956 de-

142 996 326 1036 terioris
347 995 627 1036 conditionis
648 995 772 1035 idem
791 994 1014 1044 facerent,
1039 994 1078 1034 si
1100 999 1308 1045 potestas
1329 992 1533 1032 daretur.

222 1066 318 1106 Nec
338 1067 424 1107 hos
445 1067 595 1107 solum
616 1065 795 1106 fructus
815 1071 1027 1105 nostrum
1047 1065 1136 1105 hoc
1163 1064 1411 1115 collegium
1439 1061 1612 1103 Christi
1634 1061 1767 1100 bene-

139 1137 248 1177 ficio
275 1137 398 1185 tulit;
430 1137 509 1177 alii
536 1137 656 1177 enim
688 1136 818 1176 multi
845 1135 904 1175 ad
930 1136 1021 1176 alia
1049 1148 1098 1176 se
1126 1135 1420 1175 contulerunt
1446 1131 1687 1181 coenobia,
1722 1136 1767 1170 et

142 1208 473 1259 quamplurimi
489 1208 568 1248 alii
588 1214 694 1248 sunt
710 1214 806 1247 tam
822 1207 1022 1247 modesti
1038 1212 1225 1258 tamque
1244 1211 1483 1257 spectatae
1500 1203 1766 1243 adolescen-

144 1279 251 1326 tiae,
274 1285 324 1318 ut
344 1279 457 1319 nihil
478 1290 635 1331 supra.
661 1278 796 1330 Quod
817 1278 1003 1329 quidem
1024 1278 1104 1318 uix
1125 1277 1223 1317 sine
1244 1287 1417 1326 magna
1445 1273 1766 1315 consolatione

138 1349 317 1389 referre
338 1361 541 1400 possum.
565 1349 711 1390 Multa
740 1348 923 1401 quidem
953 1349 1008 1389 de
1035 1349 1203 1388 horum
1231 1346 1458 1387 modestia
1488 1344 1765 1397 optimisque

139 1420 348 1460 moribus
370 1419 643 1460 paternitati
664 1427 771 1461 tuae
792 1431 979 1472 possem
1008 1419 1213 1460 scribere
1232 1430 1240 1458 :
1265 1424 1421 1458 tamen
1441 1417 1551 1468 quia
1578 1415 1764 1466 longius

140 1503 282 1542 quam
301 1497 519 1543 putaram
539 1492 739 1543 produxi
760 1502 1038 1540 sermonem,
1062 1497 1243 1531 tanturn
1263 1489 1467 1529 scribam
1497 1487 1620 1540 quod
1651 1486 1765 1527 mihi

138 1563 367 1613 proximis
399 1563 561 1603 diebus
587 1563 777 1615 quidam
808 1563 864 1603 de
890 1562 1062 1602 nostris
1089 1561 1329 1612 discipulis
1363 1559 1596 1609 narrauit,
1626 1569 1763 1610 quem

142 1645 246 1674 cum
269 1634 471 1685 quodam
492 1634 565 1674 die
584 1633 768 1674 laetitia
795 1633 971 1674 elatum
999 1633 1012 1651 ²
1038 1634 1265 1683 intuerer,
1289 1631 1478 1672 nouitas
1508 1631 1575 1671 rei
1602 1642 1675 1670 me
1706 1628 1766 1670 ad

140 1704 477 1756 exquirendam
511 1705 715 1746 laetitiae
750 1717 943 1746 causam
977 1704 1222 1745 excitauit:
1251 1704 1290 1744 is
1319 1702 1559 1754 respondit
1591 1713 1640 1742 se
1669 1713 1764 1742 non

141 1787 278 1826 posse
298 1787 392 1816 non
412 1776 671 1817 incredibili
691 1776 863 1827 gaudio
884 1776 1099 1828 perfundi
1120 1787 1176 1816 ea
1196 1775 1490 1826 potissimum
1516 1773 1573 1814 de
1603 1784 1761 1823 causa,

142 1847 266 1898 quod
286 1859 339 1887 eo
361 1847 561 1899 primum
583 1847 656 1888 die
677 1847 833 1888 diuino
855 1859 910 1888 ac
929 1846 1301 1898 splendidissimo
1319 1845 1494 1886 Christi
1511 1844 1617 1896 Opt.
1636 1843 1761 1885 Max.

141 1918 357 1958 conuiuio
378 1918 676 1970 interfuisset,
700 1925 745 1959 et
766 1919 873 1970 quia
896 1924 1139 1970 praeterea
1161 1929 1266 1958 cum
1296 1917 1461 1957 eodem
1481 1915 1554 1956 die
1575 1917 1763 1956 domum

140 1996 267 2029 recta
288 1990 512 2041 tenderet,
536 1990 876 2042 quemdamque
904 1990 1045 2030 alium
1072 1988 1331 2029 maledictis
1360 1987 1683 2039 lapidibusque
1714 1998 1765 2026 se

137 2060 445 2101 insectantem
465 2061 613 2102 amice
633 2062 921 2113 increparet,
944 2067 1226 2112 rogaretque
1247 2068 1297 2100 ut
1325 2071 1382 2099 ne
1409 2059 1455 2099 id
1481 2059 1673 2109 faceret,
1706 2058 1763 2098 ab

140 2131 304 2172 eodem
330 2139 400 2172 est
432 2132 478 2172 in
504 2132 625 2173 facie
653 2133 826 2173 acriter
852 2144 1126 2184 percussus,
1149 2138 1280 2171 tanto
1307 2131 1480 2182 gaudio
1508 2130 1621 2170 mihi
1650 2129 1765 2170 refe-

140 2203 270 2242 rebat
291 2215 340 2243 se
362 2202 451 2243 Dei
470 2214 661 2243 munere
682 2203 876 2255 patienti
898 2203 1052 2243 animo
1074 2202 1186 2242 illud
1205 2203 1380 2253 tulisse,
1400 2208 1449 2242 ut
1466 2201 1564 2253 ejus
1582 2201 1765 2241 animus

138 2273 313 2314 laetitia
335 2280 379 2314 et
398 2274 571 2325 gaudio
593 2274 803 2315 exultare
824 2281 869 2314 et
888 2273 1113 2325 liquefieri
1134 2273 1382 2314 uideretur.
1406 2273 1552 2313 Multa
1573 2272 1665 2312 alia
1683 2271 1764 2312 hu-

128 2343 350 2395 jusmodi,
374 2357 432 2385 ne
453 2345 636 2397 longior
656 2345 758 2396 sim,
782 2345 838 2386 de
858 2345 1087 2385 industria
1104 2345 1440 2396 praetermitto.
1460 2344 1599 2384 Faxit
1616 2342 1760 2393 Deus,

141 2415 219 2467 qui
240 2416 389 2467 prima
409 2416 525 2456 haec
546 2416 734 2457 uirtutis
754 2416 1056 2456 fundamenta
1077 2416 1123 2455 in
1143 2415 1230 2465 his,
1250 2426 1367 2467 quos
1387 2427 1470 2455 suo
1487 2414 1765 2466 pretiosissi-

141 2497 215 2526 mo
237 2487 465 2538 sanguine
487 2486 705 2537 redemit,
729 2487 948 2538 dignatus
976 2492 1044 2526 est
1071 2485 1248 2537 jacere,
1278 2485 1520 2525 absoluere
1550 2496 1605 2525 ac
1631 2484 1766 2536 perfi-

141 2568 260 2597 cere.
285 2557 451 2598 Amen.
1654 2598 1659 2603 ,

219 2627 321 2668 Non
343 2628 455 2669 mihi
476 2629 660 2669 silentio
690 2627 1082 2680 praetereundum
1112 2639 1280 2668 censeo
1314 2628 1436 2679 quod
1462 2627 1560 2678 jam
1589 2626 1686 2667 sere
1707 2638 1765 2666 ex

139 2700 365 2740 memoria
385 2700 640 2740 exciderat:
664 2712 829 2752 nempe
850 2700 1056 2749 antliam,
1080 2699 1178 2739 siue
1200 2705 1410 2750 puteum,
1442 2699 1645 2750 ingentis
1665 2698 1765 2738 alti-

139 2770 312 2810 tudinis
332 2771 379 2810 in
405 2771 580 2811 nostris
607 2771 755 2811 hortis
782 2782 884 2811 esse
913 2776 1124 2822 apertum
1151 2770 1482 2821 inuentamque
1510 2769 1765 2809 maximam

194 2931 202 2949 ¹
242 2931 324 2958 Post
338 2930 502 2964 Joannem
523 2932 562 2958 de
580 2932 839 2965 Alburquerque
860 2930 892 2963 (†
916 2930 995 2963 1553)
1010 2931 1138 2958 electus
1159 2935 1209 2957 est
1225 2931 1258 2958 in
1272 2930 1440 2958 Goensem
1462 2930 1766 2964 Archiepiscopum

140 2977 276 3012 Gaspar
290 2977 396 3006 Leam
417 2979 456 3006 de
478 2978 628 3012 Pereira,
646 2978 701 3013 qui
716 2983 831 3005 tamen
845 2977 936 3004 sedis
956 2978 1201 3011 possessionem
1222 2986 1287 3005 non
1308 2978 1416 3005 adivit
1438 2982 1516 3005 ante
1542 2984 1666 3004 annum
1681 2976 1763 3004 1560.

139 3023 248 3052 GAMs.

194 3074 207 3091 ²
246 3080 402 3100 maxime
415 3072 562 3101 laetum.
