2020 3342
882 252 965 289 ΑΝ.
998 253 1088 290 1556
1113 264 1130 273 ⁴·
1191 264 1215 279 -’
1717 255 1786 291 455

143 358 146 361 ·
168 346 277 396 Opt.
300 346 426 386 Max.
450 347 710 387 clarissima
732 360 848 388 uoce
869 349 1157 389 confitentes.
1183 349 1314 400 Quod
1338 349 1521 401 quidem
1542 361 1635 389 non
1665 358 1790 400 pote-

167 425 239 456 rat
261 428 354 456 non
376 428 596 469 magnam
616 420 935 469 spectantibus
962 420 1321 459 admirationem
1350 427 1393 460 et
1421 419 1786 460 consolationem

166 486 365 527 adferre.

245 557 368 598 Inter
389 559 474 598 hos
495 559 579 599 suit
600 560 787 610 quidam
808 567 957 610 turca,
982 563 1060 613 qui
1083 562 1400 613 superioribus
1417 562 1550 601 annis
1567 563 1788 601 sacrola-

164 639 309 668 uacro
331 629 482 669 fuerat
503 630 738 681 expiatus;
770 630 868 682 qui,
900 632 978 671 ubi
1007 632 1230 672 intellexit
1262 644 1310 672 se
1338 633 1430 672 iam
1458 632 1657 672 flammis
1686 642 1790 672 esse

163 698 445 739 destinatum
468 700 826 751 propediemque
844 703 1226 753 comburendum,
1246 710 1375 743 tanta
1393 709 1462 743 est
1479 703 1547 742 ira
1565 702 1783 753 percitus,

163 775 383 821 tantaque
405 771 532 810 rabie
554 778 597 810 et
619 771 775 811 furore
796 771 1015 813 incensus
1030 806 1047 823 „
1062 781 1109 813 ut
1133 774 1349 814 maximis
1377 774 1570 814 uocibus
1597 779 1789 824 propter

162 840 302 880 animi
336 841 638 881 acerbitatem
672 843 989 892 exclamaret,
1027 845 1275 895 multisque
1311 844 1423 884 aliis*
1453 844 1600 895 signis
1635 843 1784 883 dirum

159 910 285 951 illum
308 912 450 952 animi
472 912 676 953 furorem
698 919 742 952 et
768 914 1110 965 aegritudinem
1138 915 1445 965 signiticaret,
1479 915 1541 954 ita
1572 920 1621 954 ut
1650 920 1787 959 nemo

159 989 316 1032 posset
337 994 442 1022 cum
464 995 518 1023 eo
538 994 680 1034 agere
702 990 750 1023 ut
771 984 827 1024 de
848 985 946 1024 suis
967 987 1174 1036 peccatis
1196 985 1519 1026 confiteretur:
1544 985 1784 1036 eoquede-

160 1053 359 1092 mentiae
380 1055 520 1103 uenit,
542 1062 591 1094 ut
613 1067 708 1105 eos,
733 1055 812 1106 qui
832 1056 954 1095 bona
977 1056 1249 1106 suadebant,
1275 1069 1300 1096 a
1329 1069 1378 1096 se
1409 1057 1784 1107 expelleret,=nec

159 1134 239 1162 eos
273 1125 410 1164 uellet
443 1126 618 1165 audire.
656 1126 865 1166 Tandem
901 1128 976 1178 qui
1011 1139 1060 1166 56
1095 1128 1293 1178 primum
1325 1135 1422 1167 tam
1453 1127 1659 1170 ferreum
1680 1126 1785 1166 feri-

159 1206 362 1246 numque
389 1197 703 1246 praestiterat,
735 1198 798 1237 ita
828 1197 1002 1238 Christi
1039 1210 1264 1238 concessu
1298 1198 1446 1238 flexus
1480 1199 1783 1249 placatusque

159 1272 243 1316 est,
267 1272 315 1306 ut
337 1278 429 1306 non
452 1268 600 1307 solum
622 1268 764 1308 animi
786 1268 1006 1319 mitigati,
1030 1281 1192 1308 uerum
1219 1276 1264 1309 et
1285 1270 1584 1320 poenitentis,
1609 1279 1781 1319 mag-na

158 1336 293 1387 signa
315 1337 506 1377 dederit.
530 1338 771 1390 Insperato
793 1351 904 1379 uero
931 1346 1088 1379 tantae
1116 1340 1181 1379 rei
1210 1347 1380 1379 euentu
1409 1346 1583 1390 quanta
1612 1339 1782 1379 fuerint

158 1419 318 1447 omnes
339 1409 787 1459 uoluptate-perfusi,
811 1411 891 1450 uix
913 1410 1187 1450 Paternitati
1215 1417 1321 1450 tuae
1343 1411 1579 1461 explicare
1600 1416 1778 1461 potero.

154 1477 395 1518 Seruatori
414 1479 614 1530 Chi-isto,
634 1492 660 1520 a
677 1492 766 1532 quo
784 1482 899 1521 haec
917 1482 1072 1521 omnia
1085 1482 1209 1521 >bona
1232 1482 1527 1532 proueniunt,
1546 1481 1778 1521 maximae

155 1549 531 1602 immortalesque
558 1552 740 1602 gratiae
763 1558 977 1602 agantur.

233 1620 299 1660 Eo
321 1621 408 1670 die,
432 1633 522 1672 quo
544 1623 660 1662 haec
679 1629 814 1673 gesta
840 1630 960 1672 sunt,
986 1624 1214 1675 quaedam
1236 1624 1497 1673 comoedia,
1522 1635 1639 1674 quae
1667 1623 1777 1668 dici-

152 1697 228 1730 tur
247 1691 513 1743 Acolastus‚
537 1693 583 1733 in
603 1700 764 1733 nostro
787 1693 994 1745 Collegio
1013 1694 1164 1734 fuerat
1187 1694 1391 1746 agenda:
1417 1701 1461 1734 et
1483 1706 1587 1737 cum
1619 1694 1775 1734 omnia

149 1760 246 1812 jam
266 1762 362 1802 fere
383 1770 538 1804 essent
564 1772 814 1816 apparata,
839 1766 960 1806 illius
989 1766 1053 1805 rei
1082 1777 1225 1805 causa
1255 1766 1406 1806 uisum
1435 1772 1504 1805 est
1531 1765 1658 1805 Patri
1685 1764 1778 1807 Do—

153 1834 270 1873 ctori
291 1833 299 1851 ¹
319 1840 366 1874 ut
384 1835 429 1874 in
451 1842 720 1886 sequentem
737 1835 857 1876 diem
879 1836 1161 1877 dominicum
1178 1836 1511 1877 Sanctissimae
1531 1836 1776 1876 Trinitatis

133 1903 430 1945 differretur.
454 1905 516 1945 At
538 1918 649 1946 uero
671 1918 777 1947 cum
805 1908 961 1958 plures
990 1907 1405 1947 intermitterentur
1431 1907 1550 1957 dies,
1581 1908 1774 1959 plusque

150 1976 374 2026 temporis
404 1976 461 2016 ad
492 1977 757 2028 quaerenda
780 1979 1045 2018 necessaria
1068 1979 1270 2027 daretur,
1295 1980 1439 2018 multo
1467 1979 1702 2029 copiosius
1731 1985 1777 2017 et

148 2047 459 2088 abundantius
480 2049 634 2089 omnia
656 2048 670 2067 ²
691 2056 797 2089 sunt
817 2050 1022 2090 inuenta.
1047 2050 1378 2090 Constructum
1400 2057 1468 2090 est
1498 2056 1771 2107 suggestum

147 2118 251 2157 siue.
268 2120 563 2169 proscenium
585 2120 630 2160 in
652 2121 894 2172 peristylio
915 2121 1281 2172 ornatissimum,
1304 2127 1442 2172 atque
1460 2121 1517 2161 ad
1540 2121 1774 2171 agendum

145 2189 497 2240 amplissimum:
521 2191 672 2230 ornati
693 2198 799 2231 sunt
819 2191 1022 2243 parietes
1044 2191 1219 2231 aulaeis
1240 2203 1295 2231 ac
1316 2192 1659 2243 peristromatis
1679 2203 1778 2232 ma—

146 2259 258 2299 ximi
280 2261 429 2310 pretii,
455 2273 635 2301 necnon
657 2268 700 2301 et
728 2263 973 2302 columnae
999 2263 1227 2313 perystilii
1256 2263 1606 2314 pretiosissimis
1628 2263 1773 2313 pictu-

147 2330 355 2382 ratisque
381 2332 637 2383 tapetibus,
669 2333 716 2372 in
746 2333 912 2384 quibus
942 2333 1139 2384 plurima
1172 2334 1439 2385 optimaque
1470 2333 1607 2373 affixa
1639 2340 1775 2375 erant

148 2401 503 2452 epigrammata.
536 2403 722 2444 Allatae
742 2411 849 2444 sunt
871 2404 1011 2444 etiam
1032 2405 1401 2456 quamplurimae
1421 2405 1606 2445 tabulae
1627 2405 1774 2446 uariis

146 2472 367 2524 mirisque
388 2473 669 2523 imaginibus
690 2475 922 2526 depictae,
948 2475 1114 2526 quibus
1135 2475 1255 2515 bona
1279 2488 1395 2526 pars
1409 2476 1573 2516 domus
1594 2487 1686 2515 non
1706 2475 1771 2516 in-

145 2549 308 2583 ornate
337 2544 438 2584 erat
468 2545 710 2585 instructa.
747 2545 908 2585 Ramis
941 2552 1185 2596 praeterea
1219 2546 1541 2586 frondentibus
1576 2547 1771 2600 aliisque

123 2629 125 2631 ¹
145 2615 438 2664 peruenustis
459 2622 502 2655 et
525 2615 771 2656 odoriferis
787 2616 1033 2656 frondibus
1050 2617 1445 2669 arundinibusque
1463 2624 1595 2657 erant
1613 2618 1770 2657 omnia

142 2691 306 2735 strata,
331 2697 529 2736 quorum
551 2686 754 2727 omnium
778 2687 880 2726 uisu
908 2686 1100 2727 mirifice
1122 2688 1243 2727 oculi
1274 2688 1580 2739 capiebantur
1607 2699 1662 2727 ac
1691 2699 1765 2738 pa—

143 2756 409 2796 scebantur.
434 2756 548 2796 Cum
572 2757 727 2808 itaque
747 2758 916 2798 domus
945 2758 1159 2797 omnibns
1185 2758 1259 2798 lzz's
1286 2759 1424 2798 rebus
1450 2759 1686 2799 instructa
1715 2770 1771 2798 ac

194 2962 205 2981 ¹
244 2962 370 2997 Nempe
387 2962 483 2990 Patri
499 2963 717 2998 Provinciali,
733 2963 888 2992 Michaeli
905 2965 944 2992 de
960 2965 1095 2992 Torres.

192 3009 206 3029 ²
244 3009 308 3037 Hic
330 3010 482 3037 additum
503 3014 572 3037 est:
595 3013 632 3037 ut
656 3012 792 3046 tapetia
818 3014 851 3039 et
873 3012 1095 3044 huiusmodi,
1121 3021 1209 3046 quae
1234 3015 1279 3041 ad
1303 3016 1502 3042 ornandam
1525 3022 1666 3042 scenam
1690 3019 1771 3048 pm·s

139 3057 312 3084 tinebant.
