2020 3342
252 233 322 271 374
763 230 988 270 LITTERAE
1014 241 1370 274 QUADmMESTREs

253 330 437 371 citatus.
460 331 526 371 Ea
548 341 659 370 uero
680 333 913 382 perorata,
939 340 1099 369 omnes
1119 328 1215 369 fere
1238 329 1366 369 ciues
1387 331 1508 381 patri
1542 330 1873 371 adolescentuli

253 401 623 452 gratulabantur.
648 401 725 452 qui
746 406 855 440 tunc
876 399 1055 448 aderat,
1079 399 1200 451 quod
1217 399 1408 440 haberet
1424 400 1569 440 filiurn
1586 401 1668 441 tali
1685 401 1872 452 ingenio

255 472 528 524 praeditum.
553 470 701 511 Huius
723 471 946 511 orationis
968 483 1137 511 nornen
1157 482 1239 522 per
1268 476 1414 511 totam
1445 471 1607 512 urbem
1635 472 1871 513 emanauit

254 543 368 583 adeo
389 548 438 582 ut
460 542 667 582 nonnulli
688 541 776 582 uiri
797 542 988 591 nobiles,
1012 541 1293 593 poenitentia
1317 541 1441 582 ducti
1475 542 1597 593 quod
1624 542 1750 583 illam
1778 554 1871 583 non

253 612 529 663 audiuerint,
554 625 578 652 a
601 612 734 652 nobis
756 612 994 663 exemplar
1016 612 1208 652 summis
1229 612 1445 663 precibus
1467 613 1776 664 postularent:
1808 613 1870 653 in-

253 691 321 724 ter
344 695 460 735 quos
480 683 564 723 fuit
591 682 813 734 Princeps
840 682 987 722 Doria
1017 685 1042 732 ¹,
1073 683 1166 733 qui,
1203 683 1397 723 simulac
1429 682 1606 723 audiuit
1637 695 1739 724 eam
1769 695 1870 724 esse

254 754 462 794 habitam
498 754 770 804 orationem,
802 759 981 805 patrem
1011 753 1356 800 adolescentuli,
1388 754 1465 805 qui
1496 754 1737 806 sanguinis
1765 766 1870 795 con—

252 826 485 865 iunctione
507 831 575 865 est
596 825 659 865 illi
680 826 939 876 copulatus,
964 825 1227 874 accersiuit,
1252 836 1391 876 seque
1420 831 1679 877 praesente,
1704 826 1870 866 oratio-

251 908 355 936 nem
376 896 565 937 recitari
585 896 733 947 iussit,
756 908 874 947 quae
894 896 1143 950 plurimum
1164 896 1228 935 illi
1249 896 1437 947 placuit.
1462 895 1590 936 Haec
1608 908 1683 937 res
1700 897 1870 938 ciuium

251 968 431 1007 animos
459 967 625 1007 mirum
652 966 698 1006 in
730 966 915 1007 modum
946 967 1184 1007 excitauit.
1219 966 1336 1007 Nam
1367 967 1569 1018 plurimi,
1607 967 1684 1019 qui
1719 967 1870 1008 adhuc

249 1037 375 1078 dubii
395 1043 528 1078 erant
549 1038 843 1078 mitterentne
864 1038 1036 1077 liberos
1062 1049 1173 1078 suos
1204 1037 1262 1077 ad
1290 1049 1389 1088 nOS,
1422 1038 1716 1079 cunctatione
1747 1039 1868 1079 omni

249 1109 474 1161 deposita,
499 1109 631 1149 nobis
657 1109 759 1149 illos
781 1108 1095 1159 tradiderunt,
1127 1109 1210 1160 qui
1238 1121 1330 1149 nou
1360 1121 1423 1148 ex
1448 1109 1757 1160 paupe-ribus,
1787 1110 1869 1149 sed

247 1192 310 1220 ex
336 1180 624 1232 primatibus
660 1180 791 1219 urbis
824 1183 978 1221 erant.
1018 1180 1300 1220 Benedictus
1335 1180 1398 1220 sit
1432 1180 1685 1228 Dominus,
1715 1193 1742 1220 a
1777 1191 1866 1232 quo

247 1252 357 1291 llaec
377 1251 534 1292 omnia
555 1255 783 1303 tanquam
803 1264 825 1290 e
837 1251 979 1301 fonte
993 1251 1198 1302 perenni
1221 1251 1481 1302 affluenter
1503 1255 1739 1292 emanant.

326 1321 413 1362 Die
435 1323 717 1363 sanctissimi
740 1322 959 1374 Corporis
980 1321 1152 1363 Christi
1181 1334 1265 1373 pro
1292 1322 1468 1362 foribus
1497 1322 1693 1374 Collegii
1719 1324 1867 1363 nostri
1888 1356 1891 1359 .

247 1399 565 1434 constructum
586 1393 671 1434 fuit
698 1394 845 1433 altare
867 1393 1115 1444 quoddam,
1140 1393 1263 1445 quod
1290 1394 1396 1434 illac
1430 1394 1630 1434 transire
1662 1393 1866 1434 Sanctis-

246 1466 414 1505 simum
435 1464 789 1505 Sacramentum
811 1465 942 1514 solet,
967 1471 1073 1504 ante
1096 1465 1226 1504 cuius
1243 1476 1483 1505 accessum
1502 1465 1715 1517 dispositi
1732 1471 1867 1506 erant

244 1536 597 1588 quatuordecim
637 1536 782 1587 pueri,
825 1537 1099 1586 angelorum
1135 1543 1328 1587 agentes
1363 1547 1630 1588 personam,
1667 1548 1865 1588 quorum

243 1608 417 1659 singuli
438 1607 721 1647 carminibus
742 1607 1089 1647 sanctissimum
1121 1607 1293 1648 Christi
1321 1607 1504 1659 Corpus
1535 1608 1657 1648 laeto
1688 1619 1767 1648 ore
1796 1619 1865 1648 sa-

243 1680 463 1727 lutarunt,
489 1678 636 1718 donec
657 1684 931 1729 peruentum
953 1684 1075 1718 esset
1096 1678 1155 1718 ad
1176 1679 1338 1727 altare,
1363 1679 1439 1718 ubi
1460 1684 1554 1719 tres
1583 1678 1674 1730 alii,
1705 1690 1866 1719 coram

242 1750 538 1790 sanctissimo
561 1748 883 1800 Sacramento,
906 1753 949 1789 et
970 1748 1313 1789 Illustrissimo
1336 1750 1466 1790 Duce
1494 1749 1523 1798 ²,
1554 1756 1597 1790 et
1625 1749 1864 1791 Cardinali

241 1821 405 1872 Cigala
433 1820 462 1871 ⁵,
492 1821 740 1872 Episcopo,
770 1820 1059 1872 caeterisque
1089 1821 1217 1871 uiris,
1251 1820 1602 1873 quinquaginta
1623 1821 1734 1871 sere
1762 1831 1862 1861 car-

240 1892 367 1931 mina
389 1892 667 1932 recitarunt.
698 1892 812 1931 Tum
833 1891 1060 1942 temporis
1081 1890 1096 1910 ⁴
1116 1891 1304 1943 quidam
1321 1904 1435 1944 puer
1452 1903 1612 1932 omnes
1628 1891 1859 1943 inuitauit,

240 1968 288 2003 ut
308 1962 574 2014 frequentes
595 1963 899 2003 conuenirent
922 1962 1082 2002 eodem
1104 1962 1205 2013 ipso
1234 1963 1321 2012 die,
1345 1963 1665 2014 pomeridiano
1688 1969 1862 2015 tempo-

239 2045 304 2083 re,
328 2034 374 2074 in
396 2034 641 2074 ecclesiam
665 2034 980 2074 cathedralem
1002 2035 1060 2075 ad
1082 2034 1362 2075 audiendam
1380 2035 1518 2075 aliam
1536 2034 1811 2085 orationem,
1836 2046 1863 2074 a

242 2105 443 2156 quodam
478 2111 638 2145 nostro
670 2105 952 2146 scholastico
986 2105 1261 2157 habendam,
1297 2106 1419 2158 quod
1453 2118 1545 2146 non
1579 2105 1863 2146 mediocrem

242 2176 330 2216 illis
352 2176 503 2216 attulit
535 2176 783 2216 laetitiam:
814 2177 1071 2217 declarauit
1099 2177 1188 2217 hoc
1216 2176 1475 2226 multitudo,
1508 2188 1625 2227 quae
1656 2181 1760 2228 post
1787 2187 1862 2216 ue-

239 2246 470 2298 spertinas
483 2258 646 2298 preces
660 2246 877 2287 interfuit.
898 2247 1016 2287 Nam
1033 2247 1117 2287 etsi
1136 2247 1374 2297 lassitudo,
1395 2259 1485 2298 qua
1499 2247 1710 2299 oppressi
1728 2253 1861 2287 erant

240 2330 296 2357 ex
325 2319 466 2368 longo
488 2317 667 2368 itinere,
699 2329 803 2358 cum
833 2329 1001 2369 corpus
1031 2317 1313 2358 dominicum
1341 2318 1691 2368 comitarentur,
1725 2318 1862 2369 impe-

239 2389 442 2429 dimento
464 2388 616 2429 futura
638 2389 883 2429 uidebatur
910 2389 1157 2440 quominus
1189 2390 1507 2439 conuenirent,
1540 2395 1667 2429 tanta
1699 2389 1860 2429 nihilo—

240 2459 393 2500 minus
414 2460 666 2511 cupiditate
687 2460 950 2511 flagrabant
973 2460 1197 2501 orationis
1220 2460 1492 2510 audiendae,
1512 2467 1559 2500 ut
1578 2459 1858 2501 desiderium

240 2530 622 2581 defatigationem
644 2531 955 2582 superauerit:
979 2531 1137 2571 habita
1159 2543 1272 2581 ergo
1294 2531 1377 2571 fuit
1404 2531 1553 2571 oratio
1582 2531 1637 2571 de
1665 2531 1856 2571 sanctis-

238 2601 354 2641 simo
377 2601 701 2642 Eucharistiae
722 2608 1033 2652 sacramento,
1058 2602 1131 2642 cui
1148 2602 1365 2653 frequens
1384 2601 1582 2643 Senatus
1603 2614 1708 2643 cum
1725 2601 1858 2642 Duce

238 2672 459 2714 interfuit.

291 2856 301 2876 ¹
342 2857 499 2885 Andreas
514 2857 630 2885 Doria.

291 2906 304 2925 2
341 2906 483 2932 astante
498 2904 601 2932 Duce.
618 2905 800 2934 POLANcus.
819 2907 881 2934 Hie
898 2907 973 2935 Dux
988 2912 1063 2935 erat
1080 2907 1291 2942 Augustinus
1308 2908 1468 2935 Pinellus.
1490 2907 1680 2941 ΚινΑιῑοιΑ,
1697 2906 1863 2941 Descrip-

237 2954 313 2979 cc'on
329 2952 510 2984 lzistdrica,
525 2954 601 2985 etc„
616 2953 659 2979 de
676 2953 828 2988 Ge‘uova,
843 2962 917 2988 cap.
931 2963 1011 2982 xxv.

290 2999 304 3019 3
340 2999 486 3033 Joannes
501 2999 659 3033 Baptista
676 3000 804 3029 Cicala.

289 3047 304 3068 4
339 3049 419 3083 post
433 3047 585 3077 earmina
602 3048 761 3080 recitata,
781 3048 966 3079 PonAxvcus.
