2020 3342
267 171 338 209 538
776 171 1000 208 LITTERAE
1028 181 1384 214 QUADRIMESTRES

1024 625 1130 679 DL

344 858 385 894 Ρ.
409 824 627 896 Robertds
648 858 935 906 Clayssonius

388 922 452 959 Ex
470 923 790 960 commissione
814 925 953 962 Patris
974 925 1154 970 Joannis
1174 925 1396 971 Baptistae
1418 924 1558 967 Viola,

436 989 554 1025 Patri
574 989 730 1035 Joanni
751 989 955 1027 Polanco.

479 1054 674 1098 Biliomo,
697 1054 719 1090 ‘2
737 1054 937 1091 Octobris
962 1055 1049 1091 1556
1069 1055 1092 1090 ⁹.
1136 1072 1146 1080 ν

346 1262 443 1302 Pax
466 1262 651 1302 Domini
675 1240 759 1302 Dei
782 1262 927 1302 nostri
944 1263 1052 1315 Jesu
1074 1263 1247 1303 Christi
1265 1263 1470 1314 perfecta
1492 1274 1575 1303 nos
1596 1262 1736 1302 donet
1756 1261 1887 1301 liber-

272 1338 380 1373 tate.
402 1333 566 1373 Amen.

346 1404 474 1454 Quae
512 1417 535 1444 a
574 1404 798 1454 proximis
826 1405 970 1444 literis
1001 1404 1430 1456 quadrimestribuS,
1463 1410 1630 1456 quarto
1660 1402 1890 1444 Calendas

264 1474 427 1526 Junias
455 1475 654 1526 scriptis,
684 1486 767 1525 pro
796 1475 1090 1526 negotiorum
1121 1476 1361 1523 varietate,
1391 1475 1556 1526 quibus
1583 1473 1889 1525 undequaque

265 1546 531 1596 premimur,
571 1545 870 1585 Reuerendae
901 1545 948 1585 Ρ.
980 1552 1084 1586 tuae
1119 1545 1506 1586 communicanda
1533 1544 1698 1585 suadet
1726 1554 1889 1584 sacrae

264 1617 552 1657 obedientiae
573 1617 751 1668 religio,
776 1617 978 1656 breuiter
999 1629 1053 1657 ac
1076 1617 1342 1657 summatim
1366 1627 1693 1668 proponemus:
1720 1614 1890 1666 qnippe

265 1699 382 1737 quac
418 1692 525 1727 ante
576 1688 838 1727 menstruis
878 1687 1031 1727 literis
1070 1688 1356 1739 praemissis
1387 1688 1496 1738 fere
1537 1686 1693 1726 omnia
1717 1684 1888 1736 fusius

262 1760 664 1799 enarraztem'mns.

340 1831 487 1881 Igitur
508 1838 555 1869 vt
578 1843 603 1869 a
626 1838 1025 1871 sacramentorum
1049 1838 1185 1882 atque
1215 1831 1329 1871 adeo
1358 1830 1501 1870 diuini
1528 1830 1658 1870 verbi
1686 1830 1887 1872 ministe-

261 1902 330 1940 rio
349 1902 590 1941 exordium
614 1913 865 1949 sumamus,
891 1901 927 1941 R
950 1901 1010 1928 <¹1¹³
1033 1901 1331 1952 Praepositus
1355 1907 1513 1942 noster
1541 1900 1776 1941 Dominus
1807 1902 1888 1942 Ba-

262 1973 399 2023 ptista
431 1972 685 2020 violae-eus,
717 1972 953 2012 Dominus
981 1972 994 1990 ⁹
1024 1972 1339 2024 Hieronymus
1370 1971 1560 2012 Bassius
1590 1971 1622 2023 ³,
1653 1983 1740 2023 ego
1767 1972 1889 2013 deni-

263 2055 364 2094 que,
387 2044 491 2083 licet
513 2044 731 2093 indignus
753 2045 1055 2094 (quamquam
1076 2047 1119 2083 et
1142 2043 1376 2083 Dominus
1396 2042 1641 2093 Nicolaus,
1661 2046 1890 2094 qnantum

258 2120 345 2165 per
376 2114 620 2154 literariae
645 2114 969 2165 professionis
997 2114 1324 2165 occupationes
1350 2113 1471 2164 licet,
1499 2113 1888 2154 scholasticorum

263 2185 641 2235 confessionibus
662 2185 912 2225 audiendis
935 2190 1126 2236 operam
1142 2196 1279 2224 suam
1294 2184 1572 2236 impertiat),
1593 2191 1891 2226 sacramento

263 2262 357 2295 tum
380 2255 696 2296 Poenitentiae
717 2263 813 2296 tum
832 2256 1153 2296 Eucharistiae
1176 2255 1545 2296 administrando
1568 2255 1884 2306 inuigilamus;

265 2327 494 2379 plerisque
541 2327 749 2378 primarii
790 2327 966 2367 ordinis
1008 2327 1262 2376 matronis,
1310 2326 1545 2367 mensibus
1586 2325 1781 2377 singulis
1816 2337 1885 2365 sa-

265 2403 552 2438 cramentum
590 2397 898 2438 confessionis
936 2397 1271 2449 repetentibus,
1310 2396 1603 2437 scholasticis
1637 2396 1884 2443 vniuersiS,

265 2480 455 2509 numero
491 2468 626 2508 facile
662 2468 953 2520 quingentis,
992 2467 1111 2508 idem
1149 2480 1206 2508 ex
1241 2479 1368 2508 more
1404 2467 1694 2517 facientibus
1732 2473 1884 2518 poten-

265 2539 459 2580 tioribus
482 2540 657 2591 aliquot
680 2539 861 2580 ciuibus
884 2539 1020 2579 solito
1045 2539 1231 2590 saepius
1249 2539 1335 2579 hoc
1353 2538 1707 2579 saluberrimum
1727 2537 1886 2578 aduer-

266 2622 343 2651 sus
372 2621 506 2650 omne
536 2610 758 2650 vitiorum
786 2621 1015 2650 venenum
1045 2610 1184 2650 animi
1213 2609 1643 2662 alexipharmacum
1672 2608 1887 2649 sumenti·

264 2681 362 2721 bus.
387 2681 481 2722 Nec
504 2681 668 2721 desunt
693 2681 769 2733 qui
790 2680 1024 2721 dominico
1046 2692 1228 2733 quoque
1250 2681 1338 2730 die,
1372 2680 1630 2731 defaecatis
1660 2678 1886 2720 conscien-

320 2795 326 2814 ¹
368 2795 616 2829 Autographae
634 2795 758 2829 duplici
774 2795 864 2826 folio,
880 2802 933 2822 nn.
948 2794 1000 2821 ‘284
1015 2800 1046 2821 et
1063 2794 1115 2822 285
1142 2794 1233 2828 Quae
1249 2794 1362 2822 deleta
1376 2795 1431 2822 vel
1446 2797 1578 2821 mutata
1590 2801 1610 2821 a
1623 2793 1770 2820 Polanco
1784 2792 1889 2826 fuere,

265 2843 304 2870 de
321 2850 422 2876 more,
439 2843 571 2869 italicis
587 2844 845 2870 characteribus
861 2843 1101 2876 ‹xscribemus3
1118 2843 1369 2870 emendationes
1384 2842 1511 2869 veroin
1528 2840 1802 2868 annotationibus
1816 2840 1878 2867 sub

263 2891 433 2924 jiciemus.

319 2939 331 2957 ‘-'
374 2939 525 2974 Fsaters
544 2939 728 2965 Pornncus

319 2986 331 3004 ⁵
370 2990 399 3014 ct
418 2987 583 3015 Nt'colans
600 2986 728 3014 addidit
746 2986 922 3019 Polaticus.
939 2985 1002 3014 Hic
1018 2990 1091 3013 erat
1110 2986 1144 3013 P.
1162 2985 1322 3013 Nicotaus
1334 2983 1779 3017 Belicfiue,Lotha1·ingiuS.
