2020 3342
228 236 302 274 654
851 241 1083 278 APPENDIX
1109 252 1243 279 PRIMA

231 339 465 375 nostrates
487 346 603 386 esse;
633 335 710 376 alii
737 336 878 375 etiam
913 337 1202 378 tantumdem
1232 338 1513 390 desiderant;
1551 347 1863 382 veruntamen

230 415 318 444 nec
338 405 537 455 excludi,
561 417 646 445 nec
666 406 826 457 recipi,
851 407 932 447 sed
963 407 1160 448 detineri
1187 420 1268 460 spe
1295 416 1505 460 possunt.
1540 409 1646 451 Duo
1675 423 1862 464 quoque

231 474 409 515 nobiles
437 476 541 525 viri,
575 487 692 527 quos
719 477 897 528 equites
926 484 1111 528 uocant,
1149 490 1457 530 conquenses‚
1490 481 1565 533 qui
1596 481 1860 523 Guandiam

233 557 380 596 usque
400 551 616 597 pergunt,
644 552 694 586 vt
720 546 782 586 ibi
811 548 1022 588 securius
1052 549 1109 589 de
1138 561 1298 589 eorum
1322 552 1470 591 salute
1497 551 1766 603 decernant,
1785 540 1863 593 'ad

234 621 443 656 nostrum
461 617 707 667 collegium
720 629 904 668 uenere,
925 619 1094 660 mirum
1111 631 1250 672 quam
1267 621 1411 662 dediti
1423 623 1637 663 societati
1654 629 1860 674 nostrae,

235 698 341 726 cum
367 692 523 726 tamen
550 687 666 727 alter
692 688 941 729 admodum
964 690 1142 731 alienus
1178 691 1287 732 olim
1322 691 1474 733 fuerit.
1500 692 1590 743 Qui
1624 693 1750 734 dedit
1771 694 1862 734 illis

235 758 369 808 velle,
393 757 468 797 det
489 759 701 799 omnibus
722 771 853 800 suam
875 768 1088 802 sanctam
1109 763 1397 804 voluntatem
1421 764 1659 816 perficere.
1690 764 1861 806 Amen.

317 827 563 869 Valentiae
585 830 732 881 pridie
749 831 972 872 calendas
994 832 1103 872 maii
1130 833 1284 873 1553.

315 898 443 939 Tuus
464 900 509 940 in
526 900 648 951 Xp0.
675 912 857 952 servus,

1430 1050 1457 1095 ,L

1300 1100 1602 1141 MARCELLUS.

319 1256 671 1307 Superscrzptzo
699 1257 748 1296 in
771 1262 943 1308 quarta
965 1259 1173 1309 pagina:
1194 1260 1284 1300 Ihs.
1312 1260 1367 1300 Al
1397 1273 1505 1312 muy
1527 1261 1628 1302 R.d0
1663 1274 1719 1302 en
1741 1261 1862 1313 Xp0.

238 1327 382 1378 padre
403 1329 443 1367 el
465 1335 670 1367 maestro
705 1328 911 1380 anatio
946 1330 1001 1370 de
1036 1331 1215 1382 Loyola
1247 1332 1484 1383 preposito
1521 1334 1716 1383 general
1742 1333 1798 1373 de
1820 1334 1865 1373 la

236 1398 485 1449 compafiia
507 1398 562 1438 de
582 1397 719 1450 Jesus
741 1411 796 1438 en
819 1406 954 1440 santa
975 1400 1123 1440 Maria
1146 1402 1201 1441 de
1223 1403 1265 1441 la
1288 1401 1457 1442 Strada
1480 1415 1537 1443 en
1565 1403 1729 1443 Roma.

317 1468 428 1508 Alia
449 1480 612 1509 mann:
634 1469 895 1520 Valentiae,
919 1471 1066 1521 pridie
1089 1471 1193 1512 Kal.
1217 1473 1328 1512 maii
1350 1473 1463 1513 1553.

319 1539 447 1590 Alia,
467 1540 609 1591 qnasi
631 1539 805 1580 calami
822 1542 1197 1592 experimentum
1218 1549 1447 1584 sumente:
1468 1545 1561 1585 iam
1582 1557 1650 1586 su.

236 1892 369 1919 Eadem
384 1892 523 1925 Joannis
537 1892 686 1921 Gamero
701 1894 896 1922 litterarum
917 1895 1025 1922 latina
1042 1896 1155 1922 versio
1170 1904 1189 1923 a
1205 1897 1311 1924 fratre
1329 1894 1490 1923 Marcello
1506 1896 1649 1924 Salazar
1663 1897 1865 1931 {subscripta

642 1946 674 1968 et
690 1949 710 1968 a
724 1942 827 1969 Patre
843 1942 991 1970 Polanco
1007 1943 1188 1971 decurtata
1201 1948 1233 1971 et
1249 1943 1429 1971 emendata
1447 1945 1466 1971 ⁸.

996 2086 1093 2138 jhs.

321 2252 403 2291 Ex
418 2251 593 2292 litteris
617 2252 820 2302 Collegii
847 2252 1081 2292 Valentini
1091 2253 1246 2302 pridie
1270 2253 1500 2292 Calendas
1517 2253 1864 2293 maiianni53.

321 2322 419 2363 Pax
440 2322 548 2374 Xpi.
567 2323 807 2363 nobiscum
830 2323 887 2362 sit
910 2335 1107 2374 semper.

321 2393 696 2433 Exercitationes
709 2393 873 2433 solitae
888 2393 1136 2433 Societalis
1150 2397 1359 2443 nostrae,
1374 2393 1550 2433 scilicet
1561 2397 1862 2433 sacramenta

240 2469 433 2504 sanctae
472 2464 799 2504 Poenitentiae
837 2467 878 2503 et
916 2464 1258 2503 communionis
1292 2464 1587 2514 ministrare,
1621 2463 1871 2516 spirituali

236 2535 583 2586 ⁸colloquiorum
604 2534 925 2574 consolatione
944 2546 1067 2574 nunc
1088 2535 1189 2584 hos,
1213 2546 1336 2574 nunc
1357 2535 1462 2574 illos
1478 2535 1685 2582 reficere,
1704 2547 1762 2574 ex
1778 2534 1867 2574 hac

243 2607 413 2647 misera
433 2606 529 2646 uita
552 2605 914 2656 proficiscentes,
939 2612 987 2644 ut
1008 2606 1054 2645 in
1072 2605 1274 2645 Domino
1291 2606 1565 2655 moriantur,
1585 2605 1762 2654 iuuare,
1782 2614 1866 2656 pro

241 2677 410 2717 uirium
432 2683 697 2716 nostrarum
718 2676 957 2724 facultate,
983 2677 1106 2726 apud
1134 2688 1218 2716 nos
1246 2676 1433 2715 crebrae
1463 2679 1595 2715 sunt:
1625 2674 1867 2715 conciones

246 2756 487 2799 praeterea
508 2746 854 2797 pomeridianae
874 2745 1033 2785 diebus
1044 2745 1196 2795 festis
1224 2746 1270 2785 in
1298 2746 1388 2786 hac
1414 2752 1575 2786 nostra
1603 2746 1740 2786 domo
1768 2756 1866 2796 per-

246 2823 383 2869 petuo
404 2818 648 2866 habentur,
673 2817 1062 2868 quadragesimae
1084 2820 1292 2867 tempore
1317 2820 1535 2867 excepto,
1563 2822 1660 2856 tum
1681 2815 1791 2867 quia
1820 2826 1870 2854 zn

241 2892 301 2928 -eo
333 2888 624 2927 abundamus
654 2888 700 2927 in
730 2887 820 2926 hac
855 2887 1044 2926 ciuitate
1079 2887 1397 2937 concionibus,
1433 2895 1530 2927 tum
1563 2885 1669 2937 quia
1705 2887 1871 2926 crebra

264 3061 266 3064 >
303 3047 314 3068 Ι
353 3046 447 3080 Quae
463 3054 563 3074 manu
577 3046 715 3081 propria
732 3046 874 3073 inseruit
890 3046 1069 3076 Polancus.
1086 3047 1220 3072 italicis
1235 3046 1287 3072 hic
1307 3046 1396 3081 typis
1412 3045 1631 3072 exhibentur.
