2020 3342
834 254 917 292 ΑΝ.
949 255 1040 292 1556
1677 253 1747 291 123

207 352 385 393 Verum
406 352 528 401 nolo,
552 351 660 391 dum
681 352 825 391 multa
858 350 1062 402 prudens
1092 356 1350 401 praetereo,
1384 349 1494 389 illud
1515 349 1743 400 ignorari,

119 423 252 475 quod
278 422 437 463 nescio
473 422 623 473 primo
657 433 714 461 ne
743 422 845 461 loco
876 420 967 461 dici
989 421 1238 461 debuisset.
1260 419 1480 470 Proregis
1496 419 1587 459 filia
1607 419 1616 438 ¹
1639 431 1747 460 cum

127 494 230 534 aliis
252 504 391 545 quam
414 493 621 544 pluribus
638 492 865 532 matronis
881 491 998 531 adeo
1013 498 1224 531 nostrum
1240 491 1463 542 templum
1480 490 1750 541 frequenter

127 564 413 614 solliciteque
435 563 563 603 adire
584 568 652 602 est
674 563 826 612 solita,
849 569 898 602 ut
920 569 1107 613 praeter
1136 561 1459 612 paucissimas,
1492 560 1601 600 dum
1632 560 1750 600 Mes-

118 646 270 674 ·sanae
291 634 389 683 fuit,
413 634 587 673 nullam
609 633 817 673 omiserit
838 633 1126 682 concionem,
1146 643 1316 683 easque
1334 632 1521 671 minime
1536 632 1747 671 libenter.

125 704 222 745 Nec
244 716 408 756 parum
432 705 576 744 hocce
598 704 763 743 nobilis
785 703 980 755 piaeque
1003 710 1244 743 matronae
1266 703 1543 754 exemplum,
1569 709 1667 742 tum
1689 702 1749 742 ad

115 776 495 815 confirmandam
516 775 605 814 iam
640 782 914 825 conceptam
937 774 992 813 de
1013 779 1173 813 nostro
1209 773 1416 824 Collegio
1447 773 1749 813 existimatio-

127 858 248 895 nem,
272 853 368 886 tum
390 846 529 886 etiam
550 845 608 885 ad
630 845 905 885 excitandos
926 846 1176 885 multorum
1198 844 1421 884 nobilium
1450 844 1508 884 ad
1530 845 1753 895 pietatem

117 917 308 957 <animos
329 917 549 956 momenti
584 916 758 956 habuit.
790 915 968 955 Eadem
998 916 1098 966 ipsa
1120 921 1345 966 quantum
1380 916 1427 955 in
1449 915 1751 955 concionibus

125 987 367 1028 audiendis
402 986 650 1038 profecerit
685 986 942 1026 declarauit
976 985 1176 1037 quidem,
1214 997 1321 1025 cum
1352 985 1488 1025 simul
1522 985 1624 1036 ipsa
1645 997 1753 1025 cum

125 1065 223 1099 tota
244 1058 421 1098 familia
443 1058 488 1097 in
510 1058 746 1108 templum,
770 1063 966 1108 peccata
987 1056 1260 1096 confessura
1282 1056 1342 1106 (id
1364 1055 1488 1107 quod
1512 1067 1752 1107 nunquam

118 1136 234 1169 >ante
266 1129 456 1177 fecerat,
494 1129 585 1168 nisi
605 1135 743 1168 antea
778 1129 899 1168 intra
934 1128 1214 1168 domesticos
1244 1127 1463 1178 parietes)
1500 1134 1543 1167 et
1565 1139 1751 1167 sacram

117 1200 499 1240 communionem
519 1205 776 1250 sumptura,
801 1199 1017 1239 accurrit.
1042 1198 1202 1250 Neque
1224 1199 1269 1238 id
1289 1200 1431 1238 semel
1449 1204 1643 1247 tantum,
1668 1198 1751 1238 sed

125 1271 247 1310 intra
267 1270 408 1310 breue
430 1271 608 1310 dierum
625 1270 826 1321 spatium
846 1270 1046 1321 saepius3
1072 1270 1154 1309 sed
1172 1280 1260 1319 age
1279 1269 1546 1320 diligentius
1574 1269 1751 1308 anima-

127 1352 229 1381 rum
252 1341 298 1380 in
319 1341 520 1381 Domino
542 1340 801 1392 profectum
828 1340 1138 1380 attendamus.

204 1412 398 1452 Aestate
419 1412 508 1452 hac
533 1412 786 1463 praeterita
822 1411 961 1462 (quod
994 1411 1127 1461 alias,
1160 1417 1208 1451 ut
1243 1422 1432 1462 possum
1469 1410 1749 1459 meminisse,

127 1483 220 1523 iam
236 1482 285 1523 P.
309 1482 436 1522 Tuae
459 1482 735 1534 significaui)
755 1483 907 1533 coepit
928 1481 1048 1522 RQS
1082 1482 1130 1522 P.
1160 1482 1477 1533 Hieronymus
1505 1480 1684 1521 Otellus
1705 1481 1752 1521 in

124 1553 241 1594 aede
262 1553 434 1593 Beatae
450 1554 627 1593 Mariae
648 1554 844 1604 singulis
865 1553 1122 1604 quibusque
1144 1552 1405 1593 Dominicis
1426 1559 1470 1592 et
1500 1552 1633 1592 festis
1659 1551 1751 1591 die-

124 1625 211 1664 bus
229 1637 287 1664 ex
300 1625 448 1664 sacris
465 1625 777 1664 voluminibus
796 1624 983 1675 aliquod
1000 1624 1311 1675 interpretari.
1332 1623 1439 1664 Vna
1457 1624 1599 1674 igitur
1620 1623 1751 1663 Pauli

123 1695 321 1747 epistola
343 1696 570 1746 exposita,
591 1706 845 1745 aggressus
862 1702 931 1735 est
948 1694 1175 1746 Decalogi
1193 1695 1626 1746 interpretationem
1645 1706 1752 1734 cum

122 1773 254 1806 tanto
288 1766 528 1806 hominum
564 1777 771 1815 numero,
807 1772 857 1805 ut
887 1765 946 1805 ad
980 1777 1083 1805 eam
1120 1766 1366 1806 lectionem
1401 1777 1493 1805 non
1525 1766 1754 1816 pauciora

124 1848 266 1888 quam
307 1837 508 1888 quinque
552 1837 817 1877 auditorum
860 1837 1001 1876 millia
1045 1837 1277 1877 confluere
1314 1836 1579 1876 credantur.
1623 1835 1756 1886 Quae

123 1909 280 1958 lectio,
300 1907 480 1948 eumad
499 1908 588 1948 alia
606 1909 764 1958 multa,
785 1914 881 1947 tum
899 1908 1147 1959 praecipue
1164 1908 1223 1947 ad
1241 1908 1546 1958 extirpandas
1564 1918 1756 1947 sexcen-

121 1985 197 2018 tas
217 1979 584 2030 superstitiones,
609 1979 773 2030 quibus
794 1985 894 2018 erat
916 1979 1032 2018 haec
1053 1979 1220 2019 ciuitas
1250 1979 1436 2027 infecta,
1467 1990 1561 2018 non
1583 1978 1757 2017 medio-

122 2049 266 2089 criter
288 2050 411 2089 utilis
431 2050 530 2100 fuit,
553 2061 669 2100 quas
695 2050 872 2090 tamdiu
908 2050 1215 2101 impugnauit,
1253 2050 1401 2089 donec
1437 2049 1568 2089 multi
1594 2049 1754 2100 resipi-

123 2131 254 2160 scere
277 2128 543 2171 coeperunt.
568 2120 744 2160 Verum
766 2120 874 2160 dum
898 2121 970 2160 his
994 2121 1186 2160 nimium
1218 2121 1456 2171 immoror,
1490 2119 1756 2160 detrahitur

123 2190 180 2230 iis
201 2191 477 2231 enarrandis
499 2193 643 2241 locus,
663 2203 782 2243 quae
803 2191 1025 2231 momenti
1046 2197 1154 2230 sunt
1171 2193 1314 2231 multo
1333 2190 1517 2243 quidem
1538 2191 1748 2230 maioris.

209 2262 384 2302 Decem
418 2268 524 2302 sunt
559 2263 605 2302 in
638 2263 726 2302 hac
761 2263 874 2302 vrbe
910 2263 1179 2313 paroeciae,
1212 2263 1259 2302 in
1296 2274 1410 2314 quas
1445 2274 1504 2301 ex
1533 2262 1754 2313 Proregis

121 2332 278 2373 *edicto
313 2333 446 2384 pueri
480 2344 661 2383 omnes,
700 2334 776 2384 qui
811 2339 917 2372 sunt
953 2333 1075 2373 intra
1117 2339 1302 2373 sextum
1345 2339 1388 2372 et
1429 2332 1755 2373 duodecimum

125 2415 298 2444 annum
319 2403 538 2455 (alioquin
559 2411 734 2443 statuta
755 2416 906 2454 poena
927 2404 1135 2455 ipsorum
1162 2404 1433 2454 parentibus
1455 2404 1753 2453 mulctandis)

127 2475 409 2514 conueniunt
431 2481 479 2514 ut
500 2474 762 2514 doctrinam
789 2474 963 2514 Christi
999 2486 1025 2514 a
1060 2475 1438 2526 praelegentibus
1473 2475 1680 2514 audiant.
1705 2474 1756 2514 In

128 2545 322 2585 honesta
356 2547 478 2585 enim
507 2557 759 2596 puerorum
792 2546 1082 2586 institutione
1117 2552 1264 2586 totam
1302 2545 1603 2597 Reipublicae
1638 2546 1757 2586 bene

125 2616 360 2666 gerendae
382 2628 512 2668 spem
539 2616 839 2656 constitutam
866 2628 967 2656 esse
994 2617 1248 2656 arbitratus
1276 2622 1360 2667 est,
1390 2628 1475 2656 nec
1506 2628 1619 2656 sane
1642 2616 1757 2656 iniu-

130 2686 213 2736 ria,
249 2687 565 2737 pientissimus
598 2686 836 2739 Princeps.
872 2687 1030 2727 Hocce
1066 2694 1219 2727 autem
1254 2688 1555 2738 praelegendi
1586 2699 1755 2727 munus

126 2756 203 2796 cui
219 2755 394 2797 Prorex
415 2758 745 2798 committeret?
766 2758 807 2798 ei
828 2758 1060 2809 nimirum,
1093 2758 1167 2798 cui
1189 2765 1233 2798 et
1260 2758 1352 2798 alia
1384 2759 1569 2809 pietatis
1592 2770 1753 2810 opera,

121 2828 215 2867 hoc
236 2833 319 2878 est,
344 2827 446 2868 R.‹³0
474 2828 523 2868 Ρ.
547 2828 819 2880 Praeposito
841 2827 868 2868 ².
892 2828 1008 2869 Rem
1029 2840 1140 2868 uero
1161 2836 1429 2880 susceptam
1450 2829 1490 2868 is
1516 2829 1579 2868 ita
1610 2828 1755 2868 admi-

183 3009 193 3030 ἱ
232 3010 429 3045 Elisabeth,
445 3011 594 3039 Bibonae
611 3010 768 3039 Ducissa.

181 3057 195 3077 ²
236 3059 272 3086 P.
287 3059 494 3095 Hieronymo
510 3059 713 3093 Domenech,
731 3061 868 3088 Siciliae
884 3060 1102 3088 provinciali.
