2020 3342
246 249 319 289 318
515 303 519 306 ι
754 247 980 288 LITTERAE
1007 258 1362 293 QUADRIMESTRES

243 347 461 388 humeros
484 347 715 387 sublatum
737 347 783 387 in
803 346 1033 398 hospitale
1052 346 1287 398 publicum
1309 346 1486 397 detulit,
1510 347 1635 387 nullo
1657 346 1747 387 alio
1772 358 1865 388 mo-

241 417 393 458 nitore
415 423 715 468 prouocatus,
740 428 879 469 quam
901 428 971 468 ea,
994 427 1134 468 quam
1155 416 1254 469 ejus
1272 417 1425 458 animo
1442 417 1654 458 Christus
1675 417 1861 468 inseuit,

244 498 358 539 erga
379 487 644 539 proximum
672 487 914 528 charitate.

321 557 472 598 Patris
492 569 606 598 vero
627 557 887 610 Praepositi
912 557 921 577 ¹
945 570 1107 599 curam
1123 570 1235 611 erga
1257 571 1489 611 pauperes
1507 571 1603 600 non
1619 558 1756 600 facile
1771 559 1865 600 fue-

241 630 300 669 rit
321 629 570 681 explicare:
594 630 672 681 qui
692 630 817 669 nullo
839 641 1045 681 vnquam
1061 635 1270 682 tempore
1298 636 1453 671 cessat
1485 636 1788 681 aegrotorum
1809 642 1865 671 ac

243 700 519 740 miserorum
540 700 778 741 hominum
798 700 1069 741 necessitati
1090 701 1156 741 sic
1185 701 1419 752 opitulari,
1451 701 1608 754 eisque
1636 701 1695 742 ad
1716 706 1865 742 extre-

241 783 366 811 mum
389 783 534 823 vsque
551 771 675 812 vitae
696 771 911 823 spiritum
945 778 1041 812 tam
1076 771 1382 823 indefatigato
1419 778 1589 814 conatu
1610 773 1790 825 adesse,
1814 780 1865 815 vt

243 854 404 882 omnes
438 854 496 883 ex
531 854 679 895 aequo
714 842 852 883 huius
887 843 1093 883 ciuitatis
1126 843 1350 894 primates
1384 849 1428 884 et
1455 844 1692 896 principes
1719 844 1864 896 vir08‚

241 913 398 954 nescio
432 925 522 965 qua
557 913 744 954 tandem
779 913 987 954 inaudita
1022 914 1210 965 virtute,
1240 915 1306 955 sic
1328 915 1375 954 in
1410 915 1481 955 sui
1509 915 1866 956 admirationem

240 985 451 1035 traxerit,
485 991 534 1024 vt
566 996 623 1024 ne
654 984 837 1035 publice
871 984 1058 1036 quidem
1092 985 1157 1025 illi
1191 985 1397 1036 profiteri
1433 992 1702 1037 vereantur,
1730 992 1866 1027 vetus

240 1055 349 1095 illud
371 1056 656 1107 apostolicae
677 1055 924 1096 charitatis
946 1056 1209 1107 exemplum
1230 1056 1276 1096 in
1296 1056 1470 1097 nostris
1497 1063 1711 1098 renatum
1743 1068 1861 1098 esse.

239 1126 327 1167 Per
348 1127 475 1167 illum
492 1125 708 1166 effectum
743 1132 932 1178 putatur
965 1134 1016 1167 vt
1050 1127 1243 1174 Prorex.
1276 1140 1369 1168 vna
1401 1140 1458 1168 ex
1488 1134 1620 1180 parte
1642 1128 1861 1180 ciuitatis,

238 1203 444 1238 rectores
465 1198 594 1238 vrbis
616 1210 674 1238 ex
695 1199 841 1238 altera
862 1204 1009 1250 parte,
1034 1198 1220 1239 insolita
1243 1199 1445 1251 quadam
1466 1205 1511 1240 et
1534 1212 1644 1241 vere
1667 1200 1799 1252 regia
1817 1200 1863 1240 in

239 1280 470 1321 pauperes
490 1275 534 1309 et
554 1270 832 1321 languentes
852 1270 923 1310 his
944 1270 1170 1322 proximis
1197 1271 1433 1312 mensibus
1456 1272 1860 1324 eleemosynarum

240 1340 387 1391 panis,
412 1340 524 1390 vini,
550 1340 682 1391 offae,
707 1347 750 1380 et
780 1341 851 1381 bis
880 1341 927 1380 in
960 1341 1253 1382 hebdomada
1283 1342 1494 1382 carnium
1520 1343 1769 1393 largitione
1789 1343 1864 1384 vsi

239 1412 344 1462 sint,
370 1422 488 1463 quae
505 1411 709 1463 quotidie
726 1412 770 1452 in
789 1412 911 1452 mille
928 1413 1208 1464 quingentos
1224 1413 1328 1465 plus
1348 1414 1501 1454 minus
1528 1414 1757 1466 homines,
1775 1426 1863 1455 nec

239 1494 346 1522 raro
368 1480 627 1541 Praepositi
647 1483 875 1534 manibUS,
899 1489 1120 1534 erogatae
1142 1490 1262 1534 sunt;
1287 1495 1409 1524 nouo
1430 1485 1620 1537 insuper
1643 1491 1858 1526 extructo

239 1553 471 1605 hospitali,
496 1554 569 1594 cui
591 1554 730 1594 etiam
752 1554 900 1595 nostri
926 1554 1242 1607 praefuerunt,
1278 1566 1382 1596 curn
1402 1562 1539 1597 vetus
1565 1562 1723 1597 tantae
1750 1558 1862 1598 mul-

238 1625 447 1665 titudinis
483 1625 722 1676 (plurimos
757 1625 879 1665 enim
917 1626 1043 1666 misit
1076 1627 1291 1678 proxima
1331 1626 1570 1678 Calabria)
1609 1639 1703 1668 non
1740 1628 1860 1669 foret

239 1706 404 1748 capax.

317 1766 405 1807 Vir
426 1767 613 1819 quidam
643 1767 908 1819 Armenius,
934 1780 1081 1809 annos
1102 1775 1240 1810 natus
1267 1769 1453 1810 circiter
1471 1768 1524 1810 20
1544 1775 1588 1810 et
1612 1769 1685 1811 X.i
1713 1770 1860 1823 bapti-

237 1824 337 1880 smo
358 1838 572 1889 donatus,
592 1850 697 1879 cum
714 1845 952 1879 turcarum
970 1851 1135 1880 manus
1153 1840 1393 1891 euasisset,
1418 1852 1473 1881 ac
1496 1840 1708 1882 Genuam
1728 1842 1859 1882 navi·

234 1911 311 1962 gio
333 1916 509 1962 petens,
533 1909 813 1961 Messanam,
839 1911 904 1950 ita
924 1910 1025 1951 Deo
1046 1912 1247 1963 uolente,
1272 1923 1299 1951 a
1327 1912 1480 1952 Ventis
1507 1918 1628 1953 esset
1657 1912 1856 1964 delatus,

236 1982 421 2034 rogauit
443 1982 531 2022 sibi
550 1982 703 2022 locum
727 1981 920 2032 ostendi,
946 1982 992 2022 in
1015 1993 1104 2034 quo
1126 1982 1226 2022 Deo
1248 1982 1465 2023 famulari
1486 1988 1659 2035 posset.
1684 1983 1727 2024 A
1750 1995 1860 2024 non-

236 2053 373 2093 nullis
393 2053 535 2104 igitur
557 2052 616 2093 ad
637 2063 723 2092 nos
744 2052 984 2104 deductus,
1021 2053 1084 2093 ita
1107 2053 1323 2105 primum,
1361 2060 1521 2094 nostro
1557 2055 1769 2095 instituto
1791 2061 1862 2095 est

237 2124 443 2175 affectus,
467 2130 515 2164 ut
537 2125 664 2164 exire
686 2135 734 2164 se
752 2125 873 2164 nolle
896 2123 1105 2164 affirmet.
1135 2124 1313 2165 Damus
1335 2137 1525 2177 operam
1547 2133 1595 2166 ut
1616 2127 1861 2177 vulgarem

237 2196 444 2246 linguam
467 2195 692 2246 addiscat3
718 2195 841 2246 quod
862 2195 900 2234 si
918 2202 1207 2247 assequetur,
1231 2208 1324 2236 non
1346 2197 1514 2248 poterit
1535 2209 1628 2237 non
1649 2208 1751 2237 esse
1775 2198 1860 2237 vti-

235 2267 454 2311 lissimus2
479 2267 608 2306 nouit
630 2266 766 2316 enim,
791 2272 975 2317 praeter
1004 2277 1152 2316 suam,
1182 2267 1322 2306 etiam
1355 2267 1594 2307 arabicam
1629 2268 1857 2319 linguam,

238 2344 281 2377 et
303 2337 541 2387 ingenium
561 2349 674 2388 prae
695 2349 743 2377 se
766 2337 855 2376 fert
876 2337 935 2376 ad
952 2337 1198 2377 discendas
1214 2338 1372 2377 literas
1391 2338 1729 2379 habilissimum
1748 2338 1776 2379 ².

318 2407 367 2448 In
389 2408 612 2448 coenobio
633 2408 776 2448 Italae
798 2407 825 2458 ⁵,
850 2407 973 2459 quod
995 2407 1048 2447 R.
1073 2407 1129 2448 D.
1154 2407 1410 2449 Antonium
1431 2421 1456 2449 a
1474 2409 1610 2460 Vega
1628 2410 1859 2451 Abbatem

246 2479 489 2530 cognoscit
523 2477 551 2530 ⁴,
588 2490 680 2519 non
716 2479 885 2519 minori
917 2479 1077 2519 labore
1106 2491 1246 2531 quarn
1278 2479 1433 2520 fructu
1466 2480 1653 2531 quidam
1680 2487 1858 2522 nostro-

292 2638 301 2658 ¹
342 2638 444 2666 Haud
459 2639 558 2666 facilc
575 2645 624 2667 cst
640 2644 734 2667 certo
749 2640 929 2667 decernere
946 2647 1123 2673 quemnam
1140 2639 1202 2667 hae
1218 2647 1301 2667 voce
1314 2640 1517 2674 Praepositi
1527 2641 1682 2675 designet
1692 2641 1746 2668 hie
1759 2640 1860 2675 Aegi-

239 2685 326 2719 dius‚
337 2686 571 2721 Rectoremne,
583 2694 642 2714 seu
654 2687 900 2721 Praepositum,
911 2687 1053 2721 collegii
1070 2687 1305 2722 Messanensis,
1320 2695 1363 2715 an
1375 2695 1457 2715 vero
1470 2688 1732 2716 Provincialem.
1743 2688 1803 2716 Ille
1815 2688 1859 2716 ad

237 2736 433 2768 Augustum
450 2735 548 2770 hujus
564 2734 642 2762 anni
657 2742 806 2762 mensem
822 2735 884 2762 fuit
900 2734 935 2761 P.
951 2735 1101 2762 Annibal
1116 2736 1155 2762 de
1172 2735 1352 2763 Condreto.
1373 2734 1460 2763 Vide
1483 2736 1631 2763 PoLANm
1659 2736 1860 2769 Chronicon,

238 2788 261 2810 t.
280 2791 312 2814 V,
324 2790 402 2816 pag.
420 2782 478 2814 192.
495 2790 524 2809 n.
540 2782 602 2816 555;
620 2783 673 2809 hic
688 2790 771 2810 vero
788 2783 824 2811 P.
841 2782 1068 2818 Hieronymus
1088 2782 1293 2809 Domenech.
1316 2783 1563 2810 Existimamus
1584 2788 1699 2811 tamen
1720 2783 1760 2810 de
1780 2783 1860 2811 Pro-

237 2829 377 2857 vinciali
394 2837 580 2857 sermonem
596 2837 679 2861 esse„
695 2830 734 2856 de
751 2837 816 2863 quo
831 2831 926 2864 plura
939 2830 1009 2864 jam
1024 2830 1148 2857 similia
1163 2830 1195 2857 in
1211 2830 1263 2857 his
1278 2829 1427 2858 Litteris
1439 2835 1473 2858 et
1488 2830 1520 2858 in
1536 2831 1676 2858 Polanci
1694 2830 1859 2858 Chronico

239 2877 331 2905 dicta
346 2880 435 2903 sunt.

291 2924 304 2943 ²
341 2923 445 2957 Haec,
463 2932 483 2951 a
498 2925 638 2951 vocibus
662 2924 721 2951 Vir
737 2925 880 2957 quidam
899 2925 937 2951 Α]
951 2926 1102 2956 mcninS,
1122 2924 1155 2951 in
1176 2925 1286 2952 altero
1310 2925 1468 2959 exemplo‘
1483 2925 1527 2952 ad
1550 2929 1694 2959 quartae
1714 2925 1857 2959 paginae

237 2973 367 3000 calcem
382 2972 486 2998 tertia
502 2972 667 3006 quaedam
680 2979 808 3005 manus,
825 2973 919 3005 signo
935 2977 970 2999 ut
987 2973 1040 2999 hic
1055 2973 1285 2999 insererentur
1299 2972 1466 3007 apposito,
1480 2972 1629 3007 scripsit.

289 3019 303 3039 5
341 3019 405 3046 Hic
422 3019 454 3046 in
469 3019 605 3046 secundi
620 3019 764 3053 exempli
781 3027 840 3046 ora
856 3019 991 3053 scripsit
1012 3019 1175 3046 Polancus
1190 3018 1294 3047 Itala.

291 3067 305 3086 ⁴
342 3066 430 3093 Vide
448 3066 595 3094 ΡοιΑΝςι
613 3066 816 3095 chronicon,
831 3071 854 3092 t.
870 3074 916 3098 111,
933 3074 1010 3100 pag.
1023 3066 1076 3093 ‘202
1089 3071 1121 3093 et
1135 3066 1196 3094 203.
