2020 3342
244 242 318 278 646
864 239 1097 276 APPENDIX
1123 246 1259 276 PRIMA

328 480 457 529 Pag.
487 479 510 517 I
525 479 547 517 I
560 478 606 527 O,
621 482 734 528 post
754 477 944 517 litteras
964 478 1024 517 P.
1049 476 1251 517 Antonii
1279 476 1437 523 Vincla,
1458 480 1565 516 ante
1587 488 1631 516 n.
1662 477 1869 524 CXCIV,

244 550 514 591 addendum
535 559 751 599 sequens:

399 741 679 769 Praecedentium
693 741 810 769 Patris
825 741 965 768 Antonii
982 740 1094 768 Vinck
1109 742 1304 768 litterarum
1320 741 1472 768 italicum
1488 740 1676 774 exemplum
1693 739 1714 767 ⁴.

1008 900 1105 953 Jhs.

329 1044 397 1084 La
420 1054 522 1094 gra.
552 1050 595 1083 et
617 1053 748 1082 amor
776 1047 936 1082 eterno
964 1042 1009 1082 di
1038 1042 1176 1082 Chro.
1207 1052 1308 1081 nr0.
1335 1039 1423 1081 sse
1458 1052 1642 1093 sempre
1668 1042 1737 1082 sia
1765 1042 1874 1081 nelli

249 1115 384 1156 cuori
403 1115 490 1154 nri.
515 1113 682 1154 Amen.

331 1185 423 1225 Era
445 1185 613 1235 meglio
634 1184 773 1234 forse,
798 1190 841 1224 et
859 1184 937 1236 piu
955 1184 1167 1235 honesto,
1186 1184 1240 1224 R.
1260 1184 1306 1224 in
1324 1184 1464 1224 Chro.
1486 1183 1554 1232 P„
1575 1183 1813 1224 confessas
1828 1184 1872 1222 la

251 1255 537 1306 negligentia
559 1261 737 1305 nostra,
774 1256 886 1294 sela
922 1256 1129 1305 volonta,
1158 1262 1203 1295 et
1231 1256 1257 1294 l’
1285 1255 1445 1295 ordine
1476 1255 1522 1294 di
1542 1254 1600 1295 V.
1631 1253 1685 1293 R.
1708 1253 1757 1293 P.
1780 1265 1872 1293 non

250 1327 294 1366 ci
312 1326 544 1367 sforzasse
573 1338 599 1365 a
628 1326 833 1365 scriuere
862 1326 948 1376 cio,
981 1326 1067 1366 che
1097 1337 1180 1378 per
1214 1326 1369 1377 gratia
1401 1326 1473 1365 del
1508 1324 1600 1365 S.0¹'
1631 1325 1670 1365 si
1701 1329 1725 1364 e
1757 1324 1874 1364 fatto

252 1397 399 1449 questi
424 1404 609 1447 quattro
631 1397 786 1436 messi.

332 1468 388 1508 Et
409 1468 557 1519 prima
579 1467 906 1507 comentiando
928 1467 1037 1507 dalli
1059 1467 1315 1507 domestici.
1346 1467 1557 1507 Hauerno
1588 1479 1615 1506 a
1642 1465 1875 1516 regratiar

253 1538 297 1578 la
326 1537 497 1578 Diuina
525 1538 738 1589 Magesta
772 1538 817 1578 di
845 1537 934 1578 Dio
968 1549 1066 1578 nro.
1099 1537 1187 1578 S.re
1230 1538 1316 1577 che
1351 1538 1381 1577 li
1417 1537 1627 1578 conforta
1655 1538 1876 1576 talmente

252 1609 358 1649 tutti
392 1610 513 1648 nella
533 1610 782 1649 vocatione
818 1616 862 1648 et
884 1610 957 1648 nel
985 1609 1149 1659 spirito
1178 1609 1296 1648 della
1325 1621 1424 1648 nra.
1457 1608 1644 1660 compa,
1674 1607 1758 1647 che
1778 1606 1875 1646 dili-

251 1686 546 1731 gentemente
577 1681 612 1719 s’
648 1680 871 1731 agiutano
908 1686 952 1719 et
987 1680 1025 1719 si
1062 1680 1278 1720 sforzano
1315 1680 1464 1731 primo
1498 1680 1572 1718 nel
1599 1678 1809 1719 oratione
1830 1684 1874 1717 et

254 1752 362 1791 nelli
392 1751 498 1790 altri
532 1751 758 1790 essercitii
792 1751 1021 1802 spirituali
1043 1762 1069 1790 a
1097 1750 1356 1802 profitarse;
1389 1756 1433 1790 et
1452 1751 1496 1790 la
1519 1750 1660 1790 bonta
1695 1748 1767 1789 del
1788 1747 1876 1788 S.f<³

253 1823 317 1873 gli
334 1821 589 1871 essaudise‚
622 1833 752 1862 come
783 1823 903 1861 nella
934 1822 1087 1862 buona
1124 1823 1222 1862 loro
1259 1821 1550 1862 edificatione
1585 1821 1623 1860 si
1658 1830 1873 1869 conosce,

253 1900 383 1933 tanto
404 1892 449 1932 di
484 1892 620 1944 quelli
652 1893 736 1932 che
769 1899 903 1932 stano
938 1894 1012 1932 nel
1046 1892 1291 1943 colleggio,
1328 1898 1501 1943 quanto
1538 1892 1583 1931 di
1617 1890 1755 1942 quelli
1789 1890 1875 1930 che

253 1965 425 2003 viuono
447 1964 566 2003 nella
597 1975 707 2003 casa
743 1964 787 2003 di
821 1964 1110 2014 probatione.
1149 1964 1205 2003 Et
1239 1964 1415 2003 benche
1451 1964 1497 2003 in
1532 1969 1652 2002 tutto
1675 1962 1717 2001 ci
1739 1961 1875 2001 diano

254 2040 543 2084 contenteza‚
568 2033 785 2073 massime
807 2034 845 2073 si
867 2035 1105 2084 alegramo
1130 2034 1305 2073 vederli
1341 2040 1469 2073 tanto
1490 2033 1683 2073 animati
1706 2038 1750 2072 et
1771 2042 1876 2071 con-

256 2105 425 2145 firmati
446 2106 519 2144 nel
541 2104 750 2144 instituto
772 2104 891 2144 della
914 2116 1012 2144 nra.
1039 2104 1215 2156 comp.a

334 2175 474 2226 Dipoi
498 2175 575 2214 alli
595 2175 735 2214 studii
756 2187 842 2215 con
864 2177 1073 2226 singular
1094 2176 1336 2226 diligentia
1359 2175 1398 2214 si
1421 2175 1622 2225 attende,
1644 2180 1688 2214 et
1711 2174 1757 2213 in
1774 2173 1881 2213 tutti

256 2247 295 2286 si
315 2245 431 2285 vede
453 2247 593 2285 molto
614 2246 816 2285 notabile
836 2245 995 2296 frutto;
1026 2253 1067 2285 et
1103 2247 1278 2285 benche
1301 2247 1330 2285 li
1366 2246 1569 2286 estranei
1603 2245 1814 2284 anchora
1838 2244 1880 2283 si

251 2310 530 2368 aprofitano,
553 2316 583 2355 li
604 2316 750 2356 nostri
785 2317 955 2356 scolari
982 2318 1123 2357 molto
1152 2318 1518 2367 singularmente
1552 2316 1617 2367 gli
1646 2314 1877 2355 escedono

255 2400 343 2427 con
361 2387 667 2427 admiratione
685 2399 776 2427 non
794 2388 1049 2427 solamente
1067 2388 1173 2427 delli
1194 2388 1353 2427 Mastri
1373 2399 1446 2427 ma
1465 2388 1583 2427 della
1601 2394 1741 2436 terra,
1759 2396 1878 2426 mas-

257 2460 371 2498 sime
392 2458 508 2497 hora
529 2469 611 2508 per
632 2465 757 2498 certe
780 2458 866 2497 ode
888 2458 973 2498 che
994 2458 1148 2498 fecero
1170 2469 1325 2509 grece,
1346 2470 1371 2498 a
1393 2458 1649 2498 imitatione
1666 2457 1711 2497 di
1728 2457 1878 2508 quelle

259 2529 303 2569 di
322 2528 539 2579 Pindaro,
563 2529 610 2567 in
631 2529 766 2568 laude
796 2529 843 2568 di
870 2527 955 2568 5.ῑο
976 2528 1168 2568 Nicolao
1189 2540 1277 2568 con
1305 2529 1434 2568 molti
1465 2529 1569 2568 altri
1598 2528 1724 2568 versi
1749 2527 1879 2578 greci

259 2608 302 2639 et
323 2599 467 2647 latini,
493 2599 680 2649 (perche
702 2599 748 2638 in
770 2599 796 2638 l'
822 2611 915 2638 vna
937 2606 981 2638 et
1009 2601 1035 2638 l'
1061 2600 1180 2638 altra
1207 2600 1366 2649 lingua
1395 2599 1433 2638 si
1460 2598 1762 2648 essercitano)
1794 2597 1878 2638 che

257 2671 378 2710 nella
399 2681 483 2709 sua
502 2669 621 2709 festa
643 2670 681 2709 si
700 2669 868 2709 misero
885 2681 1024 2720 sopra
1043 2671 1083 2709 16
1100 2677 1231 2721 porte
1253 2670 1369 2709 delle
1391 2670 1501 2719 (sic)
1524 2670 1679 2709 chiesa
1701 2674 1877 2719 nostra,

259 2752 388 2780 come
417 2740 613 2779 hauemo
637 2741 682 2780 di
704 2747 910 2780 costume
931 2741 1030 2780 fare
1052 2740 1444 2780 ordinariamente
1478 2741 1525 2780 in
1561 2741 1666 2791 quel
1697 2740 1877 2790 giorno.

259 2811 343 2850 Nel
364 2811 589 2861 principio
612 2811 684 2850 del
705 2811 859 2850 studio
881 2811 941 2850 M.
968 2810 1163 2851 Anibale
1185 2810 1284 2851 fece
1305 2823 1399 2850 vna
1417 2812 1626 2851 oratione
1643 2821 1800 2860 greca,
1819 2810 1880 2849 la-

260 2882 371 2931 tina,
403 2888 446 2921 et
475 2882 694 2921 hebraica
729 2882 774 2920 in
809 2882 912 2921 lode
942 2881 1058 2921 delle
1087 2881 1112 2921 3
1141 2882 1314 2932 lingue,
1348 2882 1476 2922 dotta
1506 2887 1549 2921 et
1580 2882 1806 2931 elegante,
1837 2886 1880 2920 et

317 2991 325 3011 ¹
363 2991 417 3018 Ex
433 2993 497 3018 vol.
514 2992 660 3024 llll-vtae,
674 2992 774 3025 1553,
790 2992 821 3018 in
834 2992 888 3019 fol.
905 2992 1041 3026 duplici,
1057 3000 1110 3019 nn.
1128 2992 1177 3019 139
1188 2997 1219 3018 et
1239 2991 1371 3019 140.—1n
1387 2993 1434 3019 eis
1445 2996 1617 3025 postrema
1629 2996 1761 3019 tantum
1772 2992 1880 3019 verba

262 3037 304 3065 D.
329 3037 362 3066 V.
379 3038 543 3066 R.1l‹1e......
565 3039 669 3065 Vincla
685 3044 716 3065 ct
733 3040 973 3073 superscriptio
986 3044 1062 3066 sunt
1076 3047 1177 3066 manu
1191 3039 1295 3073 ipsius
1311 3039 1426 3067 Patris
1440 3039 1562 3067 Vinck.
