2020 3342
873 261 956 299 ΑΝ.
994 260 1084 299 1556
1721 262 1786 298 421

167 359 306 399 ritual
327 359 383 399 de
405 360 474 398 las
495 358 688 398 muchas
709 359 858 398 almas
879 370 967 410 que
988 360 1028 398 16
1050 359 1234 409 siguen,
1264 370 1294 409 y
1317 361 1343 397 a
1364 364 1581 397 nosotros
1611 369 1789 408 purgue

169 441 223 469 en
247 435 343 469 este
364 429 505 480 fuego
527 440 642 480 para
663 432 764 469 mas
792 428 1156 480 persectamente
1185 428 1448 478 complazer
1478 440 1508 478 y
1529 427 1734 478 agradar
1764 431 1790 466 a

169 511 223 539 su
245 500 404 540 diuina
424 500 610 540 bondad
630 511 715 550 por
736 501 774 539 si
797 500 976 540 misma.

249 570 320 611 De
341 569 528 621 Seuilla,
551 571 602 610 27
627 569 636 588 ¹
654 570 710 610 de
731 570 913 621 Agosto
932 571 987 610 de
1013 570 1126 611 1556.

329 640 421 681 Por
442 641 693 681 comission
716 641 789 681 dei
810 641 857 681 P.
881 641 1069 681 Rector.

382 711 439 752 D.
463 712 523 752 V.
548 712 595 752 P.
620 712 942 763 indignissimo
963 711 1057 763 hijo
1079 724 1137 752 en
1157 713 1198 751 61
1219 710 1368 752 Senor
1389 719 1599 761 nuestro,

1308 835 1340 857 ,1.

1192 858 1327 942 JUANt
1343 890 1554 930 XUAREZ.

255 1137 606 1189 Superscmptzo
641 1138 691 1178 in
721 1138 874 1179 altera
903 1139 1105 1189 pagina:
1135 1121 1246 1179 IHS.
1283 1138 1343 1178 At
1375 1150 1487 1189 muy
1520 1125 1622 1178 Rdd
1649 1137 1801 1177 Padre

173 1215 362 1250 nuestro
383 1221 440 1249 en
461 1209 647 1249 Christo
668 1208 818 1250 Sefior
838 1217 1045 1259 nuestro,
1070 1212 1110 1249 61
1134 1210 1180 1250 Ρ.
1206 1209 1410 1249 Maestro
1433 1209 1615 1259 Ignatio
1637 1207 1693 1248 de
1710 1207 1800 1247 Lo-

174 1281 298 1332 yola,
322 1280 555 1331 preposito
577 1281 769 1330 general
791 1280 846 1320 de
869 1281 912 1320 la
935 1280 1189 1332 Compania
1212 1280 1267 1319 de
1286 1279 1446 1331 Jesus,
1472 1291 1529 1318 en
1550 1278 1714 1318 Roma.

253 1350 364 1390 Alia
400 1362 570 1390 mann:
602 1351 733 1403 Jhus.
773 1350 888 1390 1556.
926 1350 1112 1391 Seuilla.
1147 1350 1497 1402 Quadrimestre
1534 1349 1589 1389 de
1623 1348 1675 1389 28
1700 1349 1714 1367 ²
1743 1349 1800 1389 de

174 1421 373 1472 Agosto.

267 1492 527 1543 Vestigium
550 1503 681 1532 cerae
701 1492 871 1543 sigilli.

490 1863 771 1890 Praecedentium
786 1863 900 1891 Patris
915 1863 1054 1897 Joannis
1070 1863 1204 1890 Xuarez
1220 1865 1325 1892 latina
1337 1865 1450 1892 versio
1465 1864 1488 1891 5.

938 1972 1036 2049 stis

259 2132 424 2173 Gratia
445 2133 633 2173 Domini
660 2133 806 2173 nostri
836 2134 945 2187 Jesu
974 2134 1148 2174 Christi
1170 2142 1213 2173 et
1236 2134 1494 2174 consolatio
1525 2133 1684 2174 Sancti
1705 2133 1805 2185 Spi-

182 2204 299 2244 ritus
321 2204 379 2244 sit
401 2215 584 2256 semper
604 2205 651 2244 in
674 2205 893 2245 cordibus
915 2205 1100 2245 nostris.
1124 2204 1290 2245 Amen.

259 2274 365 2315 Non
385 2275 595 2326 defuere,
621 2275 870 2316 admodum
896 2275 996 2315 Rde
1019 2276 1065 2315 in
1093 2275 1279 2316 Christo
1309 2275 1470 2326 Pater,
1505 2281 1705 2327 quatuor
1735 2275 1807 2314 his

183 2346 419 2386 mensibus
440 2347 667 2397 proximis
688 2347 852 2386 solitae
874 2346 1124 2386 conciones
1142 2347 1188 2386 in
1205 2358 1396 2386 carcere
1413 2346 1519 2386 etin
1536 2346 1805 2397 parrochia-

183 2417 301 2457 libus
327 2417 559 2467 ecclesiis,
590 2429 787 2469 quarum
814 2417 1058 2469 quaedam,
1089 2417 1391 2457 exhortantes
1419 2417 1478 2457 ad
1508 2417 1805 2457 eleemosina-

183 2499 286 2527 rum
316 2488 660 2539 erogationem,
695 2494 877 2528 tantam
910 2488 956 2528 in
992 2488 1172 2528 animos
1206 2488 1492 2528 audientium
1527 2488 1806 2528 charitatem

183 2569 296 2609 erga
319 2558 558 2609 proximos
593 2559 908 2608 concitarunt,
937 2566 987 2598 vt
1018 2559 1231 2610 quamuis
1260 2559 1306 2598 in
1333 2559 1434 2598 aliis
1462 2559 1729 2610 pauciores,
1760 2559 1806 2598 in

183 2629 385 2680 quadam
406 2635 562 2669 tamen
583 2630 781 2669 ecclesia
801 2629 898 2669 fere
920 2629 1115 2669 trecenti
1135 2630 1310 2669 nummi
1331 2630 1461 2669 aurei
1484 2630 1529 2669 in
1551 2628 1807 2668 subsidium

184 2710 442 2750 pauperum
473 2699 679 2740 eiusdem
713 2700 871 2740 collati
904 2700 1018 2750 sint,
1054 2706 1240 2751 praeter
1275 2700 1496 2740 mundum
1535 2700 1806 2740 muliebrem

240 2882 248 2902 ¹
289 2881 405 2910 Facile
419 2883 492 2918 quis
512 2883 565 2910 hic
586 2884 619 2910 in
635 2883 824 2920 archetypo
839 2884 968 2918 legeret
983 2883 1027 2917 23,
1044 2887 1079 2910 ut
1100 2884 1182 2918 legit
1208 2884 1262 2918 qui
1285 2885 1525 2919 inscriptiones
1546 2893 1604 2912 seu
1626 2885 1742 2912 titulos
1759 2885 1809 2910 liis

188 2930 412 2956 monumentis
433 2931 602 2964 apposuit;
627 2938 745 2957 verum
766 2937 841 2957 cum
865 2938 1024 2958 numerus
1046 2931 1067 2958 8
1088 2931 1284 2965 imperfecte
1307 2932 1350 2959 sit
1374 2937 1549 2966 exaratus,
1572 2933 1685 2966 legere
1707 2932 1811 2958 malu—

184 2983 260 3003 mus
275 2976 332 3009 27,
347 2977 401 3010 qui
417 2977 487 3004 dies
501 2982 597 3004 certo
613 2982 673 3010 est,
691 2985 754 3012 quo
769 2978 884 3005 versio
899 2978 1017 3011 latina,
1034 2978 1122 3005 infra
1137 2979 1357 3013 subjicienda,
1373 2980 1567 3014 subscripta
1582 2984 1644 3007 est.

242 3024 255 3042 Ξ
294 3023 381 3050 Vide
397 3029 512 3051 annot.
527 3025 801 3057 praecedentem.

243 3070 257 3089 ⁵
296 3071 520 3105 Autographa
536 3072 614 3099 solio
631 3072 738 3105 unico,
755 3080 784 3100 n.
797 3072 859 3100 476.
