2020 3342
881 214 963 251 ΑΝ.
993 213 1084 252 1556
1695 212 1761 248 551

140 313 280 354 etiam
309 313 355 352 in
381 312 524 352 fratre
555 311 889 352 lucrifaciendo
925 312 1117 351 multum
1149 308 1383 357 laboraui3
1422 306 1503 346 sed
1538 305 1764 346 hactenus

143 384 248 424 inde
278 392 444 435 parum
469 383 624 431 retuli,
656 383 745 423 nisi
772 383 941 422 bonam
974 393 1118 433 spem.
1150 379 1304 430 Quare
1341 389 1446 418 eum
1477 377 1765 416 orationibus

143 452 340 494 fratrum
361 453 736 493 commendatum
763 463 1080 504 percuperem.

222 523 281 563 M.
315 524 595 564 Franciscus
629 523 850 564 Costerus
879 524 924 563 in
956 523 1139 575 publica
1171 521 1341 562 Schola
1375 520 1561 560 Artium
1595 530 1766 569 magna

144 606 250 635 cum
272 595 407 635 laude
435 602 477 635 et
500 595 703 635 omnium
733 595 1040 635 admiratione
1073 590 1445 633 adolescentibus
1473 590 1657 630 circiter
1689 590 1765 629 du-

143 666 290 706 centis
311 667 643 717 interpretatur
664 665 922 717 Sphaeram
950 664 1144 718 Joannis
1179 661 1451 703 Sacrobusti
1485 660 1509 701 ¹.
1544 660 1693 707 Vnde,
1728 661 1767 700 si

144 749 237 777 non
263 738 448 787 plenam
478 748 694 787 messem,
722 737 885 776 saltem
916 736 1070 787 spicas
1106 734 1280 785 aliquot
1316 732 1525 773 Societas
1562 731 1763 782 collegit.

141 807 201 847 M.
226 819 337 848 uero
359 808 589 847 Henricus
612 807 869 859 Dionysius
890 813 933 847 et
961 817 1071 857 egO,
1097 815 1287 856 prorsus
1308 802 1551 854 indignus,
1576 802 1764 842 domini-

142 878 212 918 cis
233 886 276 918 et
299 886 568 919 sanctorum
589 878 719 918 festis
739 878 915 927 diebus,
941 876 1205 917 alternatim
1232 874 1566 915 concionamur
1586 873 1632 912 in
1654 873 1766 913 aede

142 948 343 990 Sanctae
381 949 618 1000 Agathae;
662 950 707 989 in
743 961 854 1001 qua,
897 949 1001 988 licet
1040 948 1266 987 hactenus
1300 957 1476 996 pauc-ae
1517 944 1765 984 admodum

140 1020 390 1060 conciones
407 1021 593 1060 habitae
615 1021 720 1069 sint,
745 1020 893 1071 sitque
914 1020 1044 1059 locus
1062 1031 1086 1058 a
1105 1017 1239 1057 turba
1258 1017 1395 1068 paulo
1414 1016 1651 1064 remotior;
1674 1027 1765 1055 non

141 1098 298 1131 tamen
332 1091 492 1131 sedulo
514 1103 568 1131 eo
598 1091 757 1131 uenire
778 1091 905 1142 piget
935 1091 1063 1130 uiros
1093 1095 1138 1128 et
1169 1087 1386 1127 mulieres
1416 1086 1592 1126 nobiles
1621 1097 1679 1126 ex
1700 1098 1764 1126 re-

141 1162 415 1202 motioribus
437 1162 563 1202 urbis
585 1162 807 1213 partibus

221 1232 507 1273 Amandauit
547 1240 701 1273 autem
741 1232 788 1273 P.
831 1231 1106 1272 Leonardus
1146 1229 1464 1281 superioribus
1503 1227 1664 1268 diebus
1703 1227 1761 1267 M.

138 1303 392 1344 Henricum
415 1303 693 1355 Dionysium
721 1303 1052 1353 Neomagium,
1084 1313 1174 1353 quo
1196 1302 1446 1341 multorum
1474 1299 1561 1350 piis
1591 1299 1764 1339 deside-

137 1375 218 1414 riis
239 1375 546 1414 satisfaceret.
570 1375 660 1415 Vbi
684 1381 727 1415 et
750 1374 902 1414 sexies
923 1380 1003 1413 aut
1035 1372 1206 1424 septies
1235 1372 1280 1411 in
1302 1382 1483 1410 summo
1507 1371 1694 1421 templo,
1718 1370 1763 1409 in

137 1446 342 1486 maxima
378 1446 616 1485 hominum
649 1445 784 1485 turba
820 1451 958 1495 atque
992 1443 1275 1495 frequentia,
1318 1454 1411 1482 non
1451 1442 1549 1481 sine
1589 1441 1765 1491 ingenti

136 1516 291 1557 fructu
313 1524 382 1557 est
404 1517 730 1567 concionatus,
753 1522 801 1555 ut
822 1515 975 1556 exitus
997 1514 1267 1554 declarauit.
1300 1512 1614 1553 Ostenderunt
1642 1512 1764 1551 enim

138 1589 327 1640 egregie
356 1595 466 1628 tunc
498 1599 547 1627 re
575 1588 675 1639 ipsa
704 1587 1066 1637 Neomagenses,
1100 1597 1238 1637 quam
1265 1584 1387 1624 bono
1417 1595 1531 1634 erga
1563 1582 1764 1623 Societa-

139 1667 231 1701 tem
261 1666 415 1700 essent
445 1660 614 1699 animo.
648 1659 705 1698 Et
735 1658 982 1708 collegium
1014 1656 1346 1697 canonicorum
1382 1655 1441 1694 ad
1475 1654 1529 1694 R.
1558 1654 1618 1694 V.
1655 1655 1763 1693 scri-

138 1738 324 1783 pturum
347 1730 594 1770 credimus.

212 1802 377 1843 Frater
395 1802 535 1842 etiarn
552 1807 710 1841 noster
726 1801 957 1841 Henricus
973 1798 1320 1847 Dionantensis,
1340 1796 1492 1837 laicus
1509 1802 1538 1843 ²,
1555 1808 1648 1836 non
1666 1796 1764 1835 sine

135 1874 332 1914 utilitate
360 1873 406 1912 in
439 1873 591 1924 patria
626 1879 669 1912 et
703 1871 865 1912 Leodii
894 1871 992 1911 fuit.
1027 1869 1252 1910 Dionanti
1281 1869 1466 1920 quidem
1501 1866 1766 1907 humaniter

135 1943 384 1984 admodum
406 1950 629 1995 exceptus
650 1943 734 1982 fuit
755 1954 781 1982 a
803 1941 1041 1982 canonicis
1059 1948 1101 1981 et
1119 1940 1314 1989 decano,
1333 1939 1411 1991 qui
1428 1946 1471 1979 et
1492 1939 1557 1978 illi
1578 1940 1762 1988 plenam

134 2016 227 2055 illic
263 2014 573 2056 concionandi
601 2014 711 2054 fecit
741 2018 1033 2064 potestatem.
1067 2011 1383 2052 Concionatus
1411 2017 1480 2050 est
1509 2010 1555 2049 in
1585 2009 1764 2050 duobus

136 2086 318 2138 templis
341 2086 610 2138 aliquoties,
635 2092 679 2125 et
701 2096 805 2124 cum
827 2095 985 2124 rumor
1008 2089 1129 2123 esset
1157 2094 1262 2122 eum
1284 2082 1557 2122 concionem
1584 2080 1761 2119 habitu-

137 2169 240 2198 rum
261 2157 306 2197 in
327 2169 507 2197 summo
529 2157 722 2207 templo,
747 2155 894 2195 maior
916 2166 969 2194 eo
992 2154 1126 2194 solito
1148 2153 1286 2193 turba'
1306 2152 1542 2192 confluxit.
1569 2151 1762 2192 Canoni-

135 2228 178 2269 ci
199 2228 336 2268 huius
358 2228 461 2277 loci,
487 2234 530 2268 et
562 2228 689 2267 ciues
710 2227 900 2277 aliquot,
926 2237 1009 2265 sex
1036 2224 1092 2265 de
1120 2223 1353 2265 Societate
1375 2223 1546 2263 habere
1568 2223 1763 2262 multum

139 2299 428 2349 desiderant,
459 2299 536 2351 qui
566 2300 766 2347 clerum,
796 2297 1038 2348 populum,
1072 2302 1116 2336 et
1137 2296 1422 2335 iuuentutem
1450 2294 1759 2334 instituerent.

138 2370 270 2410 Multi
290 2370 354 2410 illi
374 2370 586 2410 confiteri
608 2368 846 2417 uolebant,
880 2367 1009 2407 multi
1037 2366 1175 2407 etiam
1208 2378 1317 2406 suos
1347 2366 1466 2406 filios
1498 2365 1762 2405 obtulerunt

135 2440 372 2482 Societati.
409 2440 570 2481 Leodii
606 2446 760 2480 autem
790 2439 984 2478 multum
1014 2438 1173 2478 uidere
1204 2437 1471 2477 desiderant
1502 2435 1761 2486 Collegium

134 2511 393 2559 Societatis;
418 2512 545 2564 prius
567 2518 721 2551 tamen
752 2521 894 2550 unum
916 2516 994 2549 aut
1023 2510 1219 2548 alterum
1253 2509 1652 2556 concionatorem,
1679 2517 1760 2557 per

133 2594 249 2634 quos
270 2583 481 2624 Societas
502 2583 640 2634 paulo
662 2581 813 2631 magis
837 2581 1004 2632 populo
1026 2580 1352 2620 innotesceret.
1386 2578 1436 2619 ln
1464 2590 1600 2630 quem
1627 2589 1760 2617 usum

134 2654 350 2694 Fratrem
383 2662 593 2694 nostrum
624 2653 877 2693 Henricum
912 2651 1236 2699 retinuissent,
1274 2651 1311 2690 si
1346 2662 1450 2690 eum
1484 2650 1605 2689 bona
1644 2660 1761 2700 pace

134 2725 231 2764 Pfls
254 2724 360 2765 V.²³e
386 2724 485 2765 fieri
505 2724 746 2775 potuisset.
769 2722 1044 2763 Necessaria
1068 2733 1161 2762 non
1183 2722 1396 2762 defutura
1415 2722 1704 2771 promittunt.

211 2796 340 2836 Haec
362 2802 489 2845 sunt,
512 2795 566 2835 R.
591 2795 657 2845 R,
682 2806 800 2846 quae
822 2794 1212 2833 clementissimus
1234 2792 1363 2832 Deus
1384 2792 1569 2844 operari
1599 2791 1760 2841 digna-

187 2979 196 3000 ¹
237 2979 326 3006 Vide
340 2986 456 3014 supra,
472 2983 495 3006 t.
511 2986 558 3012 111,
575 2986 653 3013 pag.
668 2978 729 3011 611,
746 2981 860 3005 annot.
877 2980 902 3005 l.

188 3026 202 3048 ²
241 3026 407 3055 Henricus
422 3025 602 3059 Somalius,
617 3025 763 3055 nondum
778 3025 948 3058 sacerdos,
964 3028 1064 3053 natus
1078 3025 1108 3052 in
1124 3025 1206 3053 urbe
1218 3024 1355 3053 Dinant.
