<?xml version="1.0" encoding="UTF-8"?>
<!DOCTYPE html PUBLIC "-//W3C//DTD XHTML 1.0 Transitional//EN"
    "http://www.w3.org/TR/xhtml1/DTD/xhtml1-transitional.dtd">
<html xmlns="http://www.w3.org/1999/xhtml" xml:lang="en" lang="en">
 <head>
  <title>
</title>
<meta http-equiv="Content-Type" content="text/html;charset=utf-8" />
  <meta name='ocr-system' content='tesseract 3.04.00' />
  <meta name='ocr-capabilities' content='ocr_page ocr_carea ocr_par ocr_line ocrx_word'/>
</head>
<body>
  <div class='ocr_page' id='page_1' title='image "./litteraequadrime16lain_0251.png"; bbox 0 0 2020 3342; ppageno 0'>
   <div class='ocr_carea' id='block_1_1' title="bbox 904 277 1814 317">
    <p class='ocr_par' dir='ltr' id='par_1_1' title="bbox 904 277 1814 317">
     <span class='ocr_line' id='line_1_1' title="bbox 904 277 1814 317; baseline 0.004 -4"><span class='ocrx_word' id='word_1_1' title='bbox 904 277 987 315; x_wconf 75' lang='lat' dir='ltr'><strong>AN.</strong></span> <span class='ocrx_word' id='word_1_2' title='bbox 1020 279 1108 315; x_wconf 67' lang='lat'>1556</span> <span class='ocrx_word' id='word_1_3' title='bbox 1746 281 1814 317; x_wconf 73' lang='lat'><strong>245</strong></span> 
     </span>
    </p>
   </div>
   <div class='ocr_carea' id='block_1_2' title="bbox 160 374 1817 3137">
    <p class='ocr_par' dir='ltr' id='par_1_2' title="bbox 192 374 1817 639">
     <span class='ocr_line' id='line_1_2' title="bbox 193 374 1813 428; baseline 0.002 -14"><span class='ocrx_word' id='word_1_4' title='bbox 193 380 348 414; x_wconf 87' lang='lat' dir='ltr'><strong>tamen</strong></span> <span class='ocrx_word' id='word_1_5' title='bbox 371 385 463 414; x_wconf 88' lang='lat' dir='ltr'><strong>non</strong></span> <span class='ocrx_word' id='word_1_6' title='bbox 485 374 552 414; x_wconf 69' lang='lat' dir='ltr'><strong>ita</strong></span> <span class='ocrx_word' id='word_1_7' title='bbox 574 374 765 415; x_wconf 90' lang='lat' dir='ltr'><strong>videbar</strong></span> <span class='ocrx_word' id='word_1_8' title='bbox 786 375 872 414; x_wconf 59' lang='lat' dir='ltr'><strong>tihi</strong></span> <span class='ocrx_word' id='word_1_9' title='bbox 887 376 948 414; x_wconf 80' lang='lat' dir='ltr'><strong>ad</strong></span> <span class='ocrx_word' id='word_1_10' title='bbox 970 376 1111 416; x_wconf 75' lang='lat' dir='ltr'><strong>uerba</strong></span> <span class='ocrx_word' id='word_1_11' title='bbox 1132 375 1314 415; x_wconf 74' lang='lat' dir='ltr'><strong>obedire</strong></span> <span class='ocrx_word' id='word_1_12' title='bbox 1334 375 1478 427; x_wconf 80' lang='lat' dir='ltr'><strong>(qnod</strong></span> <span class='ocrx_word' id='word_1_13' title='bbox 1496 376 1581 416; x_wconf 73' lang='lat' dir='ltr'><strong>illa</strong></span> <span class='ocrx_word' id='word_1_14' title='bbox 1597 377 1813 428; x_wconf 77' lang='lat' dir='ltr'><strong>postulat</strong></span> 
     </span>
     <span class='ocr_line' id='line_1_3' title="bbox 196 445 1816 498; baseline 0.002 -13"><span class='ocrx_word' id='word_1_15' title='bbox 196 445 450 485; x_wconf 75' lang='lat' dir='ltr'><em>obedientia</em></span> <span class='ocrx_word' id='word_1_16' title='bbox 472 457 611 497; x_wconf 79' lang='lat' dir='ltr'><strong>quam</strong></span> <span class='ocrx_word' id='word_1_17' title='bbox 639 446 685 486; x_wconf 83' lang='lat' dir='ltr'><strong>T.</strong></span> <span class='ocrx_word' id='word_1_18' title='bbox 710 445 820 486; x_wconf 66' lang='lat' dir='ltr'><strong>Rsta</strong></span> <span class='ocrx_word' id='word_1_19' title='bbox 850 446 1131 486; x_wconf 75' lang='lat' dir='ltr'><strong>Paterm&#39;tas</strong></span> <span class='ocrx_word' id='word_1_20' title='bbox 1153 446 1283 486; x_wconf 77' lang='lat' dir='ltr'><strong>nobis</strong></span> <span class='ocrx_word' id='word_1_21' title='bbox 1304 447 1524 498; x_wconf 67' lang='lat' dir='ltr'><strong>exoptat)</strong></span> <span class='ocrx_word' id='word_1_22' title='bbox 1541 447 1632 488; x_wconf 89' lang='lat' dir='ltr'><strong>nisi</strong></span> <span class='ocrx_word' id='word_1_23' title='bbox 1652 448 1707 488; x_wconf 92' lang='lat' dir='ltr'><strong>de</strong></span> <span class='ocrx_word' id='word_1_24' title='bbox 1728 448 1816 489; x_wconf 90' lang='lat' dir='ltr'><strong>sin-</strong></span> 
     </span>
     <span class='ocr_line' id='line_1_4' title="bbox 193 516 1817 568; baseline 0.001 -11"><span class='ocrx_word' id='word_1_25' title='bbox 193 516 316 568; x_wconf 89' lang='lat' dir='ltr'><strong>gulis</strong></span> <span class='ocrx_word' id='word_1_26' title='bbox 348 516 517 567; x_wconf 73' lang='lat' dir='ltr'><strong>aleam,</strong></span> <span class='ocrx_word' id='word_1_27' title='bbox 539 522 711 568; x_wconf 86' lang='lat' dir='ltr'><strong>quanta</strong></span> <span class='ocrx_word' id='word_1_28' title='bbox 734 523 896 568; x_wconf 91' lang='lat' dir='ltr'><strong>potero</strong></span> <span class='ocrx_word' id='word_1_29' title='bbox 915 517 1152 557; x_wconf 81' lang='lat' dir='ltr'><strong>celeritate</strong></span> <span class='ocrx_word' id='word_1_30' title='bbox 1173 517 1418 568; x_wconf 69' lang='lat' dir='ltr'><strong>uerbisque</strong></span> <span class='ocrx_word' id='word_1_31' title='bbox 1440 529 1579 568; x_wconf 80' lang='lat' dir='ltr'><strong>quam</strong></span> <span class='ocrx_word' id='word_1_32' title='bbox 1601 518 1817 558; x_wconf 76' lang='lat' dir='ltr'><strong>breuissi-</strong></span> 
     </span>
     <span class='ocr_line' id='line_1_5' title="bbox 192 586 1102 639; baseline 0 -11"><span class='ocrx_word' id='word_1_33' title='bbox 192 587 301 638; x_wconf 81' lang='lat' dir='ltr'><strong>mz&#39;s,</strong></span> <span class='ocrx_word' id='word_1_34' title='bbox 321 586 607 638; x_wconf 75' lang='lat' dir='ltr'><strong>singulatim</strong></span> <span class='ocrx_word' id='word_1_35' title='bbox 629 598 788 628; x_wconf 81' lang='lat' dir='ltr'><strong>omnes</strong></span> <span class='ocrx_word' id='word_1_36' title='bbox 808 592 1102 639; x_wconf 70' lang='lat' dir='ltr'><em>percurram.</em></span> 
     </span>
    </p>

    <p class='ocr_par' dir='ltr' id='par_1_3' title="bbox 174 657 1817 2136">
     <span class='ocr_line' id='line_1_6' title="bbox 272 657 1817 710; baseline 0.002 -12"><span class='ocrx_word' id='word_1_37' title='bbox 272 657 453 699; x_wconf 82' lang='lat' dir='ltr'><strong>Primus</strong></span> <span class='ocrx_word' id='word_1_38' title='bbox 473 658 557 699; x_wconf 86' lang='lat' dir='ltr'><strong>fuit</strong></span> <span class='ocrx_word' id='word_1_39' title='bbox 575 657 751 699; x_wconf 91' lang='lat' dir='ltr'><strong>Doctor</strong></span> <span class='ocrx_word' id='word_1_40' title='bbox 768 659 881 699; x_wconf 90' lang='lat' dir='ltr'><strong>iuris</strong></span> <span class='ocrx_word' id='word_1_41' title='bbox 898 659 1128 710; x_wconf 86' lang='lat' dir='ltr'><strong>canonici,</strong></span> <span class='ocrx_word' id='word_1_42' title='bbox 1148 659 1333 700; x_wconf 91' lang='lat' dir='ltr'><strong>nomine</strong></span> <span class='ocrx_word' id='word_1_43' title='bbox 1353 658 1608 709; x_wconf 86' lang='lat' dir='ltr'><strong>Saauedra,</strong></span> <span class='ocrx_word' id='word_1_44' title='bbox 1628 661 1700 701; x_wconf 87' lang='lat' dir='ltr'><strong>uir</strong></span> <span class='ocrx_word' id='word_1_45' title='bbox 1716 664 1817 701; x_wconf 86' lang='lat' dir='ltr'><strong>tan-</strong></span> 
     </span>
     <span class='ocr_line' id='line_1_7' title="bbox 191 730 1817 783; baseline 0.001 -13"><span class='ocrx_word' id='word_1_46' title='bbox 191 730 254 770; x_wconf 81' lang='lat' dir='ltr'><strong>tis</strong></span> <span class='ocrx_word' id='word_1_47' title='bbox 274 730 441 771; x_wconf 90' lang='lat' dir='ltr'><strong>litteris</strong></span> <span class='ocrx_word' id='word_1_48' title='bbox 462 741 517 770; x_wconf 90' lang='lat' dir='ltr'><strong>ac</strong></span> <span class='ocrx_word' id='word_1_49' title='bbox 538 730 787 781; x_wconf 88' lang='lat' dir='ltr'><strong>grauitate,</strong></span> <span class='ocrx_word' id='word_1_50' title='bbox 813 736 860 770; x_wconf 91' lang='lat' dir='ltr'><strong>ut</strong></span> <span class='ocrx_word' id='word_1_51' title='bbox 883 742 975 770; x_wconf 91' lang='lat' dir='ltr'><strong>non</strong></span> <span class='ocrx_word' id='word_1_52' title='bbox 996 742 1174 783; x_wconf 84' lang='lat' dir='ltr'><strong>paucos</strong></span> <span class='ocrx_word' id='word_1_53' title='bbox 1196 743 1308 772; x_wconf 91' lang='lat' dir='ltr'><strong>suae</strong></span> <span class='ocrx_word' id='word_1_54' title='bbox 1335 731 1571 772; x_wconf 80' lang='lat' dir='ltr'>facultatis</span> <span class='ocrx_word' id='word_1_55' title='bbox 1599 731 1817 772; x_wconf 90' lang='lat' dir='ltr'><strong>doctores</strong></span> 
     </span>
     <span class='ocr_line' id='line_1_8' title="bbox 191 800 1817 854; baseline 0.001 -12"><span class='ocrx_word' id='word_1_56' title='bbox 191 800 422 853; x_wconf 92' lang='lat' dir='ltr'><strong>Compluti</strong></span> <span class='ocrx_word' id='word_1_57' title='bbox 443 800 666 852; x_wconf 79' lang='lat' dir='ltr'><strong>degentes</strong></span> <span class='ocrx_word' id='word_1_58' title='bbox 686 801 821 842; x_wconf 89' lang='lat' dir='ltr'><strong>facile</strong></span> <span class='ocrx_word' id='word_1_59' title='bbox 843 805 1112 853; x_wconf 75' lang='lat' dir='ltr'><strong>superaret:</strong></span> <span class='ocrx_word' id='word_1_60' title='bbox 1133 802 1170 842; x_wconf 88' lang='lat' dir='ltr'><strong>is</strong></span> <span class='ocrx_word' id='word_1_61' title='bbox 1192 802 1315 842; x_wconf 90' lang='lat' dir='ltr'><strong>enim</strong></span> <span class='ocrx_word' id='word_1_62' title='bbox 1336 808 1449 853; x_wconf 88' lang='lat' dir='ltr'><strong>erat,</strong></span> <span class='ocrx_word' id='word_1_63' title='bbox 1475 802 1533 843; x_wconf 91' lang='lat' dir='ltr'><strong>ad</strong></span> <span class='ocrx_word' id='word_1_64' title='bbox 1555 814 1691 854; x_wconf 85' lang='lat' dir='ltr'><strong>quem</strong></span> <span class='ocrx_word' id='word_1_65' title='bbox 1722 803 1817 843; x_wconf 85' lang='lat' dir='ltr'><strong>fere</strong></span> 
     </span>
     <span class='ocr_line' id='line_1_9' title="bbox 190 872 1815 926; baseline 0 -13"><span class='ocrx_word' id='word_1_66' title='bbox 190 873 344 914; x_wconf 89' lang='lat' dir='ltr'><strong>omnia</strong></span> <span class='ocrx_word' id='word_1_67' title='bbox 362 873 549 924; x_wconf 88' lang='lat' dir='ltr'><strong>negotia</strong></span> <span class='ocrx_word' id='word_1_68' title='bbox 565 873 732 924; x_wconf 88' lang='lat' dir='ltr'><strong>grauia</strong></span> <span class='ocrx_word' id='word_1_69' title='bbox 750 872 1090 922; x_wconf 88' lang='lat' dir='ltr'><strong>deferebantur,</strong></span> <span class='ocrx_word' id='word_1_70' title='bbox 1110 885 1247 926; x_wconf 91' lang='lat' dir='ltr'><strong>quem</strong></span> <span class='ocrx_word' id='word_1_71' title='bbox 1264 873 1310 913; x_wconf 92' lang='lat' dir='ltr'><strong>in</strong></span> <span class='ocrx_word' id='word_1_72' title='bbox 1328 873 1466 914; x_wconf 89' lang='lat' dir='ltr'><strong>rebus</strong></span> <span class='ocrx_word' id='word_1_73' title='bbox 1483 873 1634 915; x_wconf 90' lang='lat' dir='ltr'><strong>dubiis</strong></span> <span class='ocrx_word' id='word_1_74' title='bbox 1652 885 1815 914; x_wconf 90' lang='lat' dir='ltr'><strong>consu-</strong></span> 
     </span>
     <span class='ocr_line' id='line_1_10' title="bbox 189 944 1816 995; baseline 0.001 -11"><span class='ocrx_word' id='word_1_75' title='bbox 189 944 357 994; x_wconf 88' lang='lat' dir='ltr'><strong>lebant,</strong></span> <span class='ocrx_word' id='word_1_76' title='bbox 383 944 625 984; x_wconf 78' lang='lat' dir='ltr'><strong>sumebant</strong></span> <span class='ocrx_word' id='word_1_77' title='bbox 647 944 943 995; x_wconf 85' lang='lat' dir='ltr'><strong>aduocatum,</strong></span> <span class='ocrx_word' id='word_1_78' title='bbox 968 945 1315 985; x_wconf 83' lang='lat' dir='ltr'><strong>constituebant</strong></span> <span class='ocrx_word' id='word_1_79' title='bbox 1342 944 1556 995; x_wconf 88' lang='lat' dir='ltr'><strong>iudicem,</strong></span> <span class='ocrx_word' id='word_1_80' title='bbox 1581 956 1717 995; x_wconf 89' lang='lat' dir='ltr'><strong>quem</strong></span> <span class='ocrx_word' id='word_1_81' title='bbox 1738 944 1816 985; x_wconf 90' lang='lat' dir='ltr'><strong>ha·</strong></span> 
     </span>
     <span class='ocr_line' id='line_1_11' title="bbox 188 1015 1817 1067; baseline 0.001 -12"><span class='ocrx_word' id='word_1_82' title='bbox 188 1015 357 1056; x_wconf 89' lang='lat' dir='ltr'><strong>bebant</strong></span> <span class='ocrx_word' id='word_1_83' title='bbox 378 1015 584 1056; x_wconf 90' lang='lat' dir='ltr'><strong>omnium</strong></span> <span class='ocrx_word' id='word_1_84' title='bbox 605 1015 1070 1066; x_wconf 87' lang='lat' dir='ltr'><strong>exercitatissimum,</strong></span> <span class='ocrx_word' id='word_1_85' title='bbox 1093 1015 1377 1067; x_wconf 88' lang='lat' dir='ltr'><strong>proindeque</strong></span> <span class='ocrx_word' id='word_1_86' title='bbox 1409 1015 1744 1056; x_wconf 86' lang='lat' dir='ltr'><strong>dexterrimum</strong></span> <span class='ocrx_word' id='word_1_87' title='bbox 1770 1015 1817 1055; x_wconf 91' lang='lat' dir='ltr'><strong>in</strong></span> 
     </span>
     <span class='ocr_line' id='line_1_12' title="bbox 188 1086 1817 1138; baseline 0 -12"><span class='ocrx_word' id='word_1_88' title='bbox 188 1086 260 1136; x_wconf 92' lang='lat' dir='ltr'><strong>iis,</strong></span> <span class='ocrx_word' id='word_1_89' title='bbox 293 1098 410 1138; x_wconf 91' lang='lat' dir='ltr'><strong>quae</strong></span> <span class='ocrx_word' id='word_1_90' title='bbox 437 1086 496 1126; x_wconf 88' lang='lat' dir='ltr'><strong>ad</strong></span> <span class='ocrx_word' id='word_1_91' title='bbox 522 1086 667 1138; x_wconf 90' lang='lat' dir='ltr'><strong>ipsius</strong></span> <span class='ocrx_word' id='word_1_92' title='bbox 697 1086 965 1127; x_wconf 79' lang='lat' dir='ltr'><strong>facultatem</strong></span> <span class='ocrx_word' id='word_1_93' title='bbox 990 1086 1306 1138; x_wconf 79' lang='lat' dir='ltr'><strong>pertinebant:</strong></span> <span class='ocrx_word' id='word_1_94' title='bbox 1338 1092 1382 1126; x_wconf 93' lang='lat' dir='ltr'><strong>et</strong></span> <span class='ocrx_word' id='word_1_95' title='bbox 1403 1086 1525 1138; x_wconf 92' lang='lat' dir='ltr'><strong>quod</strong></span> <span class='ocrx_word' id='word_1_96' title='bbox 1546 1092 1615 1127; x_wconf 89' lang='lat' dir='ltr'><strong>est</strong></span> <span class='ocrx_word' id='word_1_97' title='bbox 1636 1086 1817 1127; x_wconf 76' lang='lat' dir='ltr'><strong>cunctis</strong></span> 
     </span>
     <span class='ocr_line' id='line_1_13' title="bbox 187 1156 1815 1209; baseline 0.001 -12"><span class='ocrx_word' id='word_1_98' title='bbox 187 1156 301 1197; x_wconf 78' lang='lat' dir='ltr'><strong>aliis</strong></span> <span class='ocrx_word' id='word_1_99' title='bbox 320 1157 508 1197; x_wconf 80' lang='lat' dir='ltr'><strong>dotibus</strong></span> <span class='ocrx_word' id='word_1_100' title='bbox 527 1161 570 1197; x_wconf 87' lang='lat' dir='ltr'><strong>et</strong></span> <span class='ocrx_word' id='word_1_101' title='bbox 591 1157 807 1208; x_wconf 67' lang='lat' dir='ltr'><strong>corporis</strong></span> <span class='ocrx_word' id='word_1_102' title='bbox 827 1160 870 1197; x_wconf 86' lang='lat' dir='ltr'><strong>et</strong></span> <span class='ocrx_word' id='word_1_103' title='bbox 892 1156 1042 1197; x_wconf 77' lang='lat' dir='ltr'><strong>animi</strong></span> <span class='ocrx_word' id='word_1_104' title='bbox 1059 1156 1448 1209; x_wconf 85' lang='lat' dir='ltr'><strong>anteponendum,</strong></span> <span class='ocrx_word' id='word_1_105' title='bbox 1473 1164 1574 1198; x_wconf 88' lang='lat' dir='ltr'><strong>erat</strong></span> <span class='ocrx_word' id='word_1_106' title='bbox 1601 1158 1647 1198; x_wconf 92' lang='lat' dir='ltr'><strong>in</strong></span> <span class='ocrx_word' id='word_1_107' title='bbox 1678 1158 1815 1199; x_wconf 86' lang='lat' dir='ltr'><strong>rebus</strong></span> 
     </span>
     <span class='ocr_line' id='line_1_14' title="bbox 188 1228 1815 1281; baseline 0.001 -13"><span class='ocrx_word' id='word_1_108' title='bbox 188 1228 440 1269; x_wconf 90' lang='lat' dir='ltr'><strong>christiane</strong></span> <span class='ocrx_word' id='word_1_109' title='bbox 478 1240 754 1280; x_wconf 78' lang='lat' dir='ltr'><strong>summaque</strong></span> <span class='ocrx_word' id='word_1_110' title='bbox 792 1240 898 1269; x_wconf 89' lang='lat' dir='ltr'><strong>cum</strong></span> <span class='ocrx_word' id='word_1_111' title='bbox 943 1229 1229 1269; x_wconf 90' lang='lat' dir='ltr'><strong>conscientia</strong></span> <span class='ocrx_word' id='word_1_112' title='bbox 1276 1228 1535 1269; x_wconf 85' lang='lat' dir='ltr'><strong>tractandis</strong></span> <span class='ocrx_word' id='word_1_113' title='bbox 1580 1230 1815 1281; x_wconf 84' lang='lat' dir='ltr'><strong>specimen</strong></span> 
     </span>
     <span class='ocr_line' id='line_1_15' title="bbox 187 1299 1815 1352; baseline 0.001 -12"><span class='ocrx_word' id='word_1_114' title='bbox 187 1300 467 1351; x_wconf 72' lang='lat' dir='ltr'><strong>omnigenae</strong></span> <span class='ocrx_word' id='word_1_115' title='bbox 488 1300 687 1340; x_wconf 76' lang='lat' dir='ltr'><strong>uirtutis</strong></span> <span class='ocrx_word' id='word_1_116' title='bbox 704 1301 958 1352; x_wconf 88' lang='lat' dir='ltr'><strong>exemplar.</strong></span> <span class='ocrx_word' id='word_1_117' title='bbox 978 1299 1157 1352; x_wconf 87' lang='lat' dir='ltr'><strong>Quippe</strong></span> <span class='ocrx_word' id='word_1_118' title='bbox 1179 1300 1270 1352; x_wconf 91' lang='lat' dir='ltr'><strong>qui,</strong></span> <span class='ocrx_word' id='word_1_119' title='bbox 1291 1300 1389 1341; x_wconf 78' lang='lat' dir='ltr'><strong>nz‘sz&#39;</strong></span> <span class='ocrx_word' id='word_1_120' title='bbox 1404 1311 1547 1340; x_wconf 82' lang='lat' dir='ltr'><strong>vnam</strong></span> <span class='ocrx_word' id='word_1_121' title='bbox 1570 1300 1815 1342; x_wconf 89' lang='lat' dir='ltr'><strong>ueritatem</strong></span> 
     </span>
     <span class='ocr_line' id='line_1_16' title="bbox 186 1370 1812 1423; baseline 0.001 -12"><span class='ocrx_word' id='word_1_122' title='bbox 186 1371 443 1421; x_wconf 78' lang='lat' dir='ltr'><strong>tutandam,</strong></span> <span class='ocrx_word' id='word_1_123' title='bbox 467 1370 584 1411; x_wconf 72' lang='lat' dir='ltr'><strong>m‘lzc&#39;t</strong></span> <span class='ocrx_word' id='word_1_124' title='bbox 605 1371 877 1423; x_wconf 89' lang='lat' dir='ltr'><strong>susciperet,</strong></span> <span class='ocrx_word' id='word_1_125' title='bbox 901 1378 944 1411; x_wconf 92' lang='lat' dir='ltr'><strong>et</strong></span> <span class='ocrx_word' id='word_1_126' title='bbox 967 1371 1026 1412; x_wconf 91' lang='lat' dir='ltr'><strong>ad</strong></span> <span class='ocrx_word' id='word_1_127' title='bbox 1047 1383 1095 1411; x_wconf 91' lang='lat' dir='ltr'><strong>se</strong></span> <span class='ocrx_word' id='word_1_128' title='bbox 1118 1371 1188 1411; x_wconf 88' lang='lat' dir='ltr'><strong>sui</strong></span> <span class='ocrx_word' id='word_1_129' title='bbox 1216 1371 1488 1412; x_wconf 89' lang='lat' dir='ltr'><strong>consulendi</strong></span> <span class='ocrx_word' id='word_1_130' title='bbox 1507 1372 1662 1423; x_wconf 87' lang='lat' dir='ltr'><strong>gratia</strong></span> <span class='ocrx_word' id='word_1_131' title='bbox 1684 1384 1812 1414; x_wconf 88' lang='lat' dir='ltr'><strong>acce-</strong></span> 
     </span>
     <span class='ocr_line' id='line_1_17' title="bbox 185 1442 1813 1496; baseline 0.001 -13"><span class='ocrx_word' id='word_1_132' title='bbox 185 1442 411 1493; x_wconf 81' lang='lat' dir='ltr'><strong>dentibuS,</strong></span> <span class='ocrx_word' id='word_1_133' title='bbox 433 1443 541 1495; x_wconf 90' lang='lat' dir='ltr'><strong>quid</strong></span> <span class='ocrx_word' id='word_1_134' title='bbox 558 1442 783 1483; x_wconf 84' lang='lat' dir='ltr'><strong>haberent</strong></span> <span class='ocrx_word' id='word_1_135' title='bbox 801 1442 1018 1493; x_wconf 88' lang='lat' dir='ltr'><strong>iustitiae,</strong></span> <span class='ocrx_word' id='word_1_136' title='bbox 1039 1442 1148 1494; x_wconf 91' lang='lat' dir='ltr'><strong>quid</strong></span> <span class='ocrx_word' id='word_1_137' title='bbox 1160 1443 1318 1484; x_wconf 90' lang='lat' dir='ltr'><strong>iniusti</strong></span> <span class='ocrx_word' id='word_1_138' title='bbox 1328 1442 1652 1494; x_wconf 76' lang='lat' dir='ltr'><strong>postularent,</strong></span> <span class='ocrx_word' id='word_1_139' title='bbox 1664 1448 1813 1496; x_wconf 85' lang='lat' dir='ltr'><strong>prout</strong></span> 
     </span>
     <span class='ocr_line' id='line_1_18' title="bbox 186 1513 1813 1565; baseline 0.002 -13"><span class='ocrx_word' id='word_1_140' title='bbox 186 1513 278 1553; x_wconf 76' lang='lat' dir='ltr'><strong>sibi</strong></span> <span class='ocrx_word' id='word_1_141' title='bbox 303 1514 574 1565; x_wconf 76' lang='lat' dir='ltr'><strong>videbatur,</strong></span> <span class='ocrx_word' id='word_1_142' title='bbox 600 1513 772 1565; x_wconf 84' lang='lat' dir='ltr'><strong>absque</strong></span> <span class='ocrx_word' id='word_1_143' title='bbox 801 1514 892 1554; x_wconf 90' lang='lat' dir='ltr'><strong>ullo</strong></span> <span class='ocrx_word' id='word_1_144' title='bbox 919 1513 1026 1554; x_wconf 88' lang='lat' dir='ltr'><strong>fuco</strong></span> <span class='ocrx_word' id='word_1_145' title='bbox 1061 1514 1280 1555; x_wconf 70' lang='lat' dir='ltr'><strong>ueritatis</strong></span> <span class='ocrx_word' id='word_1_146' title='bbox 1308 1514 1592 1555; x_wconf 84' lang='lat' dir='ltr'><strong>declararet:</strong></span> <span class='ocrx_word' id='word_1_147' title='bbox 1626 1514 1668 1555; x_wconf 80' lang='lat' dir='ltr'><strong>z&#39;s</strong></span> <span class='ocrx_word' id='word_1_148' title='bbox 1702 1514 1813 1555; x_wconf 82' lang='lat' dir='ltr'><strong>oltm</strong></span> 
     </span>
     <span class='ocr_line' id='line_1_19' title="bbox 183 1584 1810 1639; baseline 0.001 -14"><span class='ocrx_word' id='word_1_149' title='bbox 183 1596 385 1625; x_wconf 82' lang='lat' dir='ltr'><strong>vxorem</strong></span> <span class='ocrx_word' id='word_1_150' title='bbox 406 1586 633 1635; x_wconf 78' lang='lat' dir='ltr'><strong>duxerat,</strong></span> <span class='ocrx_word' id='word_1_151' title='bbox 654 1586 737 1625; x_wconf 80' lang='lat' dir='ltr'><strong>sed</strong></span> <span class='ocrx_word' id='word_1_152' title='bbox 757 1596 896 1636; x_wconf 80' lang='lat' dir='ltr'><strong>qnam</strong></span> <span class='ocrx_word' id='word_1_153' title='bbox 917 1597 1047 1625; x_wconf 77' lang='lat' dir='ltr'><strong>mors</strong></span> <span class='ocrx_word' id='word_1_154' title='bbox 1064 1584 1229 1625; x_wconf 73' lang='lat' dir='ltr'><strong>abhinc</strong></span> <span class='ocrx_word' id='word_1_155' title='bbox 1245 1585 1446 1637; x_wconf 68' lang='lat' dir='ltr'><strong>quinque</strong></span> <span class='ocrx_word' id='word_1_156' title='bbox 1462 1586 1604 1626; x_wconf 72' lang='lat' dir='ltr'><strong>annis</strong></span> <span class='ocrx_word' id='word_1_157' title='bbox 1621 1592 1810 1639; x_wconf 76' lang='lat' dir='ltr'><strong>occupa-</strong></span> 
     </span>
     <span class='ocr_line' id='line_1_20' title="bbox 182 1656 1811 1709; baseline 0.001 -13"><span class='ocrx_word' id='word_1_158' title='bbox 182 1656 271 1707; x_wconf 80' lang='lat' dir='ltr'><strong>uit,</strong></span> <span class='ocrx_word' id='word_1_159' title='bbox 297 1660 406 1697; x_wconf 89' lang='lat' dir='ltr'><strong>ante</strong></span> <span class='ocrx_word' id='word_1_160' title='bbox 433 1656 567 1697; x_wconf 76' lang='lat' dir='ltr'><strong>cuins</strong></span> <span class='ocrx_word' id='word_1_161' title='bbox 595 1656 786 1707; x_wconf 70' lang='lat' dir='ltr'><strong>obitum,</strong></span> <span class='ocrx_word' id='word_1_162' title='bbox 821 1657 971 1697; x_wconf 77' lang='lat' dir='ltr'><strong>nescio</strong></span> <span class='ocrx_word' id='word_1_163' title='bbox 1009 1657 1143 1697; x_wconf 74' lang='lat' dir='ltr'><em>cuius</em></span> <span class='ocrx_word' id='word_1_164' title='bbox 1178 1668 1345 1707; x_wconf 73' lang='lat' dir='ltr'><strong>suasa,</strong></span> <span class='ocrx_word' id='word_1_165' title='bbox 1380 1657 1554 1709; x_wconf 78' lang='lat' dir='ltr'><strong>accepit</strong></span> <span class='ocrx_word' id='word_1_166' title='bbox 1583 1657 1811 1699; x_wconf 70' lang='lat' dir='ltr'><strong>exercitia</strong></span> 
     </span>
     <span class='ocr_line' id='line_1_21' title="bbox 181 1727 1810 1780; baseline 0.001 -13"><span class='ocrx_word' id='word_1_167' title='bbox 181 1727 480 1779; x_wconf 67' lang='lat' dir='ltr'><strong>spt&#39;rz&#39;tualt&#39;a,⁴</strong></span> <span class='ocrx_word' id='word_1_168' title='bbox 499 1731 543 1768; x_wconf 88' lang='lat' dir='ltr'><strong>et</strong></span> <span class='ocrx_word' id='word_1_169' title='bbox 564 1727 669 1769; x_wconf 75' lang='lat' dir='ltr'><strong>licet</strong></span> <span class='ocrx_word' id='word_1_170' title='bbox 689 1728 852 1768; x_wconf 73' lang='lat' dir='ltr'><strong>statim</strong></span> <span class='ocrx_word' id='word_1_171' title='bbox 875 1732 1013 1780; x_wconf 79' lang='lat' dir='ltr'><strong>atque</strong></span> <span class='ocrx_word' id='word_1_172' title='bbox 1041 1740 1169 1769; x_wconf 69' lang='lat' dir='ltr'><strong>uxor</strong></span> <span class='ocrx_word' id='word_1_173' title='bbox 1189 1728 1290 1769; x_wconf 73' lang='lat' dir='ltr'><strong>eins</strong></span> <span class='ocrx_word' id='word_1_174' title='bbox 1319 1728 1499 1769; x_wconf 75' lang='lat' dir='ltr'><strong>intersit</strong></span> <span class='ocrx_word' id='word_1_175' title='bbox 1519 1761 1526 1772; x_wconf 91' lang='lat'><strong>.</strong></span> <span class='ocrx_word' id='word_1_176' title='bbox 1547 1733 1599 1769; x_wconf 83' lang='lat' dir='ltr'><strong>ut</strong></span> <span class='ocrx_word' id='word_1_177' title='bbox 1624 1729 1716 1769; x_wconf 70' lang='lat' dir='ltr'><strong>sibe·</strong></span> <span class='ocrx_word' id='word_1_178' title='bbox 1732 1730 1810 1769; x_wconf 82' lang='lat' dir='ltr'><strong>a&#39;a-</strong></span> 
     </span>
     <span class='ocr_line' id='line_1_22' title="bbox 183 1799 1811 1852; baseline 0.002 -14"><span class='ocrx_word' id='word_1_179' title='bbox 183 1802 317 1839; x_wconf 81' lang='lat' dir='ltr'><strong>retur</strong></span> <span class='ocrx_word' id='word_1_180' title='bbox 343 1799 475 1840; x_wconf 80' lang='lat' dir='ltr'><strong>loczts</strong></span> <span class='ocrx_word' id='word_1_181' title='bbox 503 1799 627 1839; x_wconf 70' lang='lat' dir='ltr'><strong>[nter</strong></span> <span class='ocrx_word' id='word_1_182' title='bbox 659 1803 851 1840; x_wconf 74' lang='lat' dir='ltr'><strong>nostros</strong></span> <span class='ocrx_word' id='word_1_183' title='bbox 881 1799 1081 1840; x_wconf 72' lang='lat' dir='ltr'><strong>summis</strong></span> <span class='ocrx_word' id='word_1_184' title='bbox 1108 1800 1327 1851; x_wconf 78' lang='lat' dir='ltr'><strong>precibus</strong></span> <span class='ocrx_word' id='word_1_185' title='bbox 1361 1800 1685 1852; x_wconf 74' lang='lat' dir='ltr'><strong>efflagitauit,</strong></span> <span class='ocrx_word' id='word_1_186' title='bbox 1712 1801 1811 1849; x_wconf 78' lang='lat' dir='ltr'><strong>sed,</strong></span> 
     </span>
     <span class='ocr_line' id='line_1_23' title="bbox 182 1870 1809 1924; baseline 0.001 -14"><span class='ocrx_word' id='word_1_187' title='bbox 182 1870 292 1922; x_wconf 79' lang='lat' dir='ltr'><strong>quia</strong></span> <span class='ocrx_word' id='word_1_188' title='bbox 325 1870 393 1911; x_wconf 75' lang='lat' dir='ltr'><strong>ita</strong></span> <span class='ocrx_word' id='word_1_189' title='bbox 424 1870 582 1911; x_wconf 80' lang='lat' dir='ltr'><strong>nz&#39;smn</strong></span> <span class='ocrx_word' id='word_1_190' title='bbox 609 1874 679 1911; x_wconf 77' lang='lat' dir='ltr'><strong>cst</strong></span> <span class='ocrx_word' id='word_1_191' title='bbox 701 1874 934 1922; x_wconf 83' lang='lat' dir='ltr'><strong>oportere,</strong></span> <span class='ocrx_word' id='word_1_192' title='bbox 954 1871 1254 1922; x_wconf 74' lang='lat' dir='ltr'><strong>desyderium</strong></span> <span class='ocrx_word' id='word_1_193' title='bbox 1281 1871 1382 1912; x_wconf 77' lang='lat' dir='ltr'><strong>eins</strong></span> <span class='ocrx_word' id='word_1_194' title='bbox 1402 1871 1605 1912; x_wconf 77' lang='lat' dir='ltr'><strong>maltum</strong></span> <span class='ocrx_word' id='word_1_195' title='bbox 1625 1875 1809 1924; x_wconf 73' lang='lat' dir='ltr'><strong>tempus</strong></span> 
     </span>
     <span class='ocr_line' id='line_1_24' title="bbox 184 1941 1809 1995; baseline 0.001 -14"><span class='ocrx_word' id='word_1_196' title='bbox 184 1952 331 1993; x_wconf 79' lang='lat' dir='ltr'><strong>usque</strong></span> <span class='ocrx_word' id='word_1_197' title='bbox 347 1942 408 1982; x_wconf 85' lang='lat' dir='ltr'><strong>ad</strong></span> <span class='ocrx_word' id='word_1_198' title='bbox 424 1941 510 1982; x_wconf 75' lang='lat' dir='ltr'><strong>hos</strong></span> <span class='ocrx_word' id='word_1_199' title='bbox 526 1953 710 1981; x_wconf 75' lang='lat' dir='ltr'><strong>menses</strong></span> <span class='ocrx_word' id='word_1_200' title='bbox 716 1942 821 1992; x_wconf 79' lang='lat' dir='ltr'><strong>fuit</strong></span> <span class='ocrx_word' id='word_1_201' title='bbox 837 1954 864 1982; x_wconf 92' lang='lat' dir='ltr'><strong>a</strong></span> <span class='ocrx_word' id='word_1_202' title='bbox 883 1943 1033 1982; x_wconf 84' lang='lat' dir='ltr'><strong>Patre</strong></span> <span class='ocrx_word' id='word_1_203' title='bbox 1053 1941 1300 1982; x_wconf 73' lang='lat' dir='ltr'><strong>Villanoua</strong></span> <span class='ocrx_word' id='word_1_204' title='bbox 1318 1942 1543 1993; x_wconf 64' lang='lat' dir='ltr'><strong>dilatata,-</strong></span> <span class='ocrx_word' id='word_1_205' title='bbox 1559 1943 1809 1995; x_wconf 76' lang='lat' dir='ltr'><strong>qza&#39;secum</strong></span> 
     </span>
     <span class='ocr_line' id='line_1_25' title="bbox 181 2012 1807 2066; baseline 0.002 -14"><span class='ocrx_word' id='word_1_206' title='bbox 181 2024 284 2053; x_wconf 77' lang='lat' dir='ltr'><strong>eum</strong></span> <span class='ocrx_word' id='word_1_207' title='bbox 306 2014 441 2053; x_wconf 81' lang='lat' dir='ltr'><strong>modo</strong></span> <span class='ocrx_word' id='word_1_208' title='bbox 464 2012 769 2053; x_wconf 64' lang='lat' dir='ltr'><strong>Plazentiam</strong></span> <span class='ocrx_word' id='word_1_209' title='bbox 791 2013 983 2063; x_wconf 64' lang='lat' dir='ltr'><strong>(tendit,-</strong></span> <span class='ocrx_word' id='word_1_210' title='bbox 1000 2013 1164 2054; x_wconf 76' lang='lat' dir='ltr'><strong>o&#39;ez&#39;nde</strong></span> <span class='ocrx_word' id='word_1_211' title='bbox 1178 2019 1268 2065; x_wconf 88' lang='lat' dir='ltr'><strong>per</strong></span> <span class='ocrx_word' id='word_1_212' title='bbox 1288 2013 1516 2066; x_wconf 75' lang='lat' dir='ltr'><strong>epistolas</strong></span> <span class='ocrx_word' id='word_1_213' title='bbox 1532 2026 1636 2055; x_wconf 79' lang='lat' dir='ltr'><strong>eurn</strong></span> <span class='ocrx_word' id='word_1_214' title='bbox 1657 2025 1807 2055; x_wconf 79' lang='lat' dir='ltr'><strong>susce·</strong></span> 
     </span>
     <span class='ocr_line' id='line_1_26' title="bbox 174 2083 1433 2136; baseline 0.002 -13"><span class='ocrx_word' id='word_1_215' title='bbox 174 2083 306 2136; x_wconf 76' lang='lat' dir='ltr'><strong>pz&#39;sse</strong></span> <span class='ocrx_word' id='word_1_216' title='bbox 326 2084 420 2124; x_wconf 75' lang='lat' dir='ltr'><strong>iarn</strong></span> <span class='ocrx_word' id='word_1_217' title='bbox 454 2083 716 2124; x_wconf 76' lang='lat' dir='ltr'><strong>Vallz‘solett&#39;</strong></span> <span class='ocrx_word' id='word_1_218' title='bbox 732 2095 898 2125; x_wconf 76' lang='lat' dir='ltr'><strong>sacros</strong></span> <span class='ocrx_word' id='word_1_219' title='bbox 920 2085 1111 2125; x_wconf 74' lang='lat' dir='ltr'><strong>ordines</strong></span> <span class='ocrx_word' id='word_1_220' title='bbox 1138 2084 1433 2126; x_wconf 77' lang='lat' dir='ltr'><strong>resce&#39;za&#39;mns.</strong></span> 
     </span>
    </p>

    <p class='ocr_par' dir='ltr' id='par_1_4' title="bbox 164 2155 1807 2637">
     <span class='ocr_line' id='line_1_27' title="bbox 259 2155 1807 2210; baseline 0.002 -14"><span class='ocrx_word' id='word_1_221' title='bbox 259 2155 436 2196; x_wconf 92' lang='lat' dir='ltr'><strong>Doctor</strong></span> <span class='ocrx_word' id='word_1_222' title='bbox 457 2156 597 2197; x_wconf 91' lang='lat' dir='ltr'><strong>etiam</strong></span> <span class='ocrx_word' id='word_1_223' title='bbox 618 2156 751 2208; x_wconf 81' lang='lat' dir='ltr'><strong>aliuS,</strong></span> <span class='ocrx_word' id='word_1_224' title='bbox 774 2157 1078 2198; x_wconf 84' lang='lat' dir='ltr'><strong>concionator</strong></span> <span class='ocrx_word' id='word_1_225' title='bbox 1095 2157 1308 2208; x_wconf 85' lang='lat' dir='ltr'><strong>eximius,</strong></span> <span class='ocrx_word' id='word_1_226' title='bbox 1330 2163 1547 2210; x_wconf 89' lang='lat' dir='ltr'><strong>receptus</strong></span> <span class='ocrx_word' id='word_1_227' title='bbox 1567 2165 1650 2208; x_wconf 92' lang='lat' dir='ltr'><strong>est,</strong></span> <span class='ocrx_word' id='word_1_228' title='bbox 1675 2159 1807 2199; x_wconf 89' lang='lat' dir='ltr'><strong>cuius</strong></span> 
     </span>
     <span class='ocr_line' id='line_1_28' title="bbox 180 2227 1805 2281; baseline 0.002 -14"><span class='ocrx_word' id='word_1_229' title='bbox 180 2238 348 2268; x_wconf 89' lang='lat' dir='ltr'><strong>nomen</strong></span> <span class='ocrx_word' id='word_1_230' title='bbox 370 2238 451 2279; x_wconf 88' lang='lat' dir='ltr'><strong>per</strong></span> <span class='ocrx_word' id='word_1_231' title='bbox 473 2227 742 2268; x_wconf 85' lang='lat' dir='ltr'><strong>vniuersam</strong></span> <span class='ocrx_word' id='word_1_232' title='bbox 764 2227 995 2269; x_wconf 86' lang='lat' dir='ltr'><strong>Castellae</strong></span> <span class='ocrx_word' id='word_1_233' title='bbox 1011 2228 1300 2280; x_wconf 88' lang='lat' dir='ltr'><strong>prouinciam</strong></span> <span class='ocrx_word' id='word_1_234' title='bbox 1322 2234 1419 2269; x_wconf 90' lang='lat' dir='ltr'><strong>tam</strong></span> <span class='ocrx_word' id='word_1_235' title='bbox 1434 2229 1526 2270; x_wconf 88' lang='lat' dir='ltr'><strong>late</strong></span> <span class='ocrx_word' id='word_1_236' title='bbox 1547 2229 1805 2281; x_wconf 82' lang='lat' dir='ltr'><strong>dz&#39;nagaba-</strong></span> 
     </span>
     <span class='ocr_line' id='line_1_29' title="bbox 180 2298 1807 2352; baseline 0.002 -14"><span class='ocrx_word' id='word_1_237' title='bbox 180 2302 279 2349; x_wconf 82' lang='lat' dir='ltr'><strong>tur,</strong></span> <span class='ocrx_word' id='word_1_238' title='bbox 300 2304 349 2339; x_wconf 89' lang='lat' dir='ltr'><strong>ut</strong></span> <span class='ocrx_word' id='word_1_239' title='bbox 370 2299 507 2350; x_wconf 91' lang='lat' dir='ltr'><strong>pauci</strong></span> <span class='ocrx_word' id='word_1_240' title='bbox 530 2298 779 2339; x_wconf 89' lang='lat' dir='ltr'><strong>admodum</strong></span> <span class='ocrx_word' id='word_1_241' title='bbox 800 2305 969 2351; x_wconf 88' lang='lat' dir='ltr'><strong>essent,</strong></span> <span class='ocrx_word' id='word_1_242' title='bbox 993 2300 1070 2351; x_wconf 90' lang='lat' dir='ltr'><strong>qui</strong></span> <span class='ocrx_word' id='word_1_243' title='bbox 1092 2301 1165 2340; x_wconf 90' lang='lat' dir='ltr'><strong>uel</strong></span> <span class='ocrx_word' id='word_1_244' title='bbox 1186 2299 1242 2341; x_wconf 96' lang='lat' dir='ltr'><strong>de</strong></span> <span class='ocrx_word' id='word_1_245' title='bbox 1264 2300 1568 2342; x_wconf 89' lang='lat' dir='ltr'><strong>concionibus</strong></span> <span class='ocrx_word' id='word_1_246' title='bbox 1589 2301 1709 2352; x_wconf 86' lang='lat' dir='ltr'><strong>eius,</strong></span> <span class='ocrx_word' id='word_1_247' title='bbox 1733 2303 1807 2342; x_wconf 91' lang='lat' dir='ltr'><strong>uel</strong></span> 
     </span>
     <span class='ocr_line' id='line_1_30' title="bbox 179 2369 1806 2424; baseline 0.002 -15"><span class='ocrx_word' id='word_1_248' title='bbox 179 2369 234 2410; x_wconf 92' lang='lat' dir='ltr'><strong>de</strong></span> <span class='ocrx_word' id='word_1_249' title='bbox 269 2370 393 2422; x_wconf 81' lang='lat' dir='ltr'><strong>uitae</strong></span> <span class='ocrx_word' id='word_1_250' title='bbox 421 2370 731 2410; x_wconf 87' lang='lat' dir='ltr'><strong>sanctimonia</strong></span> <span class='ocrx_word' id='word_1_251' title='bbox 761 2382 851 2411; x_wconf 92' lang='lat' dir='ltr'><strong>non</strong></span> <span class='ocrx_word' id='word_1_252' title='bbox 881 2371 1135 2412; x_wconf 85' lang='lat' dir='ltr'><strong>audissent:</strong></span> <span class='ocrx_word' id='word_1_253' title='bbox 1172 2371 1227 2422; x_wconf 87' lang='lat' dir='ltr'><strong>is,</strong></span> <span class='ocrx_word' id='word_1_254' title='bbox 1257 2371 1414 2412; x_wconf 91' lang='lat' dir='ltr'><strong>statim</strong></span> <span class='ocrx_word' id='word_1_255' title='bbox 1447 2378 1586 2424; x_wconf 90' lang='lat' dir='ltr'><strong>atque</strong></span> <span class='ocrx_word' id='word_1_256' title='bbox 1614 2384 1640 2412; x_wconf 92' lang='lat' dir='ltr'><strong>a</strong></span> <span class='ocrx_word' id='word_1_257' title='bbox 1668 2372 1806 2413; x_wconf 88' lang='lat' dir='ltr'><strong>Patre</strong></span> 
     </span>
     <span class='ocr_line' id='line_1_31' title="bbox 177 2439 1804 2493; baseline 0.002 -13"><span class='ocrx_word' id='word_1_258' title='bbox 177 2439 426 2482; x_wconf 90' lang='lat' dir='ltr'><strong>Villanoua</strong></span> <span class='ocrx_word' id='word_1_259' title='bbox 448 2441 532 2482; x_wconf 89' lang='lat' dir='ltr'><strong>fuit</strong></span> <span class='ocrx_word' id='word_1_260' title='bbox 553 2440 801 2493; x_wconf 87' lang='lat' dir='ltr'><strong>admissus,</strong></span> <span class='ocrx_word' id='word_1_261' title='bbox 824 2441 1053 2483; x_wconf 85' lang='lat' dir='ltr'><strong>Murciam</strong></span> <span class='ocrx_word' id='word_1_262' title='bbox 1081 2454 1187 2483; x_wconf 83' lang='lat' dir='ltr'><strong>cum</strong></span> <span class='ocrx_word' id='word_1_263' title='bbox 1217 2442 1266 2483; x_wconf 87' lang='lat' dir='ltr'><strong>P.</strong></span> <span class='ocrx_word' id='word_1_264' title='bbox 1299 2443 1400 2483; x_wconf 71' lang='lat' dir='ltr'><strong>D.re</strong></span> <span class='ocrx_word' id='word_1_265' title='bbox 1425 2443 1604 2484; x_wconf 90' lang='lat' dir='ltr'><strong>Mirone</strong></span> <span class='ocrx_word' id='word_1_266' title='bbox 1636 2444 1804 2485; x_wconf 89' lang='lat' dir='ltr'><strong>missus</strong></span> 
     </span>
     <span class='ocr_line' id='line_1_32' title="bbox 178 2511 1804 2565; baseline 0.002 -13"><span class='ocrx_word' id='word_1_267' title='bbox 178 2518 261 2563; x_wconf 89' lang='lat' dir='ltr'><strong>est,</strong></span> <span class='ocrx_word' id='word_1_268' title='bbox 284 2511 496 2564; x_wconf 88' lang='lat' dir='ltr'><strong>idemque</strong></span> <span class='ocrx_word' id='word_1_269' title='bbox 517 2524 677 2553; x_wconf 90' lang='lat' dir='ltr'><strong>secum</strong></span> <span class='ocrx_word' id='word_1_270' title='bbox 698 2512 860 2554; x_wconf 91' lang='lat' dir='ltr'><strong>detulit</strong></span> <span class='ocrx_word' id='word_1_271' title='bbox 882 2525 987 2554; x_wconf 90' lang='lat' dir='ltr'><strong>eum</strong></span> <span class='ocrx_word' id='word_1_272' title='bbox 1008 2513 1114 2554; x_wconf 87' lang='lat' dir='ltr'><strong>inde</strong></span> <span class='ocrx_word' id='word_1_273' title='bbox 1144 2513 1434 2565; x_wconf 88' lang='lat' dir='ltr'><strong>Valentiam,</strong></span> <span class='ocrx_word' id='word_1_274' title='bbox 1458 2514 1535 2555; x_wconf 90' lang='lat' dir='ltr'><strong>ubi</strong></span> <span class='ocrx_word' id='word_1_275' title='bbox 1556 2515 1804 2555; x_wconf 90' lang='lat' dir='ltr'><strong>conciones</strong></span> 
     </span>
     <span class='ocr_line' id='line_1_33' title="bbox 164 2583 1691 2637; baseline 0.001 -14"><span class='ocrx_word' id='word_1_276' title='bbox 164 2583 288 2634; x_wconf 84' lang='lat' dir='ltr'><strong>eius,</strong></span> <span class='ocrx_word' id='word_1_277' title='bbox 312 2595 428 2635; x_wconf 91' lang='lat' dir='ltr'><strong>quas</strong></span> <span class='ocrx_word' id='word_1_278' title='bbox 449 2583 715 2636; x_wconf 89' lang='lat' dir='ltr'><strong>frequenter</strong></span> <span class='ocrx_word' id='word_1_279' title='bbox 736 2584 890 2635; x_wconf 90' lang='lat' dir='ltr'><strong>habet,</strong></span> <span class='ocrx_word' id='word_1_280' title='bbox 914 2585 1083 2625; x_wconf 91' lang='lat' dir='ltr'><strong>mirum</strong></span> <span class='ocrx_word' id='word_1_281' title='bbox 1103 2585 1149 2625; x_wconf 91' lang='lat' dir='ltr'><strong>in</strong></span> <span class='ocrx_word' id='word_1_282' title='bbox 1172 2585 1358 2626; x_wconf 90' lang='lat' dir='ltr'><strong>modum</strong></span> <span class='ocrx_word' id='word_1_283' title='bbox 1382 2591 1548 2637; x_wconf 86' lang='lat' dir='ltr'><strong>gratae</strong></span> <span class='ocrx_word' id='word_1_284' title='bbox 1571 2592 1691 2626; x_wconf 91' lang='lat' dir='ltr'><strong>sunt.</strong></span> 
     </span>
    </p>

    <p class='ocr_par' dir='ltr' id='par_1_5' title="bbox 160 2653 1803 3137">
     <span class='ocr_line' id='line_1_34' title="bbox 254 2653 1803 2708; baseline 0.002 -14"><span class='ocrx_word' id='word_1_285' title='bbox 254 2653 440 2695; x_wconf 90' lang='lat' dir='ltr'><strong>Tertius</strong></span> <span class='ocrx_word' id='word_1_286' title='bbox 457 2654 539 2695; x_wconf 78' lang='lat' dir='ltr'><strong>fuit</strong></span> <span class='ocrx_word' id='word_1_287' title='bbox 558 2654 830 2696; x_wconf 90' lang='lat' dir='ltr'><strong>adolescens</strong></span> <span class='ocrx_word' id='word_1_288' title='bbox 848 2655 1049 2707; x_wconf 88' lang='lat' dir='ltr'><strong>quidam,</strong></span> <span class='ocrx_word' id='word_1_289' title='bbox 1070 2668 1234 2707; x_wconf 90' lang='lat' dir='ltr'><strong>annos,</strong></span> <span class='ocrx_word' id='word_1_290' title='bbox 1253 2656 1300 2696; x_wconf 90' lang='lat' dir='ltr'><strong>ni</strong></span> <span class='ocrx_word' id='word_1_291' title='bbox 1315 2656 1466 2708; x_wconf 88' lang='lat' dir='ltr'><strong>fallor,</strong></span> <span class='ocrx_word' id='word_1_292' title='bbox 1482 2662 1619 2697; x_wconf 90' lang='lat' dir='ltr'><strong>natus</strong></span> <span class='ocrx_word' id='word_1_293' title='bbox 1636 2657 1803 2708; x_wconf 88' lang='lat' dir='ltr'><strong>uiginti</strong></span> 
     </span>
     <span class='ocr_line' id='line_1_35' title="bbox 176 2724 1801 2780; baseline 0.002 -15"><span class='ocrx_word' id='word_1_294' title='bbox 176 2724 308 2774; x_wconf 89' lang='lat' dir='ltr'><strong>duos,</strong></span> <span class='ocrx_word' id='word_1_295' title='bbox 333 2726 411 2777; x_wconf 92' lang='lat' dir='ltr'><strong>qui</strong></span> <span class='ocrx_word' id='word_1_296' title='bbox 432 2737 515 2766; x_wconf 84' lang='lat' dir='ltr'><strong>sex</strong></span> <span class='ocrx_word' id='word_1_297' title='bbox 536 2737 684 2767; x_wconf 91' lang='lat' dir='ltr'><strong>annos</strong></span> <span class='ocrx_word' id='word_1_298' title='bbox 707 2727 954 2768; x_wconf 89' lang='lat' dir='ltr'><strong>continuos</strong></span> <span class='ocrx_word' id='word_1_299' title='bbox 976 2727 1224 2778; x_wconf 84' lang='lat' dir='ltr'><strong>collegium</strong></span> <span class='ocrx_word' id='word_1_300' title='bbox 1245 2734 1456 2769; x_wconf 90' lang='lat' dir='ltr'><strong>nostrum</strong></span> <span class='ocrx_word' id='word_1_301' title='bbox 1477 2728 1801 2780; x_wconf 88' lang='lat' dir='ltr'><strong>frequentaue-</strong></span> 
     </span>
     <span class='ocr_line' id='line_1_36' title="bbox 175 2797 1800 2852; baseline 0.001 -15"><span class='ocrx_word' id='word_1_302' title='bbox 175 2802 262 2848; x_wconf 89' lang='lat' dir='ltr'><strong>rat‚</strong></span> <span class='ocrx_word' id='word_1_303' title='bbox 286 2802 525 2849; x_wconf 89' lang='lat' dir='ltr'><strong>totumque</strong></span> <span class='ocrx_word' id='word_1_304' title='bbox 547 2809 596 2838; x_wconf 94' lang='lat' dir='ltr'><strong>se</strong></span> <span class='ocrx_word' id='word_1_305' title='bbox 623 2797 815 2839; x_wconf 90' lang='lat' dir='ltr'><strong>dederat</strong></span> <span class='ocrx_word' id='word_1_306' title='bbox 842 2798 1122 2851; x_wconf 86' lang='lat' dir='ltr'><strong>recipiendis</strong></span> <span class='ocrx_word' id='word_1_307' title='bbox 1152 2800 1460 2840; x_wconf 88' lang='lat' dir='ltr'><strong>sacramentis</strong></span> <span class='ocrx_word' id='word_1_308' title='bbox 1490 2799 1684 2852; x_wconf 84' lang='lat' dir='ltr'><strong>aliisque</strong></span> <span class='ocrx_word' id='word_1_309' title='bbox 1714 2799 1800 2851; x_wconf 86' lang='lat' dir='ltr'><strong>piis</strong></span> 
     </span>
     <span class='ocr_line' id='line_1_37' title="bbox 176 2867 1797 2921; baseline 0.002 -14"><span class='ocrx_word' id='word_1_310' title='bbox 176 2867 408 2919; x_wconf 90' lang='lat' dir='ltr'><strong>operibus.</strong></span> <span class='ocrx_word' id='word_1_311' title='bbox 430 2867 603 2909; x_wconf 89' lang='lat' dir='ltr'><strong>Fuerat</strong></span> <span class='ocrx_word' id='word_1_312' title='bbox 624 2868 662 2908; x_wconf 89' lang='lat' dir='ltr'><strong>is</strong></span> <span class='ocrx_word' id='word_1_313' title='bbox 691 2870 869 2920; x_wconf 62' lang='lat' dir='ltr'><strong>collega</strong></span> <span class='ocrx_word' id='word_1_314' title='bbox 899 2870 1130 2921; x_wconf 89' lang='lat' dir='ltr'><strong>trilinguis</strong></span> <span class='ocrx_word' id='word_1_315' title='bbox 1158 2871 1328 2911; x_wconf 91' lang='lat' dir='ltr'><strong>multos</strong></span> <span class='ocrx_word' id='word_1_316' title='bbox 1357 2882 1528 2921; x_wconf 91' lang='lat' dir='ltr'><strong>annos,</strong></span> <span class='ocrx_word' id='word_1_317' title='bbox 1554 2877 1598 2910; x_wconf 91' lang='lat' dir='ltr'><strong>et</strong></span> <span class='ocrx_word' id='word_1_318' title='bbox 1620 2876 1797 2910; x_wconf 88' lang='lat' dir='ltr'><strong>tantum</strong></span> 
     </span>
     <span class='ocr_line' id='line_1_38' title="bbox 160 2937 1794 2993; baseline 0.003 -15"><span class='ocrx_word' id='word_1_319' title='bbox 160 2937 221 2978; x_wconf 56' lang='lat' dir='ltr'><strong>‘in</strong></span> <span class='ocrx_word' id='word_1_320' title='bbox 240 2938 412 2990; x_wconf 90' lang='lat' dir='ltr'><strong>linguis</strong></span> <span class='ocrx_word' id='word_1_321' title='bbox 433 2939 743 2989; x_wconf 91' lang='lat' dir='ltr'><strong>addiscendis,</strong></span> <span class='ocrx_word' id='word_1_322' title='bbox 767 2940 813 2980; x_wconf 92' lang='lat' dir='ltr'><strong>in</strong></span> <span class='ocrx_word' id='word_1_323' title='bbox 833 2951 1006 2992; x_wconf 88' lang='lat' dir='ltr'><strong>graeca</strong></span> <span class='ocrx_word' id='word_1_324' title='bbox 1028 2941 1336 2993; x_wconf 84' lang='lat' dir='ltr'><strong>potissimum,</strong></span> <span class='ocrx_word' id='word_1_325' title='bbox 1367 2941 1646 2993; x_wconf 89' lang='lat' dir='ltr'><strong>profeccrat,</strong></span> <span class='ocrx_word' id='word_1_326' title='bbox 1670 2947 1719 2981; x_wconf 93' lang='lat' dir='ltr'><strong>ut</strong></span> <span class='ocrx_word' id='word_1_327' title='bbox 1740 2941 1794 2983; x_wconf 77' lang='lat' dir='ltr'><strong>ei.</strong></span> 
     </span>
     <span class='ocr_line' id='line_1_39' title="bbox 175 3008 1797 3065; baseline 0.001 -16"><span class='ocrx_word' id='word_1_328' title='bbox 175 3008 212 3048; x_wconf 90' lang='lat' dir='ltr'><strong>si</strong></span> <span class='ocrx_word' id='word_1_329' title='bbox 232 3020 325 3050; x_wconf 90' lang='lat' dir='ltr'><strong>non</strong></span> <span class='ocrx_word' id='word_1_330' title='bbox 345 3010 523 3062; x_wconf 87' lang='lat' dir='ltr'><strong>primas</strong></span> <span class='ocrx_word' id='word_1_331' title='bbox 540 3022 626 3051; x_wconf 90' lang='lat' dir='ltr'><strong>nec</strong></span> <span class='ocrx_word' id='word_1_332' title='bbox 642 3011 889 3063; x_wconf 89' lang='lat' dir='ltr'><strong>secundas,</strong></span> <span class='ocrx_word' id='word_1_333' title='bbox 906 3018 1032 3053; x_wconf 92' lang='lat' dir='ltr'><strong>certe</strong></span> <span class='ocrx_word' id='word_1_334' title='bbox 1047 3012 1103 3053; x_wconf 92' lang='lat' dir='ltr'><strong>iis</strong></span> <span class='ocrx_word' id='word_1_335' title='bbox 1120 3013 1359 3065; x_wconf 87' lang='lat' dir='ltr'><strong>proximas</strong></span> <span class='ocrx_word' id='word_1_336' title='bbox 1374 3019 1532 3065; x_wconf 88' lang='lat' dir='ltr'><strong>partes</strong></span> <span class='ocrx_word' id='word_1_337' title='bbox 1549 3012 1667 3053; x_wconf 91' lang='lat' dir='ltr'><strong>inter</strong></span> <span class='ocrx_word' id='word_1_338' title='bbox 1684 3023 1797 3051; x_wconf 78' lang='lat' dir='ltr'><strong>snae</strong></span> 
     </span>
     <span class='ocr_line' id='line_1_40' title="bbox 175 3080 1792 3137; baseline 0.002 -19"><span class='ocrx_word' id='word_1_339' title='bbox 175 3080 345 3121; x_wconf 65' lang='lat' dir='ltr'><strong>aetatis</strong></span> <span class='ocrx_word' id='word_1_340' title='bbox 375 3081 709 3130; x_wconf 79' lang='lat' dir='ltr'><strong>adolescenteS,</strong></span> <span class='ocrx_word' id='word_1_341' title='bbox 747 3082 823 3135; x_wconf 90' lang='lat' dir='ltr'><strong>qui</strong></span> <span class='ocrx_word' id='word_1_342' title='bbox 858 3082 968 3124; x_wconf 87' lang='lat' dir='ltr'><strong>dant</strong></span> <span class='ocrx_word' id='word_1_343' title='bbox 1004 3095 1194 3137; x_wconf 86' lang='lat' dir='ltr'><strong>operam</strong></span> <span class='ocrx_word' id='word_1_344' title='bbox 1228 3084 1392 3126; x_wconf 86' lang='lat' dir='ltr'><strong>studiis</strong></span> <span class='ocrx_word' id='word_1_345' title='bbox 1427 3082 1792 3132; x_wconf 86' lang='lat' dir='ltr'><strong>humanioribus,</strong></span> 
     </span>
    </p>
   </div>
  </div>
 </body>
</html>
