2020 3342
215 251 284 288 216
759 252 984 290 LITTERAE
1011 262 1366 296 QUADRIMESTRES

217 359 389 400 graeca
425 355 590 400 coepta
626 354 732 389 sunt
771 349 1147 389 extraordinario
1185 354 1394 401 tempore
1433 349 1659 401 explicari
1680 361 1688 389 z
1729 359 1837 390 nam

219 431 336 472 quae
382 420 428 460 in
474 419 648 460 scholis
694 420 1055 461 declarabantur
1077 452 1084 470 ,
1133 431 1159 459 a
1198 420 1393 471 singulis
1432 426 1612 460 tantum
1657 420 1703 460 in
1742 420 1838 460 suis

218 490 477 542 gymnasiis
498 491 889 543 percipiebantur.
913 490 975 531 At
995 503 1118 531 nunc
1146 491 1391 539 dialectici,
1424 491 1651 542 theologi,
1683 491 1836 543 physi-

219 562 275 612 ci,
307 561 578 602 coenobitae
607 562 665 602 ad
696 561 917 602 discenda
944 562 1277 613 grammatices
1312 561 1573 602 rudimenta
1602 567 1645 601 et
1672 561 1838 602 Home-

219 644 321 673 rum
356 632 651 673 conueniunt.
688 631 926 672 Rhetorici
960 632 1194 672 orationes
1230 633 1410 683 publice
1450 632 1760 684 pronunciant
1794 638 1838 671 et

220 704 429 744 carmina
450 703 495 743 in
517 704 743 743 honorem
772 702 1002 743 Diuorum
1030 709 1073 743 et
1103 715 1258 743 rerum
1286 704 1588 743 honestarum
1615 703 1838 743 laudatio-

220 786 325 815 nem
359 780 489 815 tanta
525 775 730 815 omnium
766 774 1092 825 admiratione,
1131 781 1179 814 ut
1207 774 1414 814 nonnulli
1446 774 1531 814 sibi
1559 774 1840 825 persuadere

219 857 311 885 non
333 846 511 897 possint
532 845 790 897 composita
812 857 838 884 a
867 845 1121 896 discipulis.
1838 845 1842 846 ⁷

301 916 477 958 Censor
497 916 783 957 Academiae
805 928 830 956 a
851 915 980 967 Rege
1002 916 1192 967 missus,
1217 928 1322 956 cum
1343 922 1464 956 esset
1493 922 1680 956 nostras
1711 915 1841 956 scho-

221 989 289 1028 las
309 988 561 1038 invisurus,
585 987 735 1027 nullos
755 998 913 1027 secum
935 993 1122 1038 praeter
1149 987 1432 1027 domesticos
1460 987 1676 1038 adduxit,
1706 993 1756 1027 vt
1787 986 1841 1026 si-

219 1058 463 1108 gnificaret
484 1070 533 1098 se
554 1058 727 1098 nullam
750 1058 796 1097 in
812 1069 898 1098 nos
915 1058 1086 1098 habere
1103 1064 1395 1110 potestatem.
1416 1058 1464 1098 In
1483 1059 1632 1110 primo
1649 1056 1841 1109 gymna-

221 1131 305 1181 sio,
329 1128 390 1170 2.⁰
412 1135 455 1169 et
475 1129 564 1180 39,
595 1130 749 1169 soluta
777 1129 988 1169 oratione
1018 1130 1162 1169 latina
1191 1135 1234 1169 et
1262 1140 1435 1180 graeca
1464 1136 1506 1169 et
1536 1129 1763 1179 carmine,
1795 1129 1841 1168 in

222 1202 324 1242 aliis
352 1213 463 1241 vero
492 1201 744 1252 superioris
772 1201 970 1252 gradus,
1008 1200 1398 1252 disputationibus
1434 1201 1554 1240 inter
1590 1200 1844 1251 discipulos

220 1272 390 1312 habitis
411 1272 508 1312 eius
531 1272 758 1312 aduentus
778 1271 863 1312 fuit
885 1272 1156 1312 celebratus.
1192 1271 1337 1312 Biduo
1366 1271 1541 1311 audiuit
1570 1277 1842 1322 praecepto-

220 1355 310 1393 res,
334 1343 408 1383 cui
429 1348 609 1383 tantum
630 1343 905 1394 placuerunt
927 1349 970 1382 et
993 1342 1222 1394 discipuli,
1246 1349 1295 1382 ut
1317 1341 1442 1382 Patri
1463 1341 1651 1382 Rectori
1674 1342 1843 1382 dixerit

221 1414 516 1454 scribendum
539 1413 625 1453 sibi
647 1412 705 1453 ad
726 1412 903 1463 Regem
927 1424 1043 1463 esse,
1068 1413 1175 1464 quia
1197 1425 1315 1465 quae
1339 1413 1540 1452 vidimus
1571 1424 1663 1452 non
1685 1423 1843 1464 possu-

221 1496 324 1525 mus
344 1496 437 1524 non
457 1484 597 1535 loqui,
621 1490 664 1524 et
686 1484 805 1524 sicut
826 1483 1090 1524 audiuimus
1111 1484 1178 1524 sic
1199 1484 1414 1524 vidimus.
1439 1482 1747 1523 Desiderabat
1771 1483 1844 1523 ille

221 1567 277 1596 ne
300 1556 448 1596 nostri
469 1555 724 1606 auditores,
750 1555 808 1595 ad
830 1555 1119 1607 superiorem
1149 1554 1455 1595 Academiam
1485 1555 1612 1604 ituri,
1647 1554 1843 1594 aliorum

221 1626 555 1666 consuetudine
578 1626 887 1666 inficerentur.
911 1624 1054 1666 Nobis
1076 1638 1124 1666 se
1147 1626 1481 1665 amicissimum
1511 1625 1725 1665 ostendit.
1749 1624 1844 1665 Nec

221 1703 265 1737 te
300 1697 453 1747 etiam,
491 1696 761 1737 Reuerende
797 1696 950 1747 Pater,
986 1697 1187 1747 ignorat,
1224 1696 1348 1748 quod
1383 1695 1632 1748 aliquando
1668 1695 1844 1736 Romae

220 1768 371 1809 fuerit.
396 1768 508 1808 Eius
529 1779 697 1808 nornen
719 1774 786 1808 est
808 1767 1056 1808 Baithasar
1078 1768 1134 1808 de
1154 1767 1311 1807 Faria.

300 1839 350 1879 In
371 1839 462 1879 alio
484 1838 593 1879 item
614 1839 852 1879 hominum
873 1850 1045 1889 genere
1074 1838 1294 1889 dignatus
1325 1844 1394 1878 est
1423 1837 1552 1878 Deus
1581 1837 1685 1890 Opt.
1716 1838 1842 1878 Max.

220 1916 381 1950 nostra
404 1921 547 1961 opera
568 1910 635 1949 uti
656 1909 701 1949 in
725 1909 794 1959 iis,
818 1921 936 1961 quae
957 1909 1016 1949 ad
1039 1921 1172 1949 suum
1188 1909 1413 1949 honorem
1431 1915 1712 1961 spectarent,
1737 1921 1845 1961 quo-

221 1993 319 2022 rum
344 1981 456 2021 illud
476 1993 619 2021 vnum
641 1986 724 2031 est,
750 1980 872 2032 quod
894 1992 998 2021 cum
1022 1981 1111 2021 duo
1134 1981 1426 2021 diuersarum
1447 1981 1748 2021 scientiarum
1769 1981 1845 2021 do-

221 2059 390 2103 ctores,
415 2064 529 2104 quos
550 2053 693 2103 vulgo
714 2053 911 2092 lectores
933 2051 988 2092 de
1015 2052 1165 2103 prima
1193 2052 1410 2100 dicimus,
1440 2052 1486 2091 in
1514 2053 1744 2102 claustro,
1768 2052 1847 2103 qui

222 2130 291 2165 est
313 2124 435 2175 apud
456 2135 537 2164 eos
559 2124 738 2164 consilii
759 2123 972 2175 capiendi
992 2125 1136 2174 locus,
1161 2135 1265 2163 cum
1286 2123 1483 2163 Rectore
1506 2130 1549 2163 et
1571 2123 1846 2174 quibusdam

225 2195 491 2235 doctoribus
513 2195 567 2235 de
589 2195 796 2235 sessione
824 2194 1191 2248 contendissent,
1217 2206 1268 2234 eo
1297 2194 1573 2235 iniuriarum
1608 2200 1846 2242 venerunt,

222 2273 272 2306 ut
294 2266 432 2306 etiam
453 2266 634 2317 publice
655 2278 748 2305 non
768 2272 950 2306 tantum
973 2265 1320 2306 contumeliosis
1343 2265 1497 2305 verbis
1526 2276 1574 2304 se
1605 2265 1848 2304 lacessiue-

224 2337 330 2388 rint3
354 2337 478 2388 quod
506 2337 719 2377 omnibus
749 2337 896 2388 patuit
928 2343 1115 2388 propter
1146 2336 1420 2386 dignitatem
1453 2347 1773 2386 personarum,
1805 2342 1849 2376 et

225 2408 548 2449 excellentiam
570 2408 824 2458 doctrinae3
849 2414 892 2448 et
914 2408 1177 2459 pertinaces
1197 2407 1243 2446 in
1265 2407 1369 2447 odio
1391 2419 1537 2459 usque
1556 2406 1670 2446 adeo
1687 2406 1847 2457 persti-

225 2479 378 2528 terint,
410 2485 457 2518 ut
484 2491 605 2519 Vnus
634 2479 980 2520 confirmauerit
1008 2492 1057 2520 se
1085 2491 1143 2518 ex
1170 2478 1259 2518 hac
1295 2479 1485 2529 regione
1518 2479 1845 2528 discessurum,

225 2550 313 2590 nisi
335 2551 531 2590 alterum
555 2550 750 2590 docendi
771 2562 960 2590 munere
983 2551 1249 2591 abdicatum
1267 2550 1459 2590 videret:
1481 2561 1679 2601 quorum
1696 2548 1848 2588 simul-

227 2628 346 2662 tates
367 2621 519 2661 Patris
539 2621 752 2662 Rectoris
774 2622 943 2673 studio,
965 2622 1138 2662 Christi
1156 2622 1451 2672 adminiculo,
1472 2627 1577 2661 sunt
1600 2620 1846 2660 extinctae.

229 2693 347 2733 Nam
369 2692 505 2733 modo
530 2705 684 2741 vnum,
707 2693 844 2733 modo
867 2694 1065 2733 alterum
1093 2693 1422 2742 conueniente,
1447 2699 1490 2732 et
1512 2692 1686 2731 crebris
1715 2691 1849 2730 collo-

230 2765 349 2816 quiis
371 2764 430 2804 ad
451 2763 754 2804 concordiam
776 2765 1022 2814 excitante,
1047 2775 1100 2804 eo
1121 2764 1209 2804 loci
1231 2769 1473 2813 venerunt,
1497 2769 1544 2803 ut
1566 2775 1619 2802 eo
1641 2762 1737 2812 die,
1762 2773 1851 2812 quo

230 2837 417 2876 iubilaei
432 2835 718 2887 indulgentia
738 2835 982 2875 fruendum
998 2842 1133 2884 esset,
1153 2836 1289 2874 ambo
1307 2835 1365 2874 ad
1379 2842 1589 2874 nostrum
1607 2833 1852 2883 collegium

233 2908 459 2948 matutino
500 2913 705 2958 tempore
746 2906 993 2947 confitendi
1031 2905 1185 2957 gratia
1232 2905 1528 2945 accesserint.
1580 2904 1851 2944 Habuerunt

234 2979 280 3018 Ρ.
304 2978 566 3028 Rectorem,
591 2978 713 3030 quod
736 2979 799 3018 ita
822 2983 1066 3030 cuperent,
1097 2977 1379 3017 reuersionis
1407 2976 1598 3016 socium.
1628 2975 1734 3014 Fuit
1763 2973 1850 3014 hoc

235 3050 413 3091 ciuibus
435 3060 725 3100 summopere
747 3056 947 3099 gratum,
973 3049 1265 3098 maximeque
1287 3048 1526 3088 literarum
1548 3045 1781 3086 studiosis.
