<?xml version="1.0" encoding="UTF-8"?>
<!DOCTYPE html PUBLIC "-//W3C//DTD XHTML 1.0 Transitional//EN"
    "http://www.w3.org/TR/xhtml1/DTD/xhtml1-transitional.dtd">
<html xmlns="http://www.w3.org/1999/xhtml" xml:lang="en" lang="en">
 <head>
  <title>
</title>
<meta http-equiv="Content-Type" content="text/html;charset=utf-8" />
  <meta name='ocr-system' content='tesseract 3.04.00' />
  <meta name='ocr-capabilities' content='ocr_page ocr_carea ocr_par ocr_line ocrx_word'/>
</head>
<body>
  <div class='ocr_page' id='page_1' title='image "./litteraequadrime16lain/litteraequadrime16lain_0194.png"; bbox 0 0 2020 3342; ppageno 0'>
   <div class='ocr_carea' id='block_1_1' title="bbox 304 230 1417 276">
    <p class='ocr_par' dir='ltr' id='par_1_1' title="bbox 304 230 1417 276">
     <span class='ocr_line' id='line_1_1' title="bbox 304 230 1417 276; baseline 0.001 -7"><span class='ocrx_word' id='word_1_1' title='bbox 304 230 372 270; x_wconf 84' lang='grc'>188</span> <span class='ocrx_word' id='word_1_2' title='bbox 808 231 1034 271; x_wconf 82' lang='lat' dir='ltr'><strong>LITTERAE</strong></span> <span class='ocrx_word' id='word_1_3' title='bbox 1060 238 1417 276; x_wconf 71' lang='lat' dir='ltr'><strong>QUADRIMESTRES</strong></span> 
     </span>
    </p>
   </div>
   <div class='ocr_carea' id='block_1_2' title="bbox 296 328 1919 1303">
    <p class='ocr_par' dir='ltr' id='par_1_2' title="bbox 297 328 1918 807">
     <span class='ocr_line' id='line_1_2' title="bbox 299 328 1918 382; baseline 0.001 -13"><span class='ocrx_word' id='word_1_4' title='bbox 299 328 358 368; x_wconf 88' lang='lat' dir='ltr'>ad</span> <span class='ocrx_word' id='word_1_5' title='bbox 379 329 613 381; x_wconf 82' lang='lat' dir='ltr'>quoddam</span> <span class='ocrx_word' id='word_1_6' title='bbox 634 329 741 369; x_wconf 72' lang='lat' dir='ltr'>huic</span> <span class='ocrx_word' id='word_1_7' title='bbox 763 331 771 352; x_wconf 86' lang='lat'>¹</span> <span class='ocrx_word' id='word_1_8' title='bbox 795 328 1039 370; x_wconf 89' lang='lat' dir='ltr'>finitimum</span> <span class='ocrx_word' id='word_1_9' title='bbox 1060 329 1280 382; x_wconf 88' lang='lat' dir='ltr'>oppidum</span> <span class='ocrx_word' id='word_1_10' title='bbox 1295 329 1433 382; x_wconf 88' lang='lat' dir='ltr'>(quod</span> <span class='ocrx_word' id='word_1_11' title='bbox 1450 329 1750 381; x_wconf 76' lang='lat' dir='ltr'>Cartaginem</span> <span class='ocrx_word' id='word_1_12' title='bbox 1768 330 1918 381; x_wconf 54' lang='lat' dir='ltr'>appel*</span> 
     </span>
     <span class='ocr_line' id='line_1_3' title="bbox 297 399 1916 453; baseline -0.001 -12"><span class='ocrx_word' id='word_1_13' title='bbox 297 400 425 449; x_wconf 86' lang='lat' dir='ltr'>lant).</span> <span class='ocrx_word' id='word_1_14' title='bbox 446 399 615 441; x_wconf 89' lang='lat' dir='ltr'>Sumus</span> <span class='ocrx_word' id='word_1_15' title='bbox 631 400 678 441; x_wconf 89' lang='lat' dir='ltr'>in</span> <span class='ocrx_word' id='word_1_16' title='bbox 700 400 789 441; x_wconf 87' lang='lat' dir='ltr'>hac</span> <span class='ocrx_word' id='word_1_17' title='bbox 811 401 924 441; x_wconf 85' lang='lat' dir='ltr'><strong>vrbe</strong></span> <span class='ocrx_word' id='word_1_18' title='bbox 947 401 1196 441; x_wconf 88' lang='lat' dir='ltr'>admodum</span> <span class='ocrx_word' id='word_1_19' title='bbox 1216 401 1395 453; x_wconf 82' lang='lat' dir='ltr'>accepti</span> <span class='ocrx_word' id='word_1_20' title='bbox 1412 400 1719 441; x_wconf 75' lang='lat' dir='ltr'>communiter</span> <span class='ocrx_word' id='word_1_21' title='bbox 1738 401 1752 419; x_wconf 80' lang='lat'><strong>²</strong></span> <span class='ocrx_word' id='word_1_22' title='bbox 1774 400 1916 440; x_wconf 88' lang='lat' dir='ltr'>omni-</span> 
     </span>
     <span class='ocr_line' id='line_1_4' title="bbox 297 471 1918 523; baseline 0 -11"><span class='ocrx_word' id='word_1_23' title='bbox 297 471 397 522; x_wconf 58' lang='grc' dir='ltr'>θῦε,</span> <span class='ocrx_word' id='word_1_24' title='bbox 420 477 515 512; x_wconf 89' lang='lat' dir='ltr'>tam</span> <span class='ocrx_word' id='word_1_25' title='bbox 536 471 865 512; x_wconf 82' lang='lat' dir='ltr'>ecclesiasticis</span> <span class='ocrx_word' id='word_1_26' title='bbox 887 471 1002 512; x_wconf 88' lang='lat' dir='ltr'>viris</span> <span class='ocrx_word' id='word_1_27' title='bbox 1023 483 1163 523; x_wconf 88' lang='lat' dir='ltr'>quam</span> <span class='ocrx_word' id='word_1_28' title='bbox 1183 471 1486 522; x_wconf 81' lang='lat' dir='ltr'>secularibus3</span> <span class='ocrx_word' id='word_1_29' title='bbox 1510 482 1731 523; x_wconf 88' lang='lat' dir='ltr'>magnam</span> <span class='ocrx_word' id='word_1_30' title='bbox 1752 471 1807 511; x_wconf 88' lang='lat' dir='ltr'>de</span> <span class='ocrx_word' id='word_1_31' title='bbox 1829 471 1918 512; x_wconf 86' lang='lat' dir='ltr'>hoc</span> 
     </span>
     <span class='ocr_line' id='line_1_5' title="bbox 297 542 1917 594; baseline 0.001 -12"><span class='ocrx_word' id='word_1_32' title='bbox 297 543 492 594; x_wconf 83' lang='lat' dir='ltr'>collegio</span> <span class='ocrx_word' id='word_1_33' title='bbox 513 554 642 594; x_wconf 85' lang='lat' dir='ltr'>spem</span> <span class='ocrx_word' id='word_1_34' title='bbox 664 554 824 583; x_wconf 82' lang='lat' dir='ltr'>omnes</span> <span class='ocrx_word' id='word_1_35' title='bbox 841 549 1170 594; x_wconf 81' lang='lat' dir='ltr'>conceperunt:</span> <span class='ocrx_word' id='word_1_36' title='bbox 1193 542 1422 594; x_wconf 80' lang='lat' dir='ltr'>superiori</span> <span class='ocrx_word' id='word_1_37' title='bbox 1444 542 1734 583; x_wconf 84' lang='lat' dir='ltr'>hebdomada</span> <span class='ocrx_word' id='word_1_38' title='bbox 1750 542 1917 583; x_wconf 84' lang='lat' dir='ltr'>transi-</span> 
     </span>
     <span class='ocr_line' id='line_1_6' title="bbox 299 613 1916 665; baseline 0 -12"><span class='ocrx_word' id='word_1_39' title='bbox 299 613 448 653; x_wconf 88' lang='lat' dir='ltr'>uimus</span> <span class='ocrx_word' id='word_1_40' title='bbox 470 613 515 653; x_wconf 89' lang='lat' dir='ltr'>in</span> <span class='ocrx_word' id='word_1_41' title='bbox 536 625 709 654; x_wconf 81' lang='lat' dir='ltr'>nouam</span> <span class='ocrx_word' id='word_1_42' title='bbox 730 613 932 663; x_wconf 88' lang='lat' dir='ltr'>domum,</span> <span class='ocrx_word' id='word_1_43' title='bbox 957 625 1095 665; x_wconf 88' lang='lat' dir='ltr'>quam</span> <span class='ocrx_word' id='word_1_44' title='bbox 1117 619 1275 654; x_wconf 84' lang='lat' dir='ltr'>noster</span> <span class='ocrx_word' id='word_1_45' title='bbox 1296 613 1555 665; x_wconf 82' lang='lat' dir='ltr'>Episcopus</span> <span class='ocrx_word' id='word_1_46' title='bbox 1581 613 1765 664; x_wconf 89' lang='lat' dir='ltr'>magnis</span> <span class='ocrx_word' id='word_1_47' title='bbox 1793 624 1916 654; x_wconf 88' lang='lat' dir='ltr'>sum-</span> 
     </span>
     <span class='ocr_line' id='line_1_7' title="bbox 298 683 1916 735; baseline 0 -12"><span class='ocrx_word' id='word_1_48' title='bbox 298 684 451 735; x_wconf 88' lang='lat' dir='ltr'>ptibus</span> <span class='ocrx_word' id='word_1_49' title='bbox 469 683 809 724; x_wconf 80' lang='lat' dir='ltr'>exaedificauit.</span> <span class='ocrx_word' id='word_1_50' title='bbox 828 683 878 724; x_wconf 90' lang='lat' dir='ltr'>P.</span> <span class='ocrx_word' id='word_1_51' title='bbox 892 684 1103 735; x_wconf 83' lang='lat' dir='ltr'>Baptista</span> <span class='ocrx_word' id='word_1_52' title='bbox 1119 683 1328 724; x_wconf 84' lang='lat' dir='ltr'>Pinciam</span> <span class='ocrx_word' id='word_1_53' title='bbox 1344 684 1402 724; x_wconf 89' lang='lat' dir='ltr'>ad</span> <span class='ocrx_word' id='word_1_54' title='bbox 1414 683 1601 724; x_wconf 80' lang='lat' dir='ltr'>Patrem</span> <span class='ocrx_word' id='word_1_55' title='bbox 1614 683 1916 724; x_wconf 84' lang='lat' dir='ltr'>Franciscum</span> 
     </span>
     <span class='ocr_line' id='line_1_8' title="bbox 298 754 1551 807; baseline 0 -12"><span class='ocrx_word' id='word_1_56' title='bbox 298 767 445 807; x_wconf 77' lang='lat' dir='ltr'>nuper</span> <span class='ocrx_word' id='word_1_57' title='bbox 466 756 701 806; x_wconf 76' lang='lat' dir='ltr'>profectus</span> <span class='ocrx_word' id='word_1_58' title='bbox 722 761 806 805; x_wconf 85' lang='lat' dir='ltr'>est,</span> <span class='ocrx_word' id='word_1_59' title='bbox 829 754 959 795; x_wconf 83' lang='lat' dir='ltr'>breui</span> <span class='ocrx_word' id='word_1_60' title='bbox 981 760 1030 794; x_wconf 90' lang='lat' dir='ltr'>vt</span> <span class='ocrx_word' id='word_1_61' title='bbox 1052 754 1284 795; x_wconf 83' lang='lat' dir='ltr'>credimus</span> <span class='ocrx_word' id='word_1_62' title='bbox 1304 754 1551 795; x_wconf 80' lang='lat' dir='ltr'>rediturus,</span> 
     </span>
    </p>

    <p class='ocr_par' dir='ltr' id='par_1_3' title="bbox 296 825 1919 1079">
     <span class='ocr_line' id='line_1_9' title="bbox 377 825 1915 877; baseline -0.001 -11"><span class='ocrx_word' id='word_1_63' title='bbox 377 825 616 877; x_wconf 85' lang='lat' dir='ltr'>Rogamus</span> <span class='ocrx_word' id='word_1_64' title='bbox 636 825 857 866; x_wconf 80' lang='lat' dir='ltr'>Vestram</span> <span class='ocrx_word' id='word_1_65' title='bbox 885 825 1212 866; x_wconf 83' lang='lat' dir='ltr'>Reuerentiam</span> <span class='ocrx_word' id='word_1_66' title='bbox 1246 826 1342 866; x_wconf 92' lang='lat' dir='ltr'>suis</span> <span class='ocrx_word' id='word_1_67' title='bbox 1363 825 1422 866; x_wconf 88' lang='lat' dir='ltr'>ad</span> <span class='ocrx_word' id='word_1_68' title='bbox 1456 825 1608 866; x_wconf 82' lang='lat' dir='ltr'>Deum</span> <span class='ocrx_word' id='word_1_69' title='bbox 1641 825 1915 877; x_wconf 87' lang='lat' dir='ltr'>precationi-</span> 
     </span>
     <span class='ocr_line' id='line_1_10' title="bbox 297 895 1914 948; baseline -0.001 -11"><span class='ocrx_word' id='word_1_70' title='bbox 297 897 382 937; x_wconf 90' lang='lat' dir='ltr'>bus</span> <span class='ocrx_word' id='word_1_71' title='bbox 404 909 458 937; x_wconf 84' lang='lat' dir='ltr'>ac</span> <span class='ocrx_word' id='word_1_72' title='bbox 475 895 718 937; x_wconf 85' lang='lat' dir='ltr'>sacrificiis</span> <span class='ocrx_word' id='word_1_73' title='bbox 738 908 824 937; x_wconf 89' lang='lat' dir='ltr'>nos</span> <span class='ocrx_word' id='word_1_74' title='bbox 845 897 1014 937; x_wconf 80' lang='lat' dir='ltr'>habeat</span> <span class='ocrx_word' id='word_1_75' title='bbox 1036 897 1399 946; x_wconf 78' lang='lat' dir='ltr'>commendatos,</span> <span class='ocrx_word' id='word_1_76' title='bbox 1429 895 1507 948; x_wconf 92' lang='lat' dir='ltr'>qui</span> <span class='ocrx_word' id='word_1_77' title='bbox 1535 896 1751 947; x_wconf 80' lang='lat' dir='ltr'>incoepta</span> <span class='ocrx_word' id='word_1_78' title='bbox 1781 907 1914 936; x_wconf 90' lang='lat' dir='ltr'>cona·</span> 
     </span>
     <span class='ocr_line' id='line_1_11' title="bbox 296 966 1919 1019; baseline 0 -12"><span class='ocrx_word' id='word_1_79' title='bbox 296 976 463 1019; x_wconf 81' lang='lat' dir='ltr'>tusque</span> <span class='ocrx_word' id='word_1_80' title='bbox 499 974 684 1008; x_wconf 85' lang='lat' dir='ltr'>nostros</span> <span class='ocrx_word' id='word_1_81' title='bbox 724 967 950 1008; x_wconf 82' lang='lat' dir='ltr'>foeliciter</span> <span class='ocrx_word' id='word_1_82' title='bbox 984 973 1262 1019; x_wconf 85' lang='lat' dir='ltr'>promoueat</span> <span class='ocrx_word' id='word_1_83' title='bbox 1302 967 1361 1008; x_wconf 92' lang='lat' dir='ltr'>ad</span> <span class='ocrx_word' id='word_1_84' title='bbox 1394 967 1596 1018; x_wconf 85' lang='lat' dir='ltr'>gloriam</span> <span class='ocrx_word' id='word_1_85' title='bbox 1636 966 1919 1007; x_wconf 86' lang='lat' dir='ltr'>sanctissimi</span> 
     </span>
     <span class='ocr_line' id='line_1_12' title="bbox 300 1038 1174 1079; baseline 0 -1"><span class='ocrx_word' id='word_1_86' title='bbox 300 1038 501 1078; x_wconf 91' lang='lat' dir='ltr'>nominis</span> <span class='ocrx_word' id='word_1_87' title='bbox 522 1038 592 1078; x_wconf 90' lang='lat' dir='ltr'>sui</span> <span class='ocrx_word' id='word_1_88' title='bbox 613 1044 657 1078; x_wconf 84' lang='lat' dir='ltr'>et</span> <span class='ocrx_word' id='word_1_89' title='bbox 679 1039 876 1078; x_wconf 85' lang='lat' dir='ltr'>salutem</span> <span class='ocrx_word' id='word_1_90' title='bbox 898 1039 1174 1079; x_wconf 86' lang='lat' dir='ltr'>animarum.</span> 
     </span>
    </p>

    <p class='ocr_par' dir='ltr' id='par_1_4' title="bbox 376 1108 993 1159">
     <span class='ocr_line' id='line_1_13' title="bbox 376 1108 993 1159; baseline 0.002 -11"><span class='ocrx_word' id='word_1_91' title='bbox 376 1108 600 1159; x_wconf 81' lang='lat' dir='ltr'>Murciae,</span> <span class='ocrx_word' id='word_1_92' title='bbox 623 1109 688 1148; x_wconf 78' lang='lat'>5.⁰</span> <span class='ocrx_word' id='word_1_93' title='bbox 709 1109 810 1149; x_wconf 91' lang='lat' dir='ltr'>idus</span> <span class='ocrx_word' id='word_1_94' title='bbox 832 1109 993 1149; x_wconf 87' lang='lat' dir='ltr'>maias.</span> 
     </span>
    </p>

    <p class='ocr_par' dir='ltr' id='par_1_5' title="bbox 381 1180 1138 1232">
     <span class='ocr_line' id='line_1_14' title="bbox 381 1180 1138 1232; baseline 0 -12"><span class='ocrx_word' id='word_1_95' title='bbox 381 1180 451 1220; x_wconf 86' lang='lat' dir='ltr'>Ex</span> <span class='ocrx_word' id='word_1_96' title='bbox 472 1180 693 1220; x_wconf 87' lang='lat' dir='ltr'>mandato</span> <span class='ocrx_word' id='word_1_97' title='bbox 714 1180 866 1221; x_wconf 88' lang='lat' dir='ltr'>Patris</span> <span class='ocrx_word' id='word_1_98' title='bbox 887 1181 1138 1232; x_wconf 83' lang='lat' dir='ltr'>Baptistae.</span> 
     </span>
    </p>

    <p class='ocr_par' dir='ltr' id='par_1_6' title="bbox 378 1250 1260 1303">
     <span class='ocr_line' id='line_1_15' title="bbox 378 1250 1260 1303; baseline 0 -11"><span class='ocrx_word' id='word_1_99' title='bbox 378 1251 437 1292; x_wconf 91' lang='lat' dir='ltr'>V.</span> <span class='ocrx_word' id='word_1_100' title='bbox 459 1250 588 1291; x_wconf 85' lang='lat' dir='ltr'>R.tiae</span> <span class='ocrx_word' id='word_1_101' title='bbox 610 1251 785 1292; x_wconf 89' lang='lat' dir='ltr'>inutilis</span> <span class='ocrx_word' id='word_1_102' title='bbox 806 1251 851 1292; x_wconf 90' lang='lat' dir='ltr'>in</span> <span class='ocrx_word' id='word_1_103' title='bbox 875 1252 1061 1293; x_wconf 88' lang='lat' dir='ltr'>Christo</span> <span class='ocrx_word' id='word_1_104' title='bbox 1083 1264 1260 1303; x_wconf 80' lang='lat' dir='ltr'>seruus,</span> 
     </span>
    </p>
   </div>
   <div class='ocr_carea' id='block_1_3' title="bbox 1212 1395 1714 1436">
    <p class='ocr_par' dir='ltr' id='par_1_7' title="bbox 1212 1395 1714 1436">
     <span class='ocr_line' id='line_1_16' title="bbox 1212 1395 1714 1436; baseline 0 0"><span class='ocrx_word' id='word_1_105' title='bbox 1212 1412 1216 1415; x_wconf 67' lang='grc'><strong>-</strong></span> <span class='ocrx_word' id='word_1_106' title='bbox 1279 1395 1515 1436; x_wconf 78' lang='lat' dir='ltr'><strong>ANTONIUS</strong></span> <span class='ocrx_word' id='word_1_107' title='bbox 1545 1395 1714 1436; x_wconf 71' lang='lat' dir='ltr'>FONT.A</span> 
     </span>
    </p>
   </div>
   <div class='ocr_carea' id='block_1_4' title="bbox 298 1608 1917 1732">
    <p class='ocr_par' dir='ltr' id='par_1_8' title="bbox 298 1608 1917 1732">
     <span class='ocr_line' id='line_1_17' title="bbox 378 1608 1917 1661; baseline 0.001 -14"><span class='ocrx_word' id='word_1_108' title='bbox 378 1608 731 1659; x_wconf 74' lang='lat' dir='ltr'>Superscrz&#39;ptso</span> <span class='ocrx_word' id='word_1_109' title='bbox 770 1608 818 1647; x_wconf 75' lang='lat' dir='ltr'>in</span> <span class='ocrx_word' id='word_1_110' title='bbox 858 1612 1030 1660; x_wconf 78' lang='lat' dir='ltr'>quarta</span> <span class='ocrx_word' id='word_1_111' title='bbox 1063 1608 1535 1661; x_wconf 77' lang='lat' dir='ltr'>pag2·na.·†A1muy</span> <span class='ocrx_word' id='word_1_112' title='bbox 1556 1608 1656 1649; x_wconf 83' lang='lat' dir='ltr'><strong>R.&lt;10</strong></span> <span class='ocrx_word' id='word_1_113' title='bbox 1691 1609 1834 1661; x_wconf 83' lang='lat' dir='ltr'>padre</span> <span class='ocrx_word' id='word_1_114' title='bbox 1862 1621 1917 1649; x_wconf 84' lang='lat' dir='ltr'>en</span> 
     </span>
     <span class='ocr_line' id='line_1_18' title="bbox 298 1679 1916 1732; baseline 0.001 -13"><span class='ocrx_word' id='word_1_115' title='bbox 298 1679 483 1720; x_wconf 87' lang='lat' dir='ltr'>Christo</span> <span class='ocrx_word' id='word_1_116' title='bbox 519 1681 560 1720; x_wconf 91' lang='grc'>61</span> <span class='ocrx_word' id='word_1_117' title='bbox 595 1679 643 1721; x_wconf 90' lang='lat' dir='ltr'>P.</span> <span class='ocrx_word' id='word_1_118' title='bbox 674 1680 757 1720; x_wconf 89' lang='lat' dir='ltr'>M.0</span> <span class='ocrx_word' id='word_1_119' title='bbox 781 1680 962 1732; x_wconf 89' lang='lat' dir='ltr'>Ignatio</span> <span class='ocrx_word' id='word_1_120' title='bbox 993 1680 1048 1720; x_wconf 81' lang='lat' dir='ltr'>de</span> <span class='ocrx_word' id='word_1_121' title='bbox 1083 1680 1277 1732; x_wconf 89' lang='lat' dir='ltr'>Loyola,</span> <span class='ocrx_word' id='word_1_122' title='bbox 1312 1679 1554 1732; x_wconf 70' lang='lat' dir='ltr'>Proposito</span> <span class='ocrx_word' id='word_1_123' title='bbox 1584 1681 1776 1732; x_wconf 84' lang='lat' dir='ltr'>general</span> <span class='ocrx_word' id='word_1_124' title='bbox 1797 1681 1852 1721; x_wconf 80' lang='lat' dir='ltr'>de</span> <span class='ocrx_word' id='word_1_125' title='bbox 1873 1681 1916 1720; x_wconf 91' lang='lat' dir='ltr'>la</span> 
     </span>
    </p>
   </div>
   <div class='ocr_carea' id='block_1_5' title="bbox 297 1750 1646 1874">
    <p class='ocr_par' dir='ltr' id='par_1_9' title="bbox 297 1750 1646 1874">
     <span class='ocr_line' id='line_1_19' title="bbox 297 1750 1079 1804; baseline 0.003 -14"><span class='ocrx_word' id='word_1_126' title='bbox 297 1750 557 1802; x_wconf 76' lang='lat' dir='ltr'>Compafiia</span> <span class='ocrx_word' id='word_1_127' title='bbox 575 1751 630 1791; x_wconf 81' lang='lat' dir='ltr'>de</span> <span class='ocrx_word' id='word_1_128' title='bbox 650 1751 801 1804; x_wconf 82' lang='lat' dir='ltr'>Jesus.</span> <span class='ocrx_word' id='word_1_129' title='bbox 826 1751 895 1791; x_wconf 88' lang='lat' dir='ltr'>En</span> <span class='ocrx_word' id='word_1_130' title='bbox 915 1750 1079 1792; x_wconf 85' lang='lat' dir='ltr'>Roma.</span> 
     </span>
     <span class='ocr_line' id='line_1_20' title="bbox 374 1821 1646 1874; baseline 0.002 -13"><span class='ocrx_word' id='word_1_131' title='bbox 374 1821 485 1861; x_wconf 77' lang='lat' dir='ltr'>Alia</span> <span class='ocrx_word' id='word_1_132' title='bbox 507 1833 668 1862; x_wconf 72' lang='lat' dir='ltr'>manu:</span> <span class='ocrx_word' id='word_1_133' title='bbox 694 1821 808 1862; x_wconf 82' lang='lat'><strong>1556.</strong></span> <span class='ocrx_word' id='word_1_134' title='bbox 832 1822 1027 1862; x_wconf 80' lang='lat' dir='ltr'>Murcia.</span> <span class='ocrx_word' id='word_1_135' title='bbox 1052 1822 1428 1874; x_wconf 85' lang='lat' dir='ltr'>Quadrimestres</span> <span class='ocrx_word' id='word_1_136' title='bbox 1453 1822 1496 1862; x_wconf 90' lang='grc'>11</span> <span class='ocrx_word' id='word_1_137' title='bbox 1521 1822 1646 1863; x_wconf 86' lang='lat' dir='ltr'>Maii.</span> 
     </span>
    </p>
   </div>
   <div class='ocr_carea' id='block_1_6' title="bbox 377 1892 867 1934">
    <p class='ocr_par' dir='ltr' id='par_1_10' title="bbox 377 1892 867 1934">
     <span class='ocr_line' id='line_1_21' title="bbox 377 1892 867 1934; baseline 0.002 -2"><span class='ocrx_word' id='word_1_138' title='bbox 377 1893 438 1933; x_wconf 88' lang='lat' dir='ltr'>Et</span> <span class='ocrx_word' id='word_1_139' title='bbox 459 1892 574 1933; x_wconf 76' lang='lat' dir='ltr'>alia:</span> <span class='ocrx_word' id='word_1_140' title='bbox 595 1893 867 1934; x_wconf 83' lang='lat' dir='ltr'>Emendata.</span> 
     </span>
    </p>
   </div>
   <div class='ocr_carea' id='block_1_7' title="bbox 348 2077 785 2160">
    <p class='ocr_par' dir='ltr' id='par_1_11' title="bbox 348 2077 785 2160">
     <span class='ocr_line' id='line_1_22' title="bbox 350 2077 785 2107; baseline 0.002 -2"><span class='ocrx_word' id='word_1_141' title='bbox 350 2077 360 2098; x_wconf 69' lang='grc' dir='ltr'><strong><em>Ξ</em></strong></span> <span class='ocrx_word' id='word_1_142' title='bbox 401 2078 478 2106; x_wconf 87' lang='lat' dir='ltr'>huic</span> <span class='ocrx_word' id='word_1_143' title='bbox 494 2079 583 2105; x_wconf 83' lang='lat' dir='ltr'><em>vrbi.</em></span> <span class='ocrx_word' id='word_1_144' title='bbox 599 2078 785 2107; x_wconf 51' lang='lat' dir='ltr'>Ponticus,</span> 
     </span>
     <span class='ocr_line' id='line_1_23' title="bbox 348 2125 663 2160; baseline 0 -7"><span class='ocrx_word' id='word_1_145' title='bbox 348 2125 362 2145; x_wconf 78' lang='lat'><strong>²</strong></span> <span class='ocrx_word' id='word_1_146' title='bbox 398 2127 496 2160; x_wconf 80' lang='lat' dir='ltr'>grati</span> <span class='ocrx_word' id='word_1_147' title='bbox 507 2126 595 2160; x_wconf 77' lang='lat' dir='ltr'><em>fere.</em></span> <span class='ocrx_word' id='word_1_148' title='bbox 612 2126 663 2154; x_wconf 85' lang='lat' dir='ltr'>ID.</span> 
     </span>
    </p>
   </div>
  </div>
 </body>
</html>
