2020 3342
852 220 934 258 AN.
966 220 1057 259 1550
1695 219 1765 255 549

140 320 214 361 hic
250 320 446 360 collecto
482 318 728 359 certiorem
762 317 915 358 facere
951 315 1195 365 conuenit,
1231 325 1370 366 quam
1411 313 1683 353 breuissime
1720 314 1761 353 id

141 392 267 432 iussu
289 389 549 441 Superioris
570 389 716 428 nostri
737 388 905 428 facturi
928 398 1101 428 sumus.
1126 384 1455 437 Superioribus
1486 384 1640 435 itaque
1672 383 1759 423 die-

140 462 227 502 bus
249 468 291 501 et
314 460 679 511 Archiepiscopo
701 465 744 499 et
766 459 864 499 eius
886 457 1185 509 suffraganeo
1208 455 1378 507 priuati
1409 466 1568 494 sumus
1599 452 1631 493 ¹:
1657 465 1761 504 quo-

143 543 248 572 rum
269 531 423 571 obitus
437 530 702 582 plurimum
730 529 870 579 angit
897 540 992 579 eos,
1023 528 1105 580 qui
1131 530 1308 567 norunt
1336 525 1607 576 cujusmodi
1633 528 1763 569 sunt,

142 602 225 654 qul
257 613 380 642 nunc
412 601 461 641 in
488 612 649 641 eorum
685 600 837 640 locum
863 600 999 650 forte
1032 597 1286 650 cooptandz'
1308 599 1478 636 essent.
1518 595 1692 635 Reddit
1721 599 1763 634 et

138 673 249 713 haec
269 672 282 691 ³
312 684 385 713 res
415 671 638 712 Senatum
665 678 874 711 nostrum
901 682 992 710 non
1024 681 1187 720 parum
1217 668 1449 708 solicitum
1478 666 1656 715 reddit,
1683 666 1761 717 qui

138 744 258 784 hanc
279 743 365 784 sibi
394 743 689 783 commissam
722 742 959 782 ciuitatem
989 741 1034 781 in
1064 752 1174 781 uera
1203 746 1246 779 et
1273 738 1503 779 catholica
1535 737 1759 788 religione

135 815 407 856 conseruari
429 820 651 866 perpetuo
674 819 884 864 cuperet,
908 818 956 852 ut
979 812 1135 852 multis
1157 809 1445 861 argumentis
1466 809 1590 848 clare
1612 814 1757 848 osten—

135 885 215 926 dit.
250 885 385 926 Certe
417 885 482 925 sic
513 896 622 924 suos
653 884 699 924 in
730 883 879 924 officio
915 883 1141 932 continet,
1180 892 1228 921 ut
1262 892 1420 929 nemo,
1459 876 1759 931 quantumuis

135 956 413 1005 haereticus,
438 957 591 1008 palam
614 955 786 1007 aliquid
807 954 1094 994 committere
1123 952 1312 1002 audeat,
1337 951 1456 1002 quod
1480 963 1506 990 a
1527 950 1758 990 catholico

135 1028 334 1068 alienum
363 1027 436 1076 sit,
467 1027 514 1066 ni
541 1026 658 1066 forte
689 1025 828 1066 exilio
859 1024 1073 1065 mulctari
1100 1023 1224 1063 uelit.
1259 1023 1412 1062 Bonos
1441 1033 1601 1062 omnes
1623 1021 1757 1060 unice

134 1105 280 1148 amat,
304 1104 348 1138 et
371 1108 541 1148 magno
572 1097 747 1136 honore
778 1095 932 1145 afficit;
956 1092 1345 1146 quemadmodum
1375 1098 1418 1132 et
1448 1103 1532 1131 nos
1554 1090 1757 1142 quotidie

133 1169 414 1221 experimur.

213 1241 385 1281 Consul
407 1246 600 1291 uterque
621 1239 756 1279 huius
778 1238 906 1287 anni,
932 1242 1023 1288 pro
1055 1234 1305 1286 singulam·
1329 1244 1489 1273 eornm
1519 1233 1568 1272 ιἰι
1598 1244 1756 1272 omna:

135 1310 390 1362 religiosos
412 1314 454 1350 et
472 1311 614 1350 bonos
636 1309 889 1355 charitate,
910 1307 967 1347 D.
994 1306 1231 1347 Arnuldus
1259 1304 1474 1355 Sigenius
1496 1311 1539 1343 et
1561 1304 1617 1343 D.
1642 1303 1754 1343 Her-

132 1393 331 1423 mannus
352 1381 701 1422 Sudermannus
727 1380 756 1430 ³,
781 1386 971 1432 paterne
994 1377 1243 1418 admodum
1262 1388 1344 1416 nos
1368 1376 1753 1426 complectuntur.

131 1453 339 1505 Quorum
366 1453 441 1493 ille
469 1464 571 1492 cum
599 1452 724 1492 alias
744 1451 1032 1502 frequenter,
1061 1453 1161 1489 tum
1184 1446 1511 1499 supem‘ombns
1533 1445 1757 1496 proxime

130 1524 314 1575 diebus,
335 1531 431 1564 tam
453 1525 716 1564 humaniter
738 1523 871 1563 nobis
893 1533 1076 1562 omnem
1106 1531 1238 1560 suam
1267 1529 1458 1569 operam
1490 1517 1674 1566 obtulit;
1709 1524 1755 1556 ut

131 1596 176 1636 in
211 1607 303 1636 non
339 1595 570 1636 modicam
604 1606 731 1646 spem
768 1601 949 1634 erectus
985 1592 1093 1641 sim,
1130 1591 1229 1631 fore
1266 1596 1313 1629 ut
1353 1588 1562 1629 Societas
1595 1594 1755 1627 nostra

129 1678 210 1719 per
238 1667 364 1707 illum
394 1667 588 1706 multum
616 1665 874 1705 adiuuetur.
910 1663 998 1704 Hic
1025 1674 1136 1702 uero
1165 1668 1373 1701 nostram
1400 1670 1592 1699 causam
1620 1659 1756 1709 plane

130 1749 263 1778 suam
298 1737 464 1778 fecisse
498 1737 705 1777 uidetur:
737 1736 850 1775 adeo
887 1733 901 1753 ⁴
933 1739 1094 1774 nostro
1126 1733 1171 1772 in
1201 1731 1387 1782 negotio
1415 1730 1661 1780 diligenter
1694 1730 1753 1768 lwt

129 1809 283 1857 borat
308 1814 446 1860 atque
468 1808 506 1848 si
528 1807 766 1859 proprium
798 1812 934 1846 esset
958 1804 1080 1845 Data
1112 1802 1359 1843 occasione
1388 1802 1567 1852 aliqua,
1598 1811 1754 1851 qnam-

130 1880 205 1920 vz's
241 1879 254 1899 ⁵
289 1880 501 1930 minima,
537 1878 840 1919 honorificam
873 1875 1120 1917 admodum
1153 1874 1301 1914 nostri
1331 1872 1612 1913 mentionem
1646 1870 1756 1911 facit

129 1951 252 2003 apud
273 1963 376 1999 eos,
400 1952 478 2002 qui
507 1961 641 2002 opem
662 1948 835 1989 nostris
856 1947 994 1988 rebus
1021 1945 1186 1986 afferte
1217 1956 1354 1996 posse
1384 1949 1622 1995 putantur,
1654 1953 1755 1982 nos

127 2034 214 2074 que
242 2022 308 2063 eis
338 2021 498 2062 sedulo
530 2020 779 2061 admodum
811 2017 1121 2059 commendat.
1151 2016 1306 2067 Nuper
1339 2015 1477 2055 etiam
1507 2013 1755 2065 quemdam

129 2094 288 2145 magni
309 2093 510 2133 nominis
534 2092 685 2133 uirum
706 2099 865 2131 nostro
887 2089 1074 2130 nomine
1104 2087 1323 2136 accessit,
1350 2092 1393 2126 et
1424 2097 1528 2126 cum
1556 2096 1609 2124 eo
1632 2084 1752 2124 serio

128 2165 265 2216 plane
287 2164 342 2205 de
364 2164 502 2204 rebus
523 2163 695 2203 nostris
717 2162 835 2213 egit3
860 2167 903 2201 et
925 2160 1059 2201 ualde
1080 2159 1147 2199 eis
1177 2163 1444 2206 succenset,
1478 2156 1644 2208 quibus
1666 2155 1754 2194 mi-

133 2247 219 2276 nus
246 2242 406 2276 nostra
434 2235 652 2275 uidentur
678 2244 780 2273 esse
812 2231 955 2272 cordi.
989 2231 1112 2271 Bene
1141 2235 1389 2281 propterea
1418 2227 1552 2267 nobis
1579 2227 1754 2274 uolunt,

132 2312 269 2358 atque
291 2305 334 2346 id
358 2318 406 2346 re
428 2306 528 2357 ipsa
550 2304 793 2345 manifeste
821 2301 1069 2343 ostendunt
1090 2300 1222 2341 multi
1253 2299 1329 2340 alii
1358 2298 1588 2350 praeclari
1619 2296 1756 2338 Sena-

130 2383 276 2428 tores;
314 2377 405 2417 imo
437 2383 584 2417 totum
615 2375 710 2416 fere
746 2385 850 2415 eum
882 2372 1091 2413 ordinem
1121 2371 1387 2411 deuinctum
1423 2368 1756 2409 consuetudine

130 2456 352 2489 tenemus.

210 2519 426 2560 Nondum
449 2525 603 2559 tamen
624 2518 758 2558 nobis
787 2516 1037 2568 collegium
1058 2514 1308 2563 dederunt,
1333 2524 1425 2552 non
1455 2511 1577 2563 quod
1606 2510 1755 2550 nolint

127 2591 304 2641 (uolunt
325 2591 448 2631 enirn
468 2601 607 2641 quarn
631 2588 847 2638 maxime)
869 2587 950 2628 sed
972 2587 1078 2639 quia
1102 2587 1327 2626 hactenus
1348 2584 1525 2624 nullum
1547 2593 1748 2622 uacuum

179 2752 186 2769 ⁸
227 2751 373 2785 Joannes
386 2751 492 2785 Nopel
506 2757 571 2777 von
585 2750 777 2784 Lippstadt,
791 2749 1036 2783 suffraganeus,
1050 2747 1168 2774 vivere
1184 2746 1281 2773 desiit
1293 2745 1340 2772 6.a
1352 2743 1430 2777 Julii
1447 2742 1512 2770 1556
1526 2742 1739 2774 (BRAUNSBER
1749 2750 1755 2753 ·

124 2807 199 2832 GER,
217 2800 236 2826 1.
253 2807 293 2832 6.,
309 2806 386 2833 pag.
398 2798 460 2831 215,
477 2803 592 2825 annot⁴
609 2798 648 2831 3);
670 2796 848 2831 Adolphus
869 2799 983 2822 autem
1006 2802 1069 2820 von
1094 2792 1348 2824 Schauenburg.
1374 2789 1670 2823 Archiepiscopus,
1687 2787 1747 2813 2⁴1²

129 2845 338 2881 Septembris
354 2845 503 2880 ejusdem
515 2844 594 2872 anni
610 2844 679 2871 1556
692 2842 824 2877 (ΟΑΜ5).

176 2894 189 2912 '²
229 2901 329 2928 quae.
345 2893 532 2920 PotAxcus.

177 2941 190 2960 ⁵
230 2941 399 2968 Arnoldus
415 2948 480 2967 von
496 2940 619 2974 Siegen
637 2944 668 2967 et
687 2938 901 2966 Hermannus
917 2936 1138 2964 Sudermann.
1156 2934 1305 2966 HANSEN,
1324 2933 1342 2960 l.
1359 2939 1400 2965 c.,
1412 2938 1491 2966 pag.
1506 2930 1555 2958 261
1572 2933 1604 2957 et
1619 2928 1681 2956 279.

178 2990 192 3010 ¹⁴
229 2991 315 3016 tam.
329 2988 514 3016 Pomncus.

182 3036 194 3055 ⁵
234 3036 300 3064 vel.
320 3035 367 3063 ID.
