2020 3342
242 220 315 259 480
756 221 981 258 LITTERAE
1008 230 1366 262 QquRmEsrRsss

244 324 518 370 exposcunt;
542 318 665 370 quod
692 329 787 357 non
810 317 951 356 semel
972 316 1069 356 fieri
1091 315 1319 366 Videmus,
1350 316 1439 358 hoc
1459 322 1667 368 tempore
1688 317 1875 368 potissi-

244 401 384 440 mum,
408 389 596 441 quidam
617 400 675 428 ex
697 388 766 438 iis,
792 394 893 427 orta
916 388 1033 426 inter
1055 398 1135 425 eos
1154 387 1405 434 simultate,
1440 398 1637 426 uxorem
1658 388 1867 439 repudia-

244 466 332 510 rat;
356 471 552 511 cumque
572 459 773 510 plurimi,
798 469 877 498 eos
898 458 944 497 in
965 458 1168 508 gratiam
1186 457 1409 497 reducere
1427 458 1621 508 experti,
1640 458 1704 498 nil
1721 459 1867 510 profe-

244 530 430 580 cissent,
460 529 647 581 quidam
675 529 853 578 Patres,
885 528 1077 568 dissidio
1109 527 1312 579 cognito,
1346 540 1445 568 rem
1475 539 1658 568 omnem
1685 541 1868 581 compo-

244 606 450 641 suerunt.
474 599 609 640 Addo
631 600 796 650 nullos,
821 605 901 639 aut
922 605 1047 639 certe
1068 609 1258 649 paucos,
1285 599 1423 638 morti
1452 610 1501 638 se
1531 599 1711 640 vicinos
1732 601 1870 641 senti-

243 683 308 721 re,
328 671 436 721 quin
459 669 706 710 Societatis
728 681 863 721 opem
883 669 1144 720 implorent.
1169 669 1510 709 Assistentibus
1532 669 1633 709 viro
1655 671 1871 711 morienti

244 741 486 781 monachis
507 741 784 792 quibusdam
806 740 1030 791 probatae
1057 739 1311 789 religionis,
1337 745 1380 779 et
1409 740 1535 779 vitae
1558 741 1871 781 sanctimonia

243 812 523 863 conspicuis,
561 812 653 863 qui,
690 812 837 851 literis
866 817 910 850 et
939 810 1146 850 moribus
1175 810 1388 861 spectati,
1425 811 1714 852 valentinam
1749 812 1873 852 hanc

244 883 425 934 plebem
446 883 541 922 suis
563 882 867 922 concionibus
888 880 1219 920 iucundissime
1241 881 1384 930 alunt,
1409 881 1547 921 acciti
1569 888 1676 922 sunt
1697 882 1804 923 illuc
1826 891 1870 923 et

244 953 405 1002 nostri,
430 953 523 1004 qui,
547 953 593 992 in
622 953 722 1004 ipso
743 952 901 992 statim
928 951 1095 990 domus
1125 951 1280 990 limine
1309 951 1523 1001 ingressi,
1555 952 1643 992 hoc
1664 964 1691 992 a
1718 953 1868 994 dome-

244 1024 375 1064 sticis
403 1035 451 1063 se
473 1023 708 1063 audiuisse
735 1023 1007 1062 retulerunt:
1034 1021 1264 1070 “veniant,
1289 1021 1479 1061 veniant
1500 1023 1532 1062 ii
1553 1022 1636 1073 (sic
1658 1023 1778 1064 enim
1806 1024 1871 1064 illi

246 1094 502 1145 dicebant);
539 1106 647 1134 nam
681 1093 903 1145 quidquid
938 1098 1123 1144 praeter
1157 1092 1242 1131 hos
1278 1100 1505 1143 superest,
1538 1104 1693 1144 nugae
1720 1100 1868 1145 sunt„;

245 1166 402 1217 itaque
437 1166 606 1205 mirum
641 1172 710 1205 est
745 1176 884 1215 quam
920 1165 1214 1209 venientibus
1254 1164 1391 1205 fuerit
1431 1164 1488 1204 ab
1528 1165 1760 1206 Vniuersis
1795 1178 1870 1217 ap-

245 1237 474 1287 plausum.

325 1307 575 1347 Exciderat
612 1320 634 1347 e
670 1308 909 1356 memoria,
948 1308 1070 1359 quod
1102 1315 1208 1348 ante
1245 1309 1400 1349 omnia
1437 1308 1613 1348 dictum
1648 1308 1869 1359 oportuit:

245 1378 487 1418 monachis
508 1390 565 1418 ex
585 1378 643 1418 D.
668 1378 901 1418 Dominici
922 1380 1082 1420 ordine
1103 1392 1188 1420 nos
1209 1380 1373 1420 crebro
1393 1379 1716 1428 inuisentibus,
1739 1379 1871 1420 nobis

246 1448 472 1500 siquidem
495 1460 600 1489 cum
621 1449 687 1489 eis
709 1450 956 1499 plurimum
976 1449 1309 1491 familiaritatis
1336 1450 1613 1501 intercessit,
1644 1460 1804 1490 eorum
1825 1449 1872 1489 in

246 1519 335 1559 hac
357 1519 600 1570 provincia
620 1519 900 1571 praefectus,
933 1527 1070 1572 atque
1099 1520 1235 1572 hujus
1256 1521 1483 1561 valentini
1509 1520 1721 1561 coenobii
1741 1532 1871 1572 prae-

246 1601 335 1639 ses,
359 1590 448 1630 duo
469 1596 643 1641 tantae,
673 1602 757 1630 nec
788 1591 903 1631 satis
925 1591 1155 1641 laudatae,
1187 1592 1426 1643 religionis
1459 1591 1721 1631 clarissima
1740 1591 1870 1631 lumi-

245 1672 320 1711 na,
355 1662 559 1700 solemne
590 1672 776 1701 sacrum
802 1660 940 1701 Petro
969 1674 1023 1702 ac
1052 1661 1192 1702 Paulo
1220 1662 1462 1714 Apostolis
1490 1663 1536 1702 in
1566 1668 1726 1702 nostra
1757 1661 1871 1702 aede

245 1736 474 1771 concentu
496 1732 672 1771 musico
694 1743 1035 1784 numerosaque
1054 1733 1339 1773 audientium
1362 1745 1535 1773 corona
1559 1732 1868 1773 celebrarunt:

243 1801 383 1842 iidem
406 1802 569 1842 deinde
586 1803 846 1853 spiritualia
869 1804 1093 1844 exercitia
1116 1815 1197 1844 seu
1215 1804 1508 1851 documenta,
1529 1815 1690 1844 eorum
1711 1803 1870 1855 impul-

245 1884 298 1912 su
319 1873 405 1912 sibi
426 1873 613 1923 tradita,
638 1874 840 1913 maximo
859 1885 963 1913 cum
985 1874 1139 1914 fructu
1161 1882 1461 1926 acceperunt:
1482 1875 1561 1914 alii
1578 1873 1870 1925 postmodum

247 1943 451 1984 eiusdem
470 1944 633 1984 classis
650 1944 881 1995 monachi,
901 1945 1155 1996 profecturi
1171 1951 1221 1985 ut
1237 1945 1477 1996 religionis
1500 1946 1674 1985 cultum
1694 1944 1740 1984 in
1762 1955 1878 1996 quo-1

247 2015 352 2054 dam
375 2026 563 2055 suorum
583 2015 808 2055 coenobio
830 2017 1087 2067 collapsum
1109 2016 1407 2056 restituerent
1430 2015 1680 2067 divinoque
1700 2016 1880 2067 praesim

248 2085 322 2125 dio
361 2085 615 2135 firmarent,
657 2085 820 2126 eadem
860 2086 991 2137 quasi
1031 2087 1214 2138 spiritui
1253 2087 1472 2138 pabulum
1507 2086 1872 2127 exercitamenta

247 2156 559 2207 quaesierunt,
584 2156 728 2196 fratre
761 2155 1007 2197 Societatis
1028 2164 1233 2208 nostrae,
1259 2158 1336 2209 qui
1358 2170 1411 2198 ea
1443 2163 1733 2208 suggereret,
1764 2157 1873 2198 illuc

247 2232 397 2276 eunte;
421 2239 529 2266 nam
546 2239 650 2267 cum
672 2228 828 2278 plures
849 2234 954 2268 octo
976 2234 1055 2268 aut
1076 2234 1188 2279 puto
1214 2226 1263 2268 10
1282 2228 1657 2279 numerarentur,
1681 2239 1762 2279 per
1783 2229 1870 2268 loci

247 2298 526 2347 angustiam,
552 2309 643 2349 qua
664 2298 933 2349 premimur,
959 2299 1048 2339 huc
1070 2310 1150 2339 eos
1171 2299 1340 2339 diverti
1362 2310 1453 2339 non
1475 2299 1618 2339 licuit.

325 2368 528 2418 Augusti
550 2380 706 2408 mense
728 2368 849 2408 diem
880 2369 1109 2409 celebrem
1137 2368 1311 2410 Sancto
1337 2369 1603 2419 Dominiec),
1634 2370 1871 2422 religionis

248 2439 516 2488 institutori,
540 2439 602 2479 illi
630 2440 926 2490 persoluturi,
954 2440 1140 2480 Patrem
1161 2440 1377 2480 Ramirez
1398 2441 1460 2480 ibi
1487 2441 1871 2481 concionaturum

246 2516 551 2560 vocauerunt‚
576 2508 705 2561 cujus
734 2511 964 2561 concioni,
990 2523 1094 2551 cum
1116 2517 1237 2551 esset
1258 2511 1404 2551 literis
1426 2517 1469 2551 et
1495 2523 1678 2552 morum
1704 2512 1872 2552 sancti-

247 2586 343 2620 tate
369 2580 678 2630 observanda,
711 2581 1034 2631 interfuerunt,
1066 2582 1240 2633 plebeis
1267 2592 1424 2632 parco,
1458 2582 1677 2622 monachi
1698 2582 1871 2634 passim

249 2662 304 2691 ac
321 2649 579 2702 jurisperiti
600 2651 814 2691 omnibus
835 2651 1107 2691 eruditionis
1136 2651 1341 2691 numeris
1371 2651 1587 2702 absoluti,
1612 2663 1716 2692 curn
1742 2658 1871 2692 tanta

248 2721 595 2762 advenientium
630 2722 936 2771 multitudine,
971 2729 1018 2762 ut
1048 2733 1185 2762 sacra
1217 2722 1293 2762 illa
1322 2723 1502 2772 domus,
1528 2723 1749 2774 capacior
1770 2723 1872 2774 plus

245 2791 369 2842 justo
390 2797 434 2831 et
455 2791 729 2842 spaciosior,
751 2792 988 2843 capiendis
1005 2792 1075 2841 iis,
1095 2792 1308 2843 intraque
1326 2804 1459 2832 suum
1477 2794 1627 2833 sinum
1644 2793 1870 2844 fovendis,

249 2873 340 2902 non
365 2861 608 2902 sufficeret.

329 2931 503 2971 DIebus
538 2931 666 2971 festis
694 2932 816 2972 domi
847 2940 1035 2973 nostrae
1063 2934 1251 2984 copioso
1280 2934 1393 2974 satis
1416 2933 1699 2974 audientium
1725 2945 1871 2985 grege

246 3003 378 3043 horis
405 3002 735 3053 pomeridianis
770 3003 925 3042 xiana.
958 3004 1182 3044 institutio
1212 3005 1499 3055 declaratur,
1530 3011 1574 3045 et
1595 3016 1685 3055 quo
1707 3004 1877 3045 melius.
