2020 3342
280 236 346 273 170
788 237 1016 276 LITTERAE
1041 249 1123 282 QUA
1130 249 1397 277 DR1MESTREs

359 334 711 386 superscriptio
732 335 781 375 in
802 339 970 375 octava
990 336 1196 388 pagina:
1227 338 1253 381 †
1280 336 1341 377 Al
1368 337 1511 377 molto
1533 335 1633 376 R.d0
1655 337 1700 377 in
1720 336 1802 377 X.⁰
1832 337 1898 387 Ρ.,

278 404 308 444 il
330 404 378 445 P.
402 405 464 445 M.
488 404 670 455 Ignatio
687 406 742 446 de
762 406 956 458 Loyola‚
981 406 1221 459 Preposito
1238 408 1458 458 generale
1475 407 1593 448 della
1610 407 1901 460 Compagnia

279 475 335 515 de
353 476 478 528 Jesu,
502 476 549 516 in
570 475 732 516 Roma.

359 546 469 586 Alsa
503 558 665 588 manu:
703 548 818 589 1556.
847 549 1082 590 Siracusa.
1118 549 1178 589 Di
1215 549 1408 600 Giorgio
1439 548 1753 589 palermitano
1790 562 1816 590 a
1849 549 1903 590 20

280 616 322 656 d'
347 617 522 668 Aprile.
548 618 640 658 R.ta
661 631 686 659 a
714 619 760 659 13
779 619 825 660 di
845 620 1051 671 Maggio.
1077 619 1131 670 Q.
1156 619 1200 660 S.

372 673 633 739 festigium
652 701 782 730 cerae
798 690 968 741 sigilli.

547 1133 828 1162 Praecedentium
844 1134 983 1169 Georgii
997 1135 1149 1163 Mei-cato
1165 1135 1358 1162 litterarum
1376 1134 1483 1162 latina
1496 1135 1609 1163 versio
1626 1136 1646 1163 ¹.

995 1278 1092 1355 Iffis
1113 1315 1196 1355 M.a

365 1475 528 1516 Gratia
551 1481 595 1515 et
615 1487 709 1527 pax
729 1476 918 1516 Domini
939 1475 1087 1516 nostri
1107 1476 1216 1529 Jesu
1238 1475 1346 1527 Xpi.
1380 1475 1438 1515 sit
1466 1486 1650 1526 semper
1681 1476 1726 1516 in
1760 1477 1888 1517 cordi

283 1547 369 1586 bus
386 1546 573 1587 nostris.
594 1546 760 1588 Amen.

363 1617 463 1657 R.de
488 1618 536 1657 in
555 1618 677 1669 Xpo.
700 1618 852 1658 Pater.

363 1688 427 1729 Vt
449 1696 724 1729 consuetum
746 1695 790 1728 et
812 1689 1039 1741 optimum
1061 1688 1309 1730 Societatis
1329 1701 1531 1740 morem,
1560 1701 1649 1741 quo
1681 1690 1737 1729 de
1766 1690 1908 1730 omni·

282 1759 368 1800 bus
388 1760 576 1811 pietatis
597 1760 815 1811 operibus
836 1759 889 1800 R.
912 1760 1068 1800 V.tram
1089 1761 1335 1801 certiorem
1355 1760 1510 1801 facere
1532 1761 1797 1812 consueuit,
1832 1761 1907 1800 ob-

282 1842 594 1879 seruaremus,
620 1842 737 1881 quae
760 1831 893 1870 Deus
913 1835 1007 1883 opt.
1027 1842 1160 1871 max.
1173 1836 1262 1883 per
1285 1832 1463 1871 Patres
1481 1831 1731 1871 Soc-fetatis
1748 1837 1906 1883 opera-

282 1904 363 1940 tur
384 1899 413 1947 ²,
437 1901 656 1953 expedire
677 1902 829 1942 visum
852 1908 937 1952 est,
961 1902 1013 1951 si,
1038 1913 1156 1952 quae
1177 1902 1252 1942 hic
1273 1901 1401 1942 Deus
1427 1902 1655 1954 principio
1683 1902 1818 1943 huius
1839 1914 1908 1942 re-

284 1972 431 2012 centis
453 1972 637 2023 collegii
660 1972 927 2022 ostenderit,
952 1973 1278 2013 scriberemus.
1302 1973 1359 2013 Et
1375 1973 1481 2013 licet
1498 1974 1640 2013 multa
1659 1973 1766 2023 sint,
1789 1984 1908 2024 quae

283 2042 424 2083 scribi
445 2050 654 2094 possent,
680 2043 886 2083 conabor
914 2050 1092 2094 tamen,
1118 2043 1270 2095 quoad
1290 2043 1390 2083 fieri
1416 2044 1605 2095 poterit,
1630 2043 1908 2084 breuitatem

280 2117 549 2165 praestare.

368 2185 485 2236 Quis
505 2185 626 2224 enim
647 2196 856 2236 ‘Unquam
876 2185 1066 2225 modum
1093 2184 1168 2224 his
1196 2184 1351 2224 literis
1380 2184 1592 2225 inueniat
1622 2184 1636 2203 ³
1667 2185 1743 2237 qui
1771 2185 1911 2225 sciret

289 2261 462 2307 quanta
492 2255 629 2296 fuerit
658 2255 850 2296 Patrum
878 2268 932 2295 ac
958 2255 1156 2296 fratrum
1187 2255 1450 2296 constantia
1485 2256 1530 2295 in
1558 2256 1737 2296 iniuriis
1760 2267 1908 2307 aequo

289 2327 444 2366 animo
471 2326 693 2377 ferendis,
723 2338 842 2378 quae
867 2332 933 2366 tot
961 2333 1004 2366 et
1034 2333 1192 2366 tantae
1219 2327 1368 2376 fuere,
1392 2332 1442 2366 vt
1473 2327 1592 2366 aliae
1624 2333 1762 2378 atque
1789 2327 1909 2366 aliae

285 2402 469 2447 semper
485 2397 598 2437 illas
612 2398 905 2449 praeteritas
922 2398 1203 2437 accederent.
1223 2397 1392 2448 Itaque
1410 2408 1653 2448 nunquam
1670 2397 1911 2448 (quamuis

286 2467 540 2517 immerito)
563 2466 591 2518 ⁴,
615 2468 739 2520 quod
758 2468 892 2508 nobis
914 2468 1207 2518 obiiceretur‚
1240 2467 1414 2507 deerat.
1446 2467 1599 2519 Atque
1631 2480 1685 2508 eo
1706 2468 1910 2508 maiores

288 2538 337 2577 in
373 2549 460 2577 nos
493 2538 826 2579 insectationes
860 2538 1067 2588 fuerunt,
1104 2550 1195 2590 quo
1231 2550 1257 2578 a
1293 2539 1485 2578 maioris
1520 2538 1798 2589 sanctitatis,
1836 2539 1911 2578 vel

289 2610 647 2650 existimationis
665 2611 828 2650 saltem
846 2609 1197 2660 sanctimoniae,
1221 2609 1336 2649 viris
1357 2610 1788 2650 commouebantur.
1807 2609 1908 2650 Non

344 2771 353 2790 ¹
387 2766 640 2804 ⁴Autographae
654 2774 797 2805 quatuor
806 2771 905 2801 foliis.
918 2778 971 2797 nn.
987 2769 1113 2799 182-1821,
1127 2772 1249 2803 quarto
1262 2768 1341 2796 folio
1356 2776 1420 2796 non
1432 2773 1617 2796 numerato.
1633 2769 1723 2802 Quae
1736 2777 1755 2796 a
1768 2769 1913 2796 Poianco

290 2819 345 2844 vel
361 2818 474 2844 deleta
488 2818 542 2844 vel
558 2818 738 2845 emendata
752 2823 839 2851 sunt,
857 2818 990 2845 italicis
1004 2817 1266 2844 characteribus
1282 2817 1314 2843 in
1330 2820 1427 2844 textu
1442 2816 1645 2850 indicantur;
1663 2815 1914 2844 emendationes

291 2873 374 2892 vero
389 2866 422 2892 in
437 2865 716 2892 annotationibus
730 2866 954 2899 reperientur.

340 2912 354 2931 2
392 2919 481 2945 quae
496 2912 592 2939 Deus
606 2915 670 2946 per
686 2912 812 2939 Patres
827 2912 1015 2939 Societatis
1028 2914 1198 2947 operatur
1211 2912 1342 2938 addidit
1357 2911 1536 2939 Polancus.

342 2959 356 2978 5
393 2961 558 2993 retinere,
574 2960 740 2993 quamuis
755 2960 898 2994 dzfficile
910 2960 988 2994 quis
1003 2960 1136 2987 modum
1151 2960 1260 2987 literis
1276 2960 1467 2986 inueniret.
1480 2959 1665 2986 POLANcUs.

341 3007 355 3026 4
392 3006 541 3032 subinde
562 3006 685 3033 illatae
705 3008 987 3042 praeteritarum
1010 3007 1173 3033 obliuisci
1192 3005 1370 3038 facerents
1396 3013 1566 3040 nunquam
1586 3005 1752 3040 (quamuis
1773 3005 1912 3033 omnino

292 3052 483 3082 immerito).
495 3052 544 3083 ID-
