2020 3342
846 225 928 263 ΑΝ.
960 226 1049 264 1556
1684 226 1751 265 331

132 319 287 360 uerbis
309 319 335 360 ¹.
368 319 534 361 Postea
567 321 708 361 obtuli
741 320 1074 362 Serenissimae
1097 323 1328 363 Maiestati
1356 324 1587 364 rosarium
1608 335 1751 365 unum

132 389 302 430 Beatae
331 390 509 431 Mariae
531 391 587 432 de
607 392 803 441 Loreto,
828 393 950 444 quod
969 399 1213 444 gratanter
1234 404 1289 433 ac
1309 393 1532 434 beneuole
1554 395 1749 447 accepit,

133 460 332 501 offerens
360 473 428 512 se,
462 462 580 503 sicut
614 468 751 503 antea
781 462 1062 505 Societatem
1082 465 1334 516 promouit,
1359 465 1422 505 ita
1452 477 1501 506 se
1532 465 1752 518 deinceps

132 538 451 583 promoturum
472 534 698 584 promisit.

210 602 334 643 Idem
356 604 531 654 pariter
554 603 811 645 Archiduci
832 605 1128 646 Ferdinando
1150 605 1163 625 ²
1180 607 1327 647 altera
1343 607 1415 648 die
1432 607 1644 658 fecimus,
1662 609 1751 649 nisi

132 673 255 725 quod
275 679 455 714 tantum
477 681 588 724 treS‚
612 674 828 716 Canisius
849 676 1039 727 scilicet,
1063 677 1334 717 Blissemius
1355 676 1368 696 ⁵
1389 684 1434 718 et
1462 689 1565 729 ego,
1599 679 1751 719 adiue-

129 755 303 793 ramus,
327 745 500 785 relictis
523 746 625 785 aliis
645 746 867 787 fratribus
885 747 1023 797 domi,
1043 748 1236 788 consilio
1254 749 1562 800 quorumdam
1583 750 1751 790 amico-

129 826 246 864 rum,
271 815 350 866 qui
372 816 435 856 ita
456 815 554 856 fieri
575 824 819 857 suaserant
839 825 1055 869 respectu
1077 819 1253 868 eodem,
1279 831 1368 870 quo
1397 827 1441 860 et
1468 819 1752 861 Nicodemus

128 886 238 926 olim
258 887 516 936 laborabat,
536 899 642 928 cum
659 888 837 928 ueniret
854 889 912 929 ad
928 889 1083 942 Jesum
1102 896 1237 930 nocte
1252 902 1259 940 ;
1278 890 1441 931 fuisset
1459 897 1611 932 tamen
1630 891 1750 933 Suae

127 956 444 999 Excellentiae
466 964 667 1008 gratum.

210 1027 408 1080 Collegii
430 1029 637 1070 redditus
657 1036 763 1070 sunt
794 1031 1023 1082 assignati
1052 1032 1176 1072 mille
1203 1032 1532 1083 quadringenti
1562 1033 1707 1073 daleri
1737 1033 1751 1052 ⁴

127 1100 284 1147 annui,
309 1100 508 1151 primum
530 1101 779 1141 terminum
799 1103 1037 1154 accepturi
1059 1114 1234 1153 sumus,
1258 1110 1307 1143 ut
1324 1114 1582 1154 speramus,
1602 1104 1746 1153 breui,

127 1169 385 1220 integrum;
408 1171 635 1212 hactenus
656 1178 811 1212 tamen
832 1184 891 1213 ex
914 1173 1077 1214 eodem
1108 1174 1369 1225 recepimus
1399 1174 1495 1214 fere
1526 1175 1750 1216 ducentos

126 1240 326 1291 daleros,
350 1253 468 1293 quos
488 1242 584 1283 fere
606 1254 767 1283 omnes
788 1244 835 1283 in
853 1244 1094 1295 operarios
1111 1245 1412 1296 exposuimus
1430 1245 1627 1286 aedificii
1645 1257 1749 1286 cau-

133 1323 201 1362 sa,
232 1312 396 1363 quibus
424 1323 597 1364 magna
625 1325 805 1354 summa
837 1314 1043 1362 debetur,
1077 1316 1199 1355 ultra
1232 1316 1355 1356 mille
1386 1317 1585 1367 daleros,
1617 1329 1747 1368 quos,

125 1382 362 1423 undenam
391 1385 680 1434 exoluamus‚
713 1396 798 1425 nos
829 1386 961 1426 latet:
994 1397 1237 1437 speramus
1272 1394 1427 1427 tamen
1462 1388 1508 1427 in
1543 1387 1747 1428 Domino

124 1453 232 1505 quia
252 1453 350 1505 ipse
371 1454 509 1494 faciet
531 1453 559 1492 ⁵.

207 1523 277 1564 De
299 1525 610 1577 applicatione
639 1526 867 1568 bonorum
897 1528 1170 1569 monasterii
1197 1528 1464 1570 Oibinensis
1494 1528 1508 1548 ⁶
1538 1530 1746 1582 Collegio

126 1593 389 1646 Societatis‚
414 1596 571 1637 audiet
592 1597 650 1638 V.
674 1597 728 1638 R.
753 1610 810 1638 ex
831 1599 977 1639 literis
997 1599 1050 1639 R.
1076 1598 1123 1639 P.
1149 1599 1161 1617 ⁷
1185 1599 1309 1640 Petri
1330 1599 1520 1651 Canisii,
1544 1601 1599 1641 de
1617 1601 1748 1642 cuius

123 1666 190 1706 rei
211 1666 558 1718 dispensatione
580 1668 900 1710 desideramus
922 1669 1134 1710 effectum
1157 1670 1279 1722 apud
1301 1682 1531 1712 summum
1560 1671 1744 1713 Pontifi·

126 1748 243 1788 cem,
282 1737 341 1778 ad
373 1738 510 1790 idque
545 1740 867 1791 exequendum
902 1740 1038 1780 simul
1076 1741 1465 1793 supplicationem
1505 1743 1742 1784 mittimus.

125 1807 472 1850 Conuentiones
499 1810 650 1850 nullas
683 1810 912 1861 describO,
941 1823 1047 1852 nam
1078 1811 1284 1853 nondum
1316 1813 1633 1864 astringimur,
1667 1824 1747 1855 aut

123 1879 351 1931 aliquibus
385 1881 668 1931 obligamur,
706 1881 813 1932 quia
848 1881 1213 1924 confirmationis
1248 1884 1428 1924 litteras
1461 1884 1746 1926 fundationis

121 1949 331 2002 Collegii,
356 1951 521 2003 quibus
542 1952 744 1993 insertae
765 1952 961 1994 fuissent
983 1954 1289 2006 conditiones,
1313 1956 1353 1995 si
1374 1967 1492 2007 quae
1514 1963 1649 1996 erunt
1670 1957 1744 1997 ob-

122 2021 383 2062 seruandae
404 2022 450 2062 in
471 2023 561 2063 hoc
582 2029 841 2073 contractu,
874 2024 1080 2065 nondum
1110 2026 1394 2077 recepimus;
1425 2027 1506 2067 sed
1535 2034 1744 2079 tempore

119 2103 217 2143 suo,
241 2092 387 2144 inquit
407 2092 586 2134 Doctor
605 2093 764 2146 Jonas,
785 2093 1122 2146 CancellariUS,
1141 2096 1262 2137 sicut
1278 2095 1573 2138 Viennenses
1589 2098 1744 2139 hacte-

118 2174 205 2203 nus
238 2164 467 2215 patienter
502 2165 799 2216 negationem
833 2177 993 2206 earum
1029 2168 1249 2217 tulerunt,
1286 2173 1330 2208 et
1365 2168 1552 2208 tandem
1588 2169 1744 2220 adepti

117 2240 238 2281 sunt,
261 2225 328 2274 si'c
351 2240 395 2275 et
415 2246 501 2275 nos
523 2235 786 2287 Pragenses
808 2242 990 2288 tempus
1012 2237 1372 2278 determinatum
1394 2245 1646 2290 expectare
1668 2239 1741 2280 de-

117 2304 293 2355 bemus,
316 2307 530 2357 quamuis
552 2306 665 2347 nihil
686 2307 839 2348 minus
860 2308 1156 2359 recipiemus.

172 2463 181 2484 ¹
222 2464 338 2493 Verba
353 2466 437 2494 haec
452 2467 483 2494 in
499 2473 662 2502 separata
677 2468 799 2496 charta
814 2470 951 2504 scripsit
967 2477 1027 2504 per
1039 2470 1216 2497 librarium
1228 2469 1427 2499 Goissonius
1439 2476 1472 2499 et
1485 2471 1628 2500 Romam
1640 2473 1743 2500 misit.

118 2520 213 2547 quae.
230 2514 309 2548 quia
323 2519 398 2548 post
414 2515 594 2549 epistolam
608 2516 695 2544 hauc
711 2516 744 2544 in
758 2517 819 2544 hoc
835 2517 1005 2544 volumine
1020 2521 1139 2544 assuta
1160 2522 1247 2550 sunt,
1270 2518 1344 2546 ideo
1366 2519 1408 2546 ad
1431 2520 1530 2554 hujus
1550 2520 1655 2555 ipsius
1677 2521 1744 2555 epi·

117 2562 226 2588 stolae
242 2562 370 2589 calcem
381 2562 435 2590 hic
457 2556 685 2598 subjiciemus.
702 2563 788 2592 Vide
804 2565 904 2598 infra,
921 2572 999 2599 pag.
1014 2565 1081 2592 336.

170 2609 183 2627 ²
220 2608 425 2637 Ferdinandi
443 2610 456 2637 Ι
469 2610 535 2638 filio
548 2616 581 2637 et
597 2611 780 2639 Bohemiae
797 2612 963 2646 Pro-regi.

171 2656 185 2675 5
222 2656 256 2684 Ρ.
271 2657 438 2685 Henricus
453 2658 673 2693 Blyssemius.

167 2705 181 2724 ⁴
218 2703 368 2733 Talerus.
384 2706 539 2734 thalerus
554 2707 712 2740 (tlzaler),·
727 2707 799 2742 ejus
814 2709 968 2735 valorem
983 2708 1060 2736 vide
1077 2710 1165 2743 apud
1182 2709 1464 2742 BRAUNSBERGER,
1481 2712 1501 2738 1.
1520 2719 1558 2745 c.,
1583 2719 1662 2746 pag.
1677 2712 1739 2744 614,

115 2756 230 2779 annot.
244 2752 270 2779 4.
286 2757 319 2779 et
331 2760 411 2787 pag.
426 2754 487 2786 671,
501 2759 614 2781 annot.
631 2754 657 2788 5,
673 2758 706 2782 et
722 2755 754 2782 in
768 2755 917 2782 PoLANCI
934 2755 1112 2789 Chronico,
1127 2761 1150 2783 t.
1167 2765 1199 2791 v,
1215 2765 1293 2791 pag.
1308 2758 1370 2792 259,
1387 2764 1501 2786 annot.
1519 2760 1542 2786 1.

167 2798 181 2819 ⁵
218 2799 283 2827 Ubi
298 2807 358 2827 nos
369 2801 549 2829 scribimus
565 2802 648 2836 quia
664 2803 752 2837 ipse,
763 2804 928 2838 scriptum
941 2811 961 2830 a
976 2803 1146 2832 Goissonii
1158 2805 1298 2833 librario
1311 2806 1423 2834 fuerat
1436 2808 1640 2835 vocabulum
1653 2809 1740 2842 quod

115 2846 228 2881 legere
246 2855 312 2875 non
332 2849 486 2876 valemus
508 2849 587 2884 quia
608 2852 876 2885 superscriptum
897 2852 1001 2879 habet
1022 2859 1108 2879 nunc
1129 2853 1254 2887 quipse
1268 2853 1397 2887 (quz‘aP,
1414 2855 1533 2888 quod?,
1555 2856 1744 2889 quoniam?

115 2894 221 2929 ipse),·
234 2903 302 2923 vox
317 2900 431 2924 autem
444 2896 554 2929 faciet
569 2901 643 2925 erat
658 2898 764 2932 primo
772 2898 903 2933 faciat.

165 2939 181 2962 ⁶
217 2941 305 2970 Vide
320 2943 469 2971 PoLANc1
485 2944 686 2977 Chronicon.
701 2950 724 2973 t.
741 2953 787 2979 ιν,
803 2954 882 2981 pag.
896 2947 958 2979 265,
973 2952 1090 2975 annot.
1108 2955 1156 2976 111.

168 2988 182 3009 ⁷
219 2989 334 3018 Verba
350 2990 591 3028 R[everendi]
606 2992 765 3029 Pg'atris]
779 2994 896 3022 addita
917 3000 994 3022 sunt
1017 2995 1105 3024 inter
1129 2997 1245 3029 lineas.
1270 3002 1305 3028 ut
1329 2998 1474 3031 videtur,
1491 2999 1533 3026 ab
1554 3000 1626 3033 ipso
1649 2999 1743 3026 Gois-

117 3042 224 3065 sonio.
