2020 3342
886 292 967 332 AN.
1000 291 1088 333 155ss
1722 285 1798 332 '265

175 391 454 442 quempiam,
479 392 571 442 qui,
597 398 787 442 accepto
808 389 960 431 libello
983 388 1237 441 doctrinae,
1267 398 1312 431 vt
1330 384 1512 431 viderat
1530 392 1794 443 incoeptum

177 468 549 513 prosequeretur3
574 468 794 513 tantaque
824 463 993 514 pietate
1027 464 1168 503 animi
1204 458 1470 503 auditorum
1499 459 1650 503 affecti
1673 467 1794 513 sunt,

180 539 227 572 vt
258 533 513 573 secundum
549 533 825 585 tertiumque
863 534 1083 586 oppidum
1114 535 1468 586 insequerentur
1503 534 1795 575 concionato-

177 615 302 654 rem,
341 604 524 656 iamque
559 606 1034 657 appropinquantem,
1070 605 1129 646 ad
1163 606 1409 646 ecclesiam
1445 599 1794 657 praecedentes,

179 675 428 715 cimbalum
456 676 745 716 incessanter
774 677 1036 728 pulsabant,
1067 676 1284 717 affectum
1320 683 1363 717 et
1390 677 1559 717 famem
1581 675 1799 717 audiendi

139 782 145 786 .
178 746 309 786 verbi
330 746 474 786 diuini
502 745 810 797 declarantes,
849 748 1066 788 solatium
1100 747 1316 788 videlicet
1347 745 1560 788 miseriae
1588 754 1630 788 et
1654 743 1798 787 subsi-

176 816 302 858 dium
319 818 581 868 praesentis
597 817 781 868 inopiae
798 819 943 858 verbo
961 819 1060 870 ipso
1077 818 1406 870 suscipiebant.
1427 816 1688 859 Audierunt
1706 827 1798 858 non

178 899 354 938 paucas
375 888 708 939 confessiones,
733 895 776 929 et
799 902 856 929 ex
884 890 997 941 ipsis
1026 890 1206 942 aliquas
1236 891 1501 941 generales,
1532 900 1650 941 quae
1672 889 1799 929 solae

177 959 291 999 satis
326 959 558 999 sufficiens
593 960 870 1011 stipendium
907 967 1061 1001 essent
1098 962 1239 1002 totius
1273 962 1679 1013 peregrinationis.
1710 959 1798 1002 Tot

178 1031 376 1082 denique
396 1031 487 1071 viri
508 1037 550 1070 et
571 1031 788 1073 mulieres
811 1033 1027 1083 petebant
1051 1033 1214 1084 audiri,
1246 1039 1294 1073 vt
1327 1033 1454 1073 viros
1485 1033 1715 1084 Hispalim
1736 1045 1803 1073 re-

181 1101 385 1152 mittere,
422 1101 649 1142 foeminas
690 1109 843 1143 autem
887 1104 1073 1144 omnino
1106 1105 1317 1144 omittere
1351 1105 1613 1144 consultum
1647 1103 1800 1144 fuerit:

179 1172 364 1213 habitae
385 1180 491 1213 sunt
513 1174 696 1225 aliquae
722 1175 972 1214 conciones
1002 1175 1057 1215 de
1081 1188 1170 1215 non
1203 1176 1397 1216 iurando
1419 1175 1592 1216 frustra
1615 1176 1801 1218 nomine

178 1243 380 1294 Domini,
405 1244 478 1284 hic
501 1256 661 1284 omnes
683 1245 903 1296 oppidani
926 1246 971 1285 in
999 1248 1265 1296 catalogum
1295 1253 1337 1286 et
1367 1246 1803 1288 confraternitatem

179 1315 445 1366 conscripti,
469 1327 560 1367 quo
581 1327 630 1356 se
659 1322 817 1356 mutuo
841 1317 898 1357 ad
929 1317 1017 1357 hoc
1048 1318 1277 1367 iuuarent‚
1314 1319 1406 1358 illic
1445 1330 1554 1358 vero
1583 1318 1714 1370 quasi
1737 1329 1803 1357 re‘

177 1391 313 1437 pente
335 1386 503 1426 abrasa
526 1387 772 1427 videbatur
794 1388 978 1429 iurandi
1000 1390 1304 1437 consuetudo,
1326 1390 1388 1430 ita
1412 1397 1461 1429 vt
1493 1401 1610 1441 quos
1630 1389 1803 1432 dudum

179 1457 234 1497 de
266 1469 315 1497 re
341 1458 578 1498 leuissima
607 1458 874 1500 deiurantes
902 1460 1134 1511 audieras,
1165 1468 1268 1512 post
1304 1462 1592 1511 concionem,
1622 1461 1678 1501 de
1700 1472 1803 1511 gra-

178 1529 312 1569 uibus
333 1529 470 1569 rebus
507 1531 856 1582 contendentes,
892 1532 961 1572 ita
995 1536 1083 1582 est,
1119 1544 1305 1583 renem,
1341 1532 1526 1573 videres
1554 1532 1802 1573 affirmare.

178 1600 476 1652 Exceperunt
497 1601 672 1652 scripto
694 1603 842 1642 nostri
873 1603 1137 1654 spirituales
1160 1610 1202 1644 et
1225 1605 1506 1656 temporales
1528 1604 1805 1655 oppidorum

179 1671 498 1723 necessitateS,
523 1684 639 1724 quas
661 1672 841 1725 Hispali
863 1674 947 1724 his,
972 1686 1168 1726 quorum
1196 1674 1443 1726 prouidere
1471 1675 1710 1724 intererat,
1736 1686 1805 1717 re·

176 1743 365 1793 ferrent;
391 1755 587 1795 cumque
608 1756 667 1784 ex
688 1745 860 1785 nostris
883 1746 960 1786 alii
989 1746 1080 1786 alia
1102 1747 1273 1798 oppida
1294 1752 1605 1798 peragrarent
1627 1758 1804 1787 omnes-

180 1826 267 1866 que
289 1815 594 1855 xenodochiis
616 1815 957 1867 exciperentur,
982 1818 1086 1858 aliis
1105 1824 1262 1858 tamen
1280 1818 1537 1869 efflagitare
1569 1818 1806 1858 eleemosi-

180 1898 302 1937 nam,
328 1886 431 1926 aliis
454 1892 622 1938 autem,
647 1888 769 1928 vltra
791 1899 931 1939 quam
955 1901 1070 1941 opus
1092 1895 1207 1940 erat,
1233 1890 1437 1930 oblatam
1466 1890 1659 1931 reiicere
1688 1901 1806 1942 opus

180 1957 280 1998 fuit.

258 2029 555 2070 Licenciatus
593 2030 878 2081 Ceruantes,
921 2033 1136 2084 prouisor
1175 2034 1455 2085 praeteritus
1496 2033 1530 2083 ¹,
1573 2045 1808 2085 quaerens

179 2101 338 2151 otium,
381 2113 471 2152 quo
510 2101 597 2141 sibi
637 2101 930 2154 Dominoque
969 2112 1186 2154 vacaret,
1227 2116 1419 2145 munere
1459 2118 1509 2145 se
1548 2105 1807 2156 prouisoris

179 2179 486 2213 exoneratum
521 2174 714 2213 contulit
755 2174 1212 2226 Caesaraugustam,
1258 2176 1504 2227 inquisitor
1541 2177 1809 2217 haereticae

179 2243 426 2294 prauitatis
447 2244 645 2294 futurus,
670 2246 743 2284 vel
768 2246 919 2297 potius
937 2246 1155 2296 (Domino
1173 2247 1240 2287 sic
1257 2247 1548 2299 disponente)
1566 2253 1808 2299 protector

180 2320 461 2366 nostrorum,
485 2316 562 2366 qui
584 2316 630 2355 in
652 2315 884 2357 Societate
901 2317 1011 2370 Jesu
1029 2318 1197 2357 ibidem
1215 2325 1583 2359 commorantur:
1603 2325 1808 2370 praeter-

180 2387 280 2426 iens
316 2386 580 2427 Cordubam
617 2387 724 2427 visit
755 2395 966 2428 nostram
994 2389 1285 2440 probationis
1317 2390 1521 2441 domum,
1561 2396 1699 2443 atque
1730 2403 1807 2431 ex·

182 2457 363 2508 plicans
385 2464 608 2509 quantum
631 2459 786 2499 animo
818 2471 900 2499 suo
925 2460 1192 2511 placuisset,
1223 2461 1287 2501 ita
1308 2461 1396 2501 ait:
1428 2461 1539 2501 “nisi
1569 2461 1683 2502 mihi
1704 2473 1807 2501 eve-

180 2529 300 2569 nerit
335 2530 466 2580 quies
500 2530 592 2580 illa,
631 2542 771 2581 quam
807 2530 1216 2582 Caesaraugustae
1238 2533 1522 2584 imaginatus
1551 2545 1668 2584 sum,
1692 2533 1809 2573 satis

182 2607 340 2651 aperte
370 2600 526 2641 docuit
553 2613 626 2642 me
660 2601 890 2642 Dominus
923 2603 1010 2643 hoc
1046 2604 1316 2654 spectaculo
1351 2604 1460 2655 quid
1496 2616 1568 2644 me
1591 2610 1809 2655 oporteat

181 2670 381 2720 facere„

262 2740 492 2783 Suffectus
513 2749 583 2783 est
609 2744 714 2784 loco
745 2745 865 2785 illius
902 2745 1198 2786 Licenciatus
1233 2746 1440 2799 Joannes
1475 2746 1687 2796 Quando,
1712 2748 1807 2798 qui,

180 2825 286 2854 cum
305 2812 618 2855 salmanticae
654 2816 701 2855 in
736 2816 1105 2857 confessionibus
1136 2823 1179 2857 et
1211 2817 1530 2869 spiritualibus
1565 2818 1809 2870 colloquiis

180 2896 286 2925 cum
306 2886 478 2925 nostris
497 2886 683 2936 egisset,
709 2887 833 2938 pium
851 2898 982 2928 suum
1006 2900 1120 2939 erga
1137 2900 1222 2929 nos
1240 2888 1458 2930 affectum
1474 2890 1625 2941 primo
1647 2889 1807 2930 statim

181 2961 372 3007 aspectu
393 2956 663 2997 declarauit.
702 2957 814 2998 Vult
845 2966 1031 3000 nostros
1061 2959 1327 3011 spirituales
1362 2962 1681 3012 speculatores
1704 2972 1805 3000 esse

236 3115 247 3136 ¹
287 3116 347 3144 Dr.
363 3117 498 3151 Gaspar
516 3117 704 3146 Cervantes
719 3119 758 3146 de
776 3118 929 3148 Salazar.
