2020 3342
259 238 328 276 118
757 239 793 276 L
803 252 989 279 ITTERAE
1015 252 1375 285 QUADRIMESTRES

254 332 397 386 (lauit,
421 337 513 377 imo
534 338 699 388 quibus
720 338 1022 379 dubitandum
1043 340 1156 380 nihil
1177 346 1260 389 est,
1284 340 1391 392 quia
1413 340 1525 381 illud
1551 341 1698 380 animi
1720 340 1776 381 de
1797 340 1877 381 So-

254 407 421 447 cietate
449 408 506 447 ab
540 409 617 448 illo
637 427 698 449 του
721 409 984 455 ἕουληπαιδίκου
1006 409 1016 428 ¹
1048 411 1261 461 concepti
1295 417 1530 451 extortum
1560 411 1713 460 fuerit,
1746 422 1877 463 prae·

253 478 413 518 sertim
433 489 538 518 cum
558 479 786 519 Dominus
807 479 1031 531 Aloysius
1060 480 1074 499 ²
1095 481 1238 520 tantis
1271 481 1479 532 paternis
1513 480 1872 521 commendatio—

253 548 389 588 nibus
428 550 845 590 commendationis
881 551 1118 590 cumulum
1152 551 1396 592 addiderit:
1421 557 1468 591 at
1496 552 1623 592 illum
1645 552 1723 603 qui
1743 558 1877 592 tanto

250 618 524 668 pontificatu
544 620 668 659 haud
691 632 844 660 mores
860 632 972 672 prae
989 632 1038 660 se
1054 621 1144 661 fert
1164 621 1398 672 indignos,
1417 621 1576 662 forsan
1592 623 1876 662 credendum

251 690 339 729 erit
355 701 404 729 se
420 691 489 729 sui
505 690 775 730 dissimilem
796 691 1074 732 ostendisse?
1108 692 1154 732 id
1193 697 1275 741 est,
1300 700 1350 732 ut
1384 703 1472 743 ego
1496 693 1792 744 interpretor,
1816 693 1876 732 ab

252 761 541 801 humanitate
581 773 665 801 sua
704 762 1034 813 degenerasse?
1069 762 1446 814 haudquaquam.
1485 763 1606 803 Nam
1635 763 1712 814 qui
1734 764 1873 814 paulo

252 838 358 871 ante
380 831 433 871 R.
452 831 500 871 P.
521 831 768 872 Rectorem
798 845 853 872 ea
874 833 1178 883 humanitate,
1202 845 1320 884 quae
1340 834 1596 885 singularis
1631 840 1715 885 est,
1751 845 1877 874 com·

250 901 574 951 prehenderat;
613 903 692 954 qui
713 903 896 943 dixerat
917 903 1043 944 haud
1078 905 1224 944 inuito
1256 905 1410 944 animo
1446 905 1683 945 Romanos
1716 912 1878 956 patres

251 972 393 1012 fuisse
424 974 656 1024 uisurum,
701 974 739 1013 si
773 986 877 1014 eum
899 973 1046 1015 Roma
1070 974 1442 1025 proficiscentem
1470 976 1693 1015 adiissent
1723 975 1876 1026 (excu-

252 1043 373 1083 sauit
407 1050 561 1084 autem
595 1052 727 1095 pater
755 1051 912 1085 uestra
953 1046 1186 1097 negocia);
1225 1046 1303 1098 qui
1337 1047 1519 1086 dixerat
1554 1047 1617 1086 nil
1653 1047 1752 1087 fore
1779 1053 1876 1087 tam

252 1113 447 1164 difficile,
482 1115 619 1166 quod,
658 1116 695 1155 si
730 1116 815 1155 sibi
838 1127 920 1167 pro
937 1122 1097 1156 nostro
1119 1123 1253 1168 patre
1275 1117 1437 1157 fuisset
1464 1117 1744 1168 faciendum,
1781 1129 1876 1157 non

250 1185 385 1225 facile
411 1185 565 1225 uisum
592 1194 728 1236 esset;
766 1188 935 1238 quique
956 1188 1100 1227 multa
1121 1188 1354 1238 pollicitus
1382 1194 1496 1238 erat,
1526 1199 1645 1239 quae
1666 1200 1761 1228 non
1781 1199 1877 1228 me-

248 1256 405 1296 diocre
440 1256 791 1297 beneuolentiae
812 1264 1136 1309 argumentum
1156 1259 1493 1309 indicauerant;
1517 1271 1618 1299 eum
1638 1264 1876 1299 tantorum

257 1327 518 1378 principum
561 1329 987 1369 commendationes
1020 1331 1268 1381 recepisse,
1306 1330 1420 1370 nihil
1449 1336 1518 1370 est
1546 1330 1669 1381 quod
1697 1330 1876 1370 dubite-

256 1409 378 1437 mus:
403 1398 567 1448 quibus
597 1399 810 1438 omnibus
839 1400 948 1439 uelit
968 1400 1066 1451 ipse
1083 1400 1311 1440 Dominus
1332 1401 1530 1441 aucthor
1552 1400 1757 1440 omnium
1778 1400 1876 1441 feli-

254 1480 355 1507 cem
377 1469 551 1508 exitum
572 1470 845 1509 concedere.

328 1538 396 1578 Ne
427 1546 582 1579 autem
608 1540 790 1580 silentio
817 1553 920 1581 meo
952 1548 1162 1593 pereant,
1192 1554 1311 1593 quae
1340 1544 1467 1583 circa
1496 1542 1803 1583 confessionis
1830 1548 1876 1582 et

252 1611 590 1650 communionis
612 1618 907 1652 sacramenta
927 1612 1135 1663 perfecta
1164 1614 1333 1653 fuerint
1355 1614 1522 1665 (perire
1544 1613 1730 1665 quidem
1751 1613 1877 1653 uide-

249 1686 409 1719 rentur
430 1682 748 1721 taciturnitate
769 1694 887 1732 mea,
912 1684 1036 1723 nulla
1054 1683 1109 1723 de
1126 1684 1215 1723 illis
1233 1685 1464 1724 mentione
1481 1684 1730 1733 celebrata,
1750 1684 1876 1735 apud

251 1751 475 1800 homines,
505 1753 581 1802 qui
603 1753 808 1792 externis
831 1753 967 1793 modo
990 1755 1252 1805 capiuntur,
1282 1755 1363 1794 sed
1389 1767 1482 1795 non
1504 1755 1627 1806 apud
1648 1766 1766 1804 eum,
1797 1754 1876 1805 qui

250 1822 391 1861 corda
431 1824 703 1873 scrutatur),
746 1825 869 1863 scias
916 1825 1053 1864 uelim
1093 1826 1297 1865 breuiter
1344 1825 1590 1877 quaedam,
1642 1837 1747 1865 cum
1793 1825 1875 1865 uix

251 1893 457 1932 omnium
478 1905 707 1934 summam
735 1895 908 1945 absque
936 1897 1122 1935 lectoris
1149 1896 1335 1936 fastidio
1369 1909 1394 1936 a
1422 1908 1494 1936 me
1515 1896 1656 1936 scribi
1677 1896 1873 1946 possint.

251 1963 366 2003 Cum
385 1970 570 2014 egestas
592 1971 746 2004 tantas
768 1966 998 2005 interdum
1021 1966 1144 2005 uires
1165 1978 1441 2017 expromere
1468 1968 1630 2017 soleat,
1661 1972 1710 2006 ut
1732 1966 1874 2006 etiam

250 2035 553 2074 fortissimum
581 2048 807 2087 quemque
838 2037 922 2075 sibi
952 2037 1180 2087 subiiciat,
1211 2045 1363 2077 mente
1398 2038 1624 2088 deturbet,
1655 2049 1709 2077 ac
1736 2037 1874 2077 facile

249 2106 502 2145 humanum
518 2117 665 2157 genus
684 2107 742 2146 ad
762 2107 1009 2147 latrocinia
1032 2115 1290 2157 conuertat,
1314 2114 1356 2148 et
1375 2108 1434 2148 ad
1455 2109 1649 2159 quaeuis
1670 2107 1874 2147 nefanda

249 2176 458 2215 facinora
482 2177 692 2227 captiuos
713 2189 822 2217 suos
844 2179 1155 2229 perpetranda
1174 2180 1435 2229 compellat,
1460 2179 1628 2218 mirum
1649 2185 1717 2218 est
1735 2189 1876 2229 quam

248 2247 482 2297 ignauitcr
504 2248 550 2286 in
568 2249 771 2287 uetulam
794 2249 1044 2299 quamdam
1065 2249 1159 2289 iam
1184 2249 1359 2289 uiribus
1381 2249 1563 2289 effetam
1585 2260 1634 2288 se
1657 2248 1870 2299 gesserit:

249 2317 483 2368 respiciat,
507 2318 719 2368 obsecro,
742 2318 796 2358 R.
822 2318 1084 2359 Paternitas
1105 2319 1204 2359 Tua
1223 2331 1362 2371 quam
1383 2319 1637 2359 fortissimo
1653 2319 1739 2359 sub
1758 2319 1875 2358 duce

250 2388 515 2438 militamus,
554 2389 631 2440 qui
661 2400 767 2428 cum
801 2401 886 2429 nos
922 2401 1026 2429 cum
1060 2390 1377 2441 spiritualibus
1412 2390 1611 2430 inimicis
1647 2390 1875 2441 praelium

249 2458 459 2498 ineuntes
485 2460 688 2509 gloriose
715 2460 858 2499 tuitus
885 2467 1022 2511 esset,
1046 2472 1152 2500 cum
1179 2461 1237 2501 sit
1271 2461 1369 2512 ipse
1398 2461 1548 2501 uictor
1576 2461 1874 2512 omniumque

250 2529 456 2569 furorum
479 2530 721 2579 refractor‚
748 2531 972 2570 uictoriae
983 2532 1186 2582 palmam
1203 2532 1334 2571 nobis
1357 2532 1585 2572 concedit.
1606 2531 1770 2571 Mulier
1791 2532 1872 2582 igi·

253 2607 339 2650 tur,
363 2611 468 2639 cum
489 2600 534 2639 in
555 2608 683 2640 tanta
706 2602 872 2641 horum
901 2609 1161 2653 temporum
1189 2602 1384 2642 caritate
1412 2602 1528 2642 adeo
1556 2604 1752 2642 molesta
1773 2613 1875 2653 pre-

256 2676 460 2710 meretur
481 2678 703 2721 egestate,
727 2678 774 2711 ut
794 2683 914 2722 pane
935 2673 1075 2712 etiam
1104 2672 1339 2723 destituta,
1370 2673 1491 2712 unde
1519 2679 1563 2712 et
1591 2672 1677 2712 sibi
1705 2679 1748 2712 et
1778 2672 1874 2712 uni-

310 2900 320 2920 ¹
361 2901 460 2929 Haud
477 2902 576 2929 facile
591 2906 642 2928 est
657 2902 839 2929 decernere
855 2903 933 2936 quid
955 2903 1089 2930 tandem
1111 2903 1290 2936 legendum
1312 2903 1356 2930 sit
1371 2910 1414 2930 an
1429 2904 1497 2936 τοῦ,
1515 2910 1560 2930 auv
1572 2909 1654 2930 vero
1669 2898 1725 2931 τὸν
1746 2904 1802 2930 vel
1823 2897 1876 2941 τό;

252 2950 414 2984 quidquid
428 2955 543 2977 autem
557 2950 610 2983 sit,
627 2957 686 2977 nec
702 2957 836 2977 sensum
852 2958 911 2977 nec
928 2951 1100 2985 syntaxim
1116 2951 1201 2977 satis
1215 2951 1378 2984 capimus.
1394 2950 1511 2977 Sermo
1528 2955 1641 2978 tamen
1659 2951 1793 2978 videtur
1804 2957 1878 2977 esse

251 2998 454 3024 testimonii
468 3005 487 3024 a
502 2996 683 3024 Cardinale
699 2998 738 3024 de
753 2997 836 3025 Este
852 2998 933 3032 dati,
949 3005 1011 3031 quo
1026 2998 1128 3025 animi
1143 3005 1226 3031 erga
1242 2997 1450 3025 Societatem
1464 2998 1514 3025 sui
1531 3005 1629 3026 sensa
1650 2999 1877 3032 exprimebat.

306 3045 320 3064 ²
359 3046 520 3080 Aloysius
534 3046 573 3072 de
590 3045 684 3079 Este,
701 3045 857 3073 Herculis
874 3045 970 3072 filius.
