2020 3342
210 217 256 253 54
719 215 942 255 LlTTERAE
970 228 1327 260 QUADRIMESTRES

210 313 310 352 nire
340 314 501 353 liceret
536 324 620 364 pro
650 314 814 358 missa.
845 315 1189 362 communione,
1220 320 1264 354 et
1292 315 1435 355 verbo
1463 315 1551 355 Dei
1586 315 1839 357 audiendo„

212 382 390 423 Deinde
411 384 553 423 etiam
573 396 665 423 non
687 396 851 435 parum
872 393 1181 425 exercuerunt
1202 397 1288 425 nos
1310 386 1543 426 lutherani
1565 391 1610 426 et
1632 386 1710 426 alii
1725 386 1832 426 hae-

212 454 359 505 retici,
383 466 580 505 quorum
602 455 748 495 sibilis
769 456 973 506 vipereis
994 458 1231 496 excantati
1253 462 1333 496 aut
1355 456 1498 496 afflati
1520 458 1650 497 multi
1671 457 1730 497 ad
1746 469 1833 497 nos

213 531 515 564 accurrerunt
537 525 795 566 confessuri
817 538 898 566 sua
922 534 1142 578 peccata,
1167 534 1245 567 aut
1279 527 1378 567 sine
1406 528 1699 568 confessione
1728 539 1832 568 con-

214 596 366 636 silium
400 596 589 647 petituri
624 598 682 637 ad
716 598 1025 638 resistendum
1060 598 1321 638 huiusmodi
1351 598 1486 649 lupis,
1522 599 1659 638 tectis
1694 599 1832 638 ouina

214 667 331 717 pelle
354 667 455 716 (hoc
478 675 562 717 est,
585 668 729 708 verbo
752 667 839 707 Dei
860 674 904 707 et
926 668 1250 718 eleemosinis),
1274 669 1455 709 fortiter
1475 669 1522 709 in
1542 669 1630 709 fide
1652 681 1767 709 sana
1789 676 1833 708 et

214 737 460 778 catholica:
482 739 570 789 ipsi
592 750 703 778 sane
724 740 880 778 multis
901 739 1049 779 modis
1070 751 1156 779 nos
1179 746 1474 790 oppugnant,
1498 739 1579 779 sed
1602 741 1748 790 clam,
1783 746 1835 779 vt

215 814 321 847 sunt
342 809 505 858 timidi,
529 810 574 848 in
596 809 782 848 modum
802 811 1076 860 vulpeculae
1098 816 1294 850 astutae.
1320 810 1554 850 Interdum
1575 810 1698 850 enim
1718 810 1834 850 bene

214 890 351 918 mane
371 881 445 918 vel
467 880 521 919 de
543 887 679 919 nocte
701 879 759 919 ad
779 881 916 920 lunae
937 881 1012 920 vel
1034 881 1257 920 candelae
1279 882 1433 920 lumen
1450 881 1622 932 aliquid
1643 881 1835 931 ignomi-

215 949 397 989 niosum
418 951 570 990 valuis
590 957 778 990 nostrae
801 951 963 990 domus
986 952 1259 1002 appingunt,
1285 951 1517 991 interdum
1543 963 1655 991 uero
1676 952 1836 992 literas

215 1020 530 1070 blasphemiae
552 1027 596 1060 et
619 1021 939 1061 conuiciorum
960 1023 1120 1072 plenas
1142 1034 1222 1073 per
1245 1033 1414 1073 pueros
1436 1022 1494 1061 ad
1523 1033 1608 1062 nos
1632 1022 1833 1071 mittunt,

216 1098 294 1131 aut
314 1092 399 1131 sub
421 1098 621 1141 noctem,
645 1093 835 1132 semotis
857 1092 1068 1142 arbitris,
1098 1094 1200 1132 illas
1228 1094 1274 1132 in
1301 1093 1489 1133 domum
1517 1099 1727 1133 nostram
1753 1105 1836 1144 per

216 1163 395 1213 aliquas
415 1163 557 1202 rimas
578 1163 847 1213 proficiunt,
872 1164 990 1203 inter
1023 1175 1138 1214 quas
1169 1164 1405 1215 epistolas,
1437 1165 1575 1204 vnius
1605 1165 1721 1203 haec
1750 1163 1836 1203 fuit

215 1245 411 1273 summa:
444 1233 681 1273 “Salutant
709 1245 795 1273 vos
823 1245 983 1273 omnes
1010 1234 1180 1274 fratres
1209 1242 1252 1274 et
1281 1247 1466 1275 sorores
1502 1236 1547 1274 in
1576 1235 1776 1283 Christo,
1810 1247 1836 1274 0

216 1303 378 1344 Patres
398 1304 634 1344 Bernarde
659 1304 667 1323 ¹
691 1311 734 1344 et
756 1304 973 1355 Quintine
994 1304 1022 1344 2;
1038 1304 1195 1351 ¹Vobis
1212 1305 1396 1356 quidem
1417 1307 1566 1345 zelum
1588 1305 1675 1345 Dei
1693 1318 1719 1345 a
1736 1305 1836 1345 Deo

215 1375 351 1416 Patre
373 1382 531 1415 nostro
553 1377 742 1416 coelesti
763 1376 865 1416 dari
887 1383 1115 1427 optamus,
1138 1388 1247 1416 nam
1266 1388 1378 1416 Vera
1395 1376 1482 1416 Dei
1499 1376 1692 1416 scientia
1710 1388 1836 1416 care-

215 1447 287 1497 tis,
311 1447 638 1498 praedicantes
659 1449 828 1498 populo
849 1448 1015 1487 falsam
1038 1454 1081 1487 et
1103 1447 1381 1487 diabolicam
1403 1447 1679 1497 doctrinam,
1715 1448 1837 1499 quod

214 1519 350 1558 facile
372 1524 498 1569 patet
520 1530 577 1557 ex
599 1518 759 1558 tribus:
785 1518 938 1558 dicitis
965 1519 1087 1558 enim
1119 1519 1288 1559 vestris
1320 1520 1366 1559 in
1398 1518 1701 1559 concionibus
1732 1518 1836 1558 mis-

215 1601 315 1629 sam
336 1589 595 1628 institutam
616 1600 642 1628 a
663 1587 779 1638 DeO,
804 1595 848 1628 et
868 1589 1110 1629 fundatam
1132 1590 1176 1629 in
1205 1590 1471 1640 euangelio,
1510 1596 1554 1629 et
1575 1589 1720 1628 verbo
1751 1587 1839 1628 Dei

216 1660 402 1699 omnino
438 1659 738 1699 conformem:
769 1660 1002 1710 inspicite,
1034 1672 1120 1699 vos
1149 1672 1357 1707 oramus,
1388 1661 1473 1700 49¹·
1504 1660 1766 1711 euangelia,
1800 1659 1838 1699 si

215 1731 313 1770 cius
334 1730 402 1770 rei
422 1731 704 1770 mentionem
727 1732 867 1770 vllam
888 1731 1078 1770 faciunt:
1104 1743 1189 1771 nos
1209 1743 1320 1771 uero
1343 1731 1615 1771 confitemur
1638 1741 1833 1770 coenam

214 1801 415 1851 Domini,
440 1813 579 1852 quarn
600 1802 735 1841 nobis
757 1801 975 1842 describit
997 1801 1047 1841 Β.
1072 1802 1241 1841 Paulus
1265 1803 1323 1842 ad
1346 1802 1451 1842 Cor.
1471 1835 1478 1851 ,
1502 1802 1554 1842 Π.
1585 1801 1649 1842 2.Ο
1670 1800 1838 1841 Dicitis

215 1879 259 1912 et
279 1873 561 1924 persuadere
587 1872 726 1912 vultis
753 1874 923 1924 populo
953 1885 1095 1912 vnum
1125 1885 1225 1912 esse
1253 1873 1593 1923 purgatorium,
1617 1884 1702 1912 nos
1724 1883 1836 1911 uero

216 1943 414 1983 dicimus
436 1942 672 1983 Christum
699 1954 800 1982 esse
831 1950 1042 1983 nostrum
1070 1944 1411 1994 purgatorium.
1442 1943 1507 1983 39
1534 1943 1701 1983 Dicitis
1732 1942 1838 1982 ado-

218 2014 389 2054 randos
410 2014 484 2053 vel
505 2014 728 2053 colendos
749 2012 964 2064 Sanctos,
992 2019 1130 2065 atque
1152 2015 1293 2054 etiam
1324 2013 1585 2065 rogandos:
1616 2025 1700 2053 nos
1725 2024 1838 2052 uero

218 2085 402 2125 mentiri
423 2096 507 2124 uos
538 2085 737 2135 ingenue
758 2085 958 2124 fatemur
979 2091 1023 2124 et
1044 2085 1295 2125 asserimus
1313 2118 1318 2134 ,
1340 2085 1447 2135 quia
1468 2085 1604 2137 Jesus
1627 2084 1839 2124 Christus

219 2164 288 2196 est
309 2156 566 2195 aduocatus
587 2162 744 2195 noster
766 2167 879 2206 erga
900 2155 1087 2196 Patrem
1114 2168 1198 2207 pro
1225 2156 1566 2207 peccatoribus3
1590 2156 1747 2206 itaque
1771 2155 1833 2194 di-

220 2228 365 2267 cimus
392 2238 477 2267 vos
508 2227 624 2267 duos
652 2238 753 2266 esse
785 2227 931 2267 falsos
951 2227 1207 2278 prophetas
1239 2233 1283 2266 et
1305 2227 1620 2277 antichristos,
1644 2237 1761 2278 quos
1782 2225 1839 2266 de

219 2298 326 2338 sede
348 2298 699 2337 concionatoria
721 2298 958 2337 deturbari
972 2309 998 2336 a
1016 2298 1159 2338 multo
1179 2304 1387 2348 tempore
1405 2298 1623 2349 oportuit;
1649 2309 1674 2336 0
1697 2296 1840 2348 hypo-

221 2370 381 2417 critae,
414 2380 440 2408 0
461 2368 572 2408 Vani
598 2369 852 2420 prophetae
885 2368 1195 2418 Antechristi3
1229 2368 1310 2408 sed
1340 2379 1586 2419 precamur
1610 2367 1761 2407 Deum
1790 2373 1840 2406 vt

221 2451 306 2478 vos
328 2439 567 2478 illuminet.
592 2438 800 2489 Valete.„

300 2510 371 2550 Ex
392 2510 557 2560 quibus
577 2509 713 2550 facile
735 2511 955 2560 colligere
982 2510 1090 2550 licet
1121 2521 1211 2561 quo
1244 2510 1409 2561 spiritu
1439 2510 1669 2549 ducantur
1699 2514 1742 2548 et
1770 2520 1840 2548 ra-

221 2581 407 2632 piantur
434 2580 543 2619 dum
568 2580 751 2619 illorum
783 2581 1006 2632 epistolae
1038 2580 1254 2620 conuitiis
1282 2586 1463 2620 scatent
1484 2586 1528 2619 et
1549 2579 1843 2630 opinionibus

224 2657 383 2702 aperte
405 2651 656 2690 contrariis
675 2649 929 2702 Scripturis
950 2650 1098 2690 sacris
1121 2656 1165 2690 et
1184 2650 1290 2690 fidei
1312 2639 1538 2690 ecclesiae
1568 2649 1841 2698 catholicae,

223 2733 340 2772 quae
361 2727 431 2771 est
451 2722 665 2760 columna
688 2727 732 2760 et
753 2720 1096 2760 firmamentum
1118 2721 1343 2760 veritatis.

302 2791 551 2832 Praeterea
572 2797 668 2831 toto
690 2792 767 2831 illo
795 2798 1004 2842 tempore
1035 2792 1249 2842 occupati
1276 2791 1448 2831 fuimus
1475 2791 1614 2831 etiam
1645 2801 1738 2830 non
1767 2800 1843 2840 pa-

280 2975 288 2993 2
328 2974 364 3001 P.
382 2974 576 3002 Boi-nardus
589 2975 719 3002 Olivier
733 2975 941 3007 (oliverius).

277 3022 290 3039 2'
328 3021 364 3047 P.
381 3021 562 3054 Quintinus
578 3021 751 3048 Charlait
