2020 3342
278 212 351 253 590
788 212 1011 253 LITTERAE
1039 222 1393 257 QuAanEsTREs

266 324 355 364 que
396 312 695 353 aduenerunt
736 318 783 351 ut
825 311 1172 350 sanctissimum
1212 312 1364 351 locum
1403 311 1656 352 inuiserent
1676 343 1685 361 ,
1724 323 1783 353 ac
1817 323 1902 354 nos

265 383 454 435 quidem
478 389 607 423 tanta
636 381 929 432 benignitate
950 382 1202 421 salutatum
1220 381 1496 421 accedentes
1527 389 1831 434 exceperunt,
1860 386 1902 423 et

264 460 476 493 nostrum
499 452 586 504 ipsi
608 451 857 502 collegium
879 450 1170 501 inusserunt,
1198 458 1246 491 ut
1276 450 1458 491 difficile
1489 452 1613 492 dictu
1642 453 1716 503 sit,
1746 460 1900 494 utrum

264 535 423 563 eorum
445 524 490 563 in
512 535 596 563 nos
619 523 769 562 maior
791 521 1011 562 extiterit
1027 521 1320 572 humanitas,
1342 534 1401 561 an
1424 523 1644 573 omnium,
1669 524 1748 575 qui
1768 524 1814 564 id
1835 525 1896 564 in-

264 593 794 643 tuerentur,admiratio.
816 592 1071 643 Praecipue
1089 604 1199 632 uero
1222 591 1266 632 id
1285 592 1326 632 in
1350 592 1599 633 Cardinale
1618 592 1898 645 August-dno

264 676 558 716 summopere
584 675 746 704 omnes
766 667 975 715 stupent.
999 663 1040 703 Is
1062 663 1184 703 enim
1206 675 1297 703 non
1317 663 1513 703 obscure
1537 664 1758 705 eximium
1778 676 1899 705 amo-

265 747 362 776 rem
385 735 531 775 nostri
554 735 600 775 in
623 746 702 775 ore
735 740 874 785 atque
904 735 1050 774 oculis
1077 734 1281 774 omnium
1308 733 1579 774 declarauit.
1613 734 1771 775 Veluti
1797 747 1901 776 cum

263 807 320 847 ad
343 813 558 859 paratam
579 806 626 846 in
649 805 947 846 sanctissimo
970 804 1057 844 Dei
1079 804 1331 845 Genitricis
1348 805 1560 845 cubiculo
1578 806 1741 846 sellam
1762 806 1901 847 dedu-

264 885 460 926 ceretur,
486 881 537 917 vt
563 877 669 917 inde
691 876 854 917 laudes
882 876 1027 927 ipsius
1059 875 1365 916 Beatissimae
1392 875 1604 926 Virginis
1632 888 1687 916 ac
1716 877 1902 917 litanias

264 948 580 990 concinendas
603 947 862 996 exaudiret;
887 947 1049 987 sellam
1071 946 1284 997 proxime
1306 946 1363 986 ad
1385 933 1485 997 nos,
1506 947 1583 998 qui
1604 947 1651 986 in
1672 948 1902 988 vestibulo

263 1020 413 1060 sancti
435 1019 638 1059 cubiculi
659 1017 1047 1067 consistebamus,
1079 1017 1323 1057 transferri
1353 1016 1519 1066 iussz't,‘
1551 1017 1699 1068 iisque
1729 1019 1898 1058 decan-

264 1092 373 1131 tatis
396 1090 624 1140 laudibus,
650 1101 758 1129 mox
780 1089 825 1129 in
846 1095 1033 1129 nostros
1061 1095 1302 1139 aspectum
1332 1095 1627 1139 conuertens,
1658 1089 1747 1129 hoc
1775 1101 1898 1130 amo-

264 1164 329 1203 ris
351 1163 421 1203 sui
453 1160 768 1202 testimonium
789 1160 859 1200 bis
881 1166 1041 1211 terque
1063 1160 1190 1199 clara
1219 1170 1333 1199 uoce
1361 1159 1563 1199 iterauit.
1588 1158 1704 1210 Vos,
1729 1160 1897 1212 inquit,

264 1234 376 1273 estis
397 1233 566 1273 fratres
588 1232 697 1272 mei:
723 1243 807 1271 vos
829 1237 927 1271 toto
949 1230 1091 1270 corde
1114 1231 1395 1281 amplector3
1419 1231 1603 1282 aliaque
1635 1231 1900 1271 huiusmodi

270 1305 512 1353 nonnulla,
538 1314 641 1342 cam
663 1313 834 1354 magna
853 1301 987 1341 chori
1000 1313 1053 1341 ac
1065 1300 1576 1352 popaliadmiratione,
1597 1302 1898 1353 adiungebat.

268 1376 550 1424 Praeterea,
572 1385 669 1413 rem
690 1373 904 1413 diuinam
916 1372 1123 1422 faciem,
1148 1384 1230 1412 sua
1255 1383 1395 1412 manu
1413 1383 1573 1412 omnes
1592 1377 1785 1412 nostros
1801 1385 1900 1413 cor-

265 1447 392 1498 poris
430 1445 650 1486 dominici
689 1444 906 1484 conuiuio
947 1443 1306 1494 communicare,
1349 1442 1465 1483 duas
1505 1444 1657 1483 alieno
1693 1450 1902 1496 tempore

266 1518 530 1566 conciones,
555 1517 752 1556 alteram
774 1516 819 1554 in
842 1516 1030 1566 templ0,
1054 1526 1112 1554 ex
1134 1521 1307 1554 statuto
1330 1516 1681 1566 concionatore,
1704 1516 1900 1555 alteram

265 1588 384 1628 inter
406 1587 718 1636 coenandum,
752 1598 810 1625 ex
839 1597 929 1625 vno
948 1585 1173 1635 fratrum
1202 1592 1469 1625 nostrorum
1497 1586 1795 1626 adolescente
1825 1598 1901 1627 au-

266 1660 468 1699 scultare
499 1658 712 1698 uoluerit.
749 1657 838 1696 Hic
872 1657 936 1696 ita
972 1657 1179 1696 animum
1213 1656 1312 1696 eius
1346 1657 1613 1707 commouit,
1646 1663 1695 1697 ut
1729 1656 1901 1698 effusas

266 1731 406 1770 etiam
445 1729 714 1780 lachrymas
749 1740 806 1768 ex
840 1728 1137 1767 sanctissima
1172 1727 1373 1778 quadam
1408 1728 1594 1778 pietatis
1629 1728 1807 1769 laetitia
1844 1740 1899 1769 ac

268 1803 505 1853 uoluptate
536 1800 852 1851 profunderet,
884 1799 993 1839 dum
1020 1798 1242 1839 Societati
1270 1799 1464 1839 coelitus
1491 1799 1781 1851 impartitum
1811 1800 1901 1852 spi*-

267 1873 407 1913 ritum
429 1872 637 1912 diuinum
668 1872 713 1910 in
744 1878 902 1911 tenero
933 1870 1072 1910 etiam
1100 1871 1288 1921 palmite
1317 1870 1470 1910 inesse
1499 1871 1768 1911 demiratur.
1799 1870 1902 1922 Qua

269 1947 426 1983 autem
457 1943 530 1983 die
563 1943 678 1982 bene
709 1954 845 1982 mane
872 1942 1133 1982 institutum
1164 1941 1251 1981 iter
1281 1949 1490 1993 repetere
1519 1949 1762 1993 statuerat,
1799 1952 1901 1981 cum

269 2016 523 2055 insalutato
545 2015 685 2053 nollet
708 2013 905 2063 collegio
927 2013 1180 2060 discedere,
1205 2013 1250 2052 in
1278 2013 1588 2053 sanctissimis
1615 2013 1794 2053 deliciis
1822 2025 1902 2065 pu-

269 2094 370 2127 tare
406 2086 535 2126 uisus
565 2091 649 2134 est,
673 2091 780 2124 ante
811 2083 1089 2134 discessum,
1111 2084 1348 2124 uilioribus
1368 2084 1543 2124 nostris
1563 2084 1903 2124 sacrificiorum

271 2157 566 2198 uestimentis
586 2167 641 2195 ac
664 2155 824 2204 calice,
849 2155 894 2194 in
917 2154 1172 2195 domestico
1195 2161 1370 2205 nostro,
1396 2155 1501 2195 licet
1525 2160 1704 2206 parum
1734 2158 1903 2195 ornato

271 2241 325 2269 ac
347 2239 552 2280 paupere
574 2237 766 2278 prorsus
788 2226 975 2275 sacello,
998 2237 1095 2265 rem
1113 2225 1318 2266 diuinam
1335 2226 1508 2276 facere;
1525 2238 1671 2278 eaque
1694 2233 1900 2277 peracta,

271 2298 591 2351 pronunciatis
614 2297 677 2337 illi
699 2297 782 2336 sub
805 2295 1062 2336 discessum
1085 2296 1141 2336 ab
1163 2308 1255 2336 vno
1278 2297 1592 2337 studiosorum
1610 2297 1785 2348 aliquot
1801 2308 1900 2337 uer-

272 2371 414 2419 sibus,
439 2368 699 2409 incredibili
715 2367 930 2419 perfusus
947 2367 1247 2418 iucunditate,
1261 2371 1517 2418 postquam
1533 2374 1725 2419 paterne
1743 2379 1903 2408 omnes

277 2439 585 2491 amplexatus
605 2442 692 2488 est,
715 2438 941 2478 discessit.

351 2511 400 2550 In
428 2510 660 2562 plerisque
690 2508 743 2548 R.
773 2508 1104 2559 Augustanum
1136 2509 1400 2550 Cardinalis
1432 2511 1488 2550 ab
1518 2511 1663 2551 Imola
1695 2510 1903 2550 imitatus

273 2585 356 2622 est.
382 2581 470 2621 Hic
492 2592 584 2620 non
606 2581 669 2620 ita
691 2581 837 2619 multo
858 2586 963 2631 post
995 2580 1115 2620 illius
1143 2580 1480 2632 profectionem
1511 2582 1750 2622 successit.
1780 2581 1901 2622 Toti-

274 2654 379 2693 dem
401 2658 443 2692 et
466 2652 564 2703 ipse
587 2651 632 2690 in
655 2652 826 2702 templo
849 2652 1059 2701 alteram,
1085 2659 1223 2703 atque
1245 2652 1290 2691 in
1323 2653 1429 2692 aula
1458 2664 1562 2692 cum
1589 2654 1744 2704 ampla
1774 2652 1902 2692 fami-

274 2725 334 2764 lia
364 2724 572 2773 alteram,
605 2723 850 2762 contiones
881 2722 1056 2772 audire,
1088 2735 1146 2762 ex
1174 2724 1345 2763 nostris
1373 2724 1549 2775 aliquot
1578 2736 1689 2764 suae
1716 2735 1903 2764 mensae

274 2794 510 2844 adhibere,
536 2794 747 2844 singulos
768 2804 976 2844 quosque
998 2794 1045 2832 in
1066 2793 1217 2833 sinum
1249 2801 1293 2834 et
1314 2801 1535 2845 paternos
1565 2797 1806 2846 amplexus
1829 2806 1903 2834 ex-

275 2866 428 2917 cipere
450 2864 608 2914 uoluit;
635 2871 773 2915 atque
795 2864 902 2904 dum
925 2866 1170 2905 nonnullos
1194 2865 1365 2905 diutius
1387 2866 1505 2906 inter
1526 2867 1717 2906 brachia
1740 2866 1903 2906 retine-

275 2942 359 2984 ret,
383 2936 498 2975 alios
518 2935 679 2987 patris,
704 2936 821 2974 alios
841 2935 1014 2985 fratriS,
1039 2935 1155 2975 alios
1183 2936 1262 2976 filii
1291 2937 1490 2987 nomine,
1528 2937 1698 2988 insigni
1718 2937 1904 2989 pietatis

277 3014 320 3049 et
342 3007 518 3048 amoris
542 3006 899 3058 significatione,
923 3007 1246 3058 compellabat,
