2020 3342
273 265 277 270 .
291 239 359 277 124
790 241 1018 278 LITTERAE
1045 249 1401 284 QUADmMEsTREs

291 335 525 387 nistrauit,
548 343 597 377 ut
617 349 710 377 non
731 343 824 377 tam
847 337 1050 377 humano
1072 348 1211 389 quam
1233 336 1390 377 diuino
1408 336 1601 377 consilio
1623 336 1688 375 uti
1704 336 1913 388 potuisse

284 405 516 458 uideatur,
542 419 596 447 ac
618 414 803 448 nostros
823 407 992 448 fratres
1013 408 1076 448 ita
1097 407 1345 457 distribuit,
1368 414 1417 446 ut
1439 407 1636 457 singulis
1652 406 1911 458 quibusque

291 477 522 527 paroeciis
543 478 659 517 duos
679 478 966 529 praeficeret,
1003 478 1166 529 quibus
1199 477 1461 518 doctrinam
1495 477 1799 517 christianam
1830 477 1905 517 do-

287 548 422 588 cendi
451 560 618 588 munus
657 548 957 589 incumberet.
994 548 1090 588 Nec
1127 560 1199 588 res
1232 549 1349 588 haec
1382 548 1552 599 frigide
1587 548 1797 588 instituta
1835 555 1909 588 est

293 627 432 671 atque
469 626 702 671 suscepta:
739 619 935 670 singulis
966 619 1089 660 enim
1123 619 1252 659 festis
1286 619 1470 670 diebus,
1503 631 1608 659 cum
1642 618 1905 668 dominicis,

284 690 532 741 paroeciae
567 702 743 741 omnes,
781 701 1037 741 campanae
1069 691 1218 741 pulsu,
1250 701 1369 741 quae
1402 695 1471 730 est
1504 691 1551 730 in
1585 689 1698 730 aede
1732 689 1908 730 Beatae

286 761 465 801 Mariae
505 761 734 810 maxima,
774 761 1071 811 praemoneri
1116 761 1284 811 solent,
1326 761 1760 812 praemonitaeque,
1801 772 1909 800 cum

289 832 558 882 maioribus,
581 838 678 872 tum
699 832 840 872 etiam
861 831 1118 871 minoribus
1147 842 1229 883 per
1249 831 1381 871 vicos
1408 831 1693 871 circumlatis
1723 842 1907 882 campa-

284 904 371 952 nis,
395 914 567 954 pueros
588 914 748 942 omnes
769 901 1015 942 aduocant.
1035 901 1243 953 Quorum
1263 908 1418 942 tantus
1439 907 1509 941 est
1533 902 1579 941 in
1600 903 1688 941 hac
1718 901 1911 942 ciuitate

287 985 524 1023 numerus,
543 979 594 1012 vt
615 974 661 1013 in
682 973 754 1012 his
775 973 1006 1024 paroeciis
1037 973 1245 1022 trecenti,
1275 973 1322 1012 in
1350 973 1439 1012 illis
1462 972 1717 1023 quingenti,
1745 973 1793 1012 in
1812 972 1905 1023 qui1

292 1044 487 1084 busdam
510 1045 651 1083 multo
673 1044 813 1083 etiarn
831 1044 921 1084 sint
942 1044 1111 1095 plures.
1136 1043 1253 1083 Hem
1275 1044 1414 1093 (totus
1444 1044 1674 1083 acclamat
1704 1054 1808 1083 cum
1830 1043 1907 1083 ad-

283 1115 529 1155 miratione
549 1114 764 1166 populus)
787 1126 926 1166 quam
948 1115 1004 1154 ab
1026 1127 1095 1164 ea,
1119 1126 1237 1166 quae
1259 1114 1351 1154 iam
1373 1115 1482 1154 olim
1499 1120 1613 1164 erat,
1634 1113 1819 1154 diuersa
1837 1119 1908 1153 est

286 1191 448 1225 nostra
470 1197 592 1225 nunc
615 1186 798 1225 ciuitas!
821 1197 961 1237 quam
980 1186 1090 1225 noui
1112 1186 1280 1225 mores!
1311 1196 1450 1236 quam
1477 1185 1700 1225 inusitata
1727 1184 1904 1225 institu-

278 1257 360 1297 tio!
384 1256 421 1297 O
443 1255 654 1297 foelicem
685 1256 830 1306 (aiunt
859 1256 1166 1306 prouectioris
1192 1256 1358 1295 aetatis
1392 1255 1617 1305 homines)
1646 1255 1907 1295 infantilem

278 1339 401 1367 nunc
424 1333 639 1377 aetatem,
666 1339 783 1379 quae
817 1328 956 1366 talem
977 1339 1003 1366 a
1038 1327 1199 1377 primis
1233 1327 1358 1366 uitae
1385 1326 1658 1366 rudimentis
1692 1326 1749 1366 ab
1776 1327 1907 1366 hisce

282 1397 623 1449 professoribus
645 1398 905 1438 doctrinam
927 1404 994 1437 est
1016 1398 1256 1438 haustura!
1280 1410 1362 1437 cur
1383 1404 1427 1437 et
1455 1409 1540 1437 nos
1567 1409 1660 1437 non
1688 1408 1905 1448 repuera-

284 1469 477 1509 scimus?
496 1480 692 1520 quorum
708 1469 847 1509 etiam
864 1480 957 1508 non
975 1469 1172 1519 exiguus
1188 1480 1409 1508 numerus
1426 1468 1554 1508 audit
1571 1468 1720 1519 prima
1737 1468 1905 1508 doctri-

280 1551 368 1580 nae
389 1540 673 1579 christianae
695 1540 937 1579 elementa:
968 1540 1280 1589 sciscitantur,
1310 1540 1508 1579 lectione
1531 1539 1742 1579 absoluta
1764 1539 1905 1579 liben-

281 1617 365 1658 ter,
390 1611 428 1650 si
452 1610 560 1662 quid
580 1610 699 1650 forte
720 1610 792 1660 sit,
826 1611 947 1661 quod
975 1623 1067 1650 non
1093 1611 1207 1650 satis
1234 1611 1354 1650 inter
1385 1610 1667 1650 audiendum
1688 1621 1901 1661 percepe-

276 1682 384 1721 rint.
409 1681 529 1732 Quid
549 1682 665 1721 tum?
687 1681 815 1721 Haec
838 1694 929 1721 vna
951 1681 1046 1721 fere
1068 1682 1273 1721 omnium
1291 1693 1386 1720 vox
1406 1687 1490 1731 est,
1515 1692 1633 1732 quae
1654 1692 1737 1732 per
1756 1686 1904 1721 totam

283 1753 608 1792 circumfertur
629 1753 803 1792 urbem.
829 1752 948 1802 Quid
969 1752 1076 1791 hoc?
1106 1751 1242 1791 Haud
1277 1752 1412 1792 dubie
1434 1763 1571 1792 sacra
1591 1752 1670 1791 illa
1704 1751 1904 1803 Aposto-

281 1824 431 1863 lorum
454 1824 621 1863 cohors
643 1824 809 1863 iterum
830 1824 1046 1871 surrexit,
1071 1835 1204 1874 quae,
1234 1835 1319 1863 ceu
1349 1824 1405 1864 ab
1435 1823 1539 1863 imis
1566 1823 1768 1863 tenebris
1795 1822 1902 1862 edu-

284 1900 423 1943 ctam,
447 1894 619 1934 Christi
640 1894 776 1933 fidem
797 1894 842 1933 in
863 1894 1102 1934 hominum
1123 1901 1309 1935 coetum
1324 1894 1529 1946 protulit.

361 1964 452 2005 Sed
472 1965 608 2004 huius
630 1965 825 2004 instituti
848 1965 1077 2005 rationem
1106 1965 1407 2016 ordinemque
1434 1976 1787 2016 prosequamur.
1819 1964 1905 2004 Irn-

282 2047 470 2087 pressus
502 2036 575 2075 hic
609 2042 679 2075 est
713 2036 954 2076 doctrinae
989 2036 1271 2076 christianae
1306 2036 1486 2076 libellus
1513 2035 1719 2076 carmine
1747 2035 1905 2075 italico

281 2106 588 2157 conscriptus,
611 2113 660 2146 ut
681 2107 853 2146 teneris
869 2119 1119 2158 puerorum
1139 2107 1370 2147 mentibus
1391 2106 1572 2146 facilius
1599 2118 1669 2157 ea,
1699 2117 1818 2158 quae
1840 2107 1902 2146 ad

279 2177 583 2217 christianam
617 2178 877 2218 doctrinam
898 2183 1125 2229 spectant,
1162 2185 1207 2218 et
1234 2177 1410 2217 firmius
1438 2178 1663 2217 haereant
1691 2177 1716 2215 ยน.
1750 2177 1900 2225 Hanc,

278 2247 356 2287 ubi
373 2248 573 2298 primum
595 2249 653 2288 ad
673 2250 894 2299 templum
912 2255 1103 2288 ventum
1125 2255 1209 2297 est,
1240 2260 1330 2288 uno
1353 2260 1376 2287 e
1406 2248 1776 2299 prouectioribus
1807 2248 1901 2287 alta

280 2330 394 2358 uoce
415 2320 655 2368 recitante,
679 2319 853 2359 caeteri
873 2320 1008 2359 simul
1030 2319 1121 2359 leni
1142 2319 1435 2370 iucundoque
1453 2325 1681 2359 concentu
1712 2330 1901 2370 respon-

282 2389 405 2429 dent.
430 2389 729 2429 Postmodum
752 2390 1005 2440 sigillatim,
1028 2390 1106 2441 qui
1139 2397 1333 2441 possunt
1361 2390 1407 2429 in
1441 2396 1570 2429 tanto
1602 2401 1809 2438 numero,
1835 2390 1903 2429 in-

278 2466 591 2510 terrogantur.
612 2460 696 2500 His
713 2461 955 2510 diligenter
975 2461 1192 2511 peractis,
1213 2461 1459 2500 lectionem
1477 2460 1726 2511 professor,
1747 2461 1900 2500 obser-

277 2536 385 2570 uato
422 2531 583 2570 ordine
613 2532 753 2571 libelli
783 2532 1024 2571 doctrinae
1060 2532 1358 2582 christianae,
1397 2532 1638 2583 praelegit,
1670 2543 1809 2582 quam
1836 2531 1901 2570 ita

278 2606 452 2641 attente
473 2602 600 2641 audit
616 2609 784 2642 natura
805 2603 1089 2642 tumultuosa
1112 2608 1155 2642 et
1176 2603 1383 2642 clamosa
1405 2608 1548 2652 aetas,
1579 2609 1627 2642 ut
1648 2602 1693 2642 in
1711 2614 1899 2643 sexcen-

280 2679 432 2712 torum
453 2684 703 2723 puerorum
724 2684 916 2713 numero
939 2673 1019 2713 vix
1040 2673 1158 2712 ullus
1180 2673 1458 2713 exaudiatur
1479 2673 1713 2724 strepitus3
1733 2672 1905 2712 adsunt

276 2742 414 2793 enirn,
437 2748 622 2793 praeter
644 2749 845 2792 nostros,
870 2742 916 2782 in
939 2743 1122 2794 templis
1157 2743 1354 2794 singulis
1388 2743 1630 2793 relligione
1665 2750 1709 2782 et
1729 2743 1904 2794 pietate

278 2812 559 2853 obseruandi
593 2813 890 2863 sacerdotes,
927 2814 1004 2864 qui
1039 2820 1360 2853 correctorum
1393 2814 1650 2864 funguntur
1690 2824 1897 2853 munere.

278 2882 554 2923 Doctrinam
583 2894 724 2933 porro
765 2883 1070 2923 christianam
1110 2884 1172 2923 ita
1209 2884 1345 2923 hilari
1380 2895 1703 2935 propensoque
1746 2883 1904 2924 animo

325 3042 335 3062 ยน
379 3043 466 3070 Vide
480 3043 627 3070 Pomm
643 3043 844 3078 Chrom'con,
859 3049 882 3071 t.
899 3052 932 3078 ฮฝ,
946 3052 1024 3078 pag.
1041 3044 1100 3078 184,
1117 3052 1146 3071 n.
1161 3045 1222 3071 53ยน2.
