2020 3342
877 240 960 279 AN.
991 242 1082 280 1556
1720 241 1789 279 375

240 337 470 379 Postridie
491 337 627 378 huius
648 338 761 387 diei,
785 350 839 378 eo
861 339 908 378 in
928 339 1123 390 templo,
1153 348 1244 390 quo
1265 337 1319 378 R.
1352 337 1401 378 P.
1435 338 1492 377 D.
1521 336 1693 378 Loarte
1714 338 1790 378 do-

161 410 360 450 ctrinam
379 410 536 461 legere
556 410 686 460 solet,
711 414 814 460 post
836 409 1081 450 lectionem
1104 409 1344 450 doctrinae
1359 409 1584 460 paruulus
1601 408 1790 460 quidam

160 492 294 532 puer,
319 480 397 533 qui
417 480 623 520 nondum
645 468 971 520 duodecimum
1000 481 1220 532 attigerat
1250 491 1442 530 annum,
1467 479 1606 519 aliam
1627 480 1789 520 habuit

160 551 441 602 orationem,
483 562 621 603 quam
660 556 789 591 tanto
829 563 936 591 cum
974 552 1130 603 lepore
1171 551 1520 603 pronunciauit,
1563 556 1611 590 ut
1655 556 1787 602 pater

158 633 278 662 suus
300 621 334 673 ¹,
360 622 534 663 laetitia
563 622 876 674 triumphans,
907 623 1092 662 curavit
1121 629 1170 662 ut
1192 622 1301 662 alibi
1331 622 1493 662 eadem
1520 621 1782 668 haberetur,

158 692 280 745 quod
302 693 363 733 ibi
384 705 440 734 ea
462 693 704 733 hominum
730 693 1010 744 frequentia,
1042 704 1182 744 quam
1216 693 1314 744 ipse
1344 692 1659 742 desiderabat,
1692 704 1783 732 non

105 751 108 755 ’
158 763 438 804 interfuerit:
463 764 564 805 ideo
587 764 821 804 dominica
851 764 971 804 infra
994 770 1210 804 octauam
1239 763 1461 815 Corporis
1482 762 1668 813 Christi,
1693 764 1782 803 alio

157 834 203 874 in
223 835 327 875 loco
350 835 513 875 eadem
534 835 618 875 fuit
647 835 805 875 habita
829 835 885 875 ab
914 834 1078 875 eodem
1106 834 1276 884 oratio,
1300 834 1377 874 ubi
1399 845 1490 873 non
1512 833 1679 873 minori
1699 835 1783 875 fuit

155 906 313 946 audita
343 906 599 946 attentione
621 912 761 958 atque
783 913 935 946 antea.
960 906 1197 945 Dominus
1217 909 1395 955 noster,
1415 916 1466 944 m
1486 904 1620 944 cuius
1640 905 1780 945 leono-

156 987 254 1016 rem
275 977 385 1017 lmec
407 977 564 1017 omnia
579 978 733 1029 fiunt,
764 981 958 1017 nostros
984 977 1071 1017 hos
1096 976 1281 1017 labores
1303 976 1537 1027 benignus
1560 976 1776 1027 asptcz'at.

154 1046 444 1099 Scholastici,
469 1048 598 1088 hisce
619 1048 1031 1088 exercitationibus
1060 1048 1345 1097 inflammati,
1377 1047 1423 1086 in
1450 1047 1548 1087 dies
1570 1047 1778 1098 singulos

155 1125 386 1159 crescunt:
404 1119 552 1159 nostri
569 1118 764 1170 Collegii
780 1119 905 1159 fama
922 1119 1074 1169 magis
1092 1118 1334 1170 magisque
1350 1129 1432 1169 per
1450 1123 1595 1157 totam
1616 1118 1776 1158 urbem

154 1188 437 1241 diuulgatur:
460 1195 565 1230 sunt
587 1190 855 1230 scholastici
873 1189 982 1229 200
999 1193 1041 1229 et
1058 1189 1146 1239 26,
1162 1193 1205 1228 et
1225 1201 1274 1229 eo
1292 1188 1499 1239 amplius
1519 1187 1550 1235 ²,
1572 1189 1650 1239 qui
1671 1200 1776 1228 cum

154 1261 200 1300 in
226 1261 392 1312 literis,
427 1266 525 1302 tum
554 1273 666 1302 uero
694 1261 740 1301 in
768 1261 995 1311 moribus,
1028 1260 1247 1300 mirificos
1275 1260 1450 1299 faciunt
1477 1269 1772 1310 progressus,

152 1331 271 1372 inter
292 1343 407 1383 quos
429 1338 535 1372 sunt
555 1332 740 1384 plurimi
761 1332 937 1372 nobiles
961 1331 1307 1372 adolescentuli.

230 1401 449 1443 Nonnulli
469 1415 528 1443 ex
548 1403 614 1443 eis
634 1410 765 1454 sunt,
789 1403 866 1454 qui
894 1403 1098 1442 maximo
1120 1407 1334 1442 tenentur
1365 1400 1595 1440 desiderio
1624 1400 1776 1451 ingre-

151 1473 305 1514 diendi
326 1480 535 1514 nostram
556 1473 859 1524 Societatem,
883 1474 981 1526 qui,
1013 1474 1052 1514 si
1080 1485 1162 1525 per
1183 1472 1369 1513 Patrem
1396 1472 1645 1512 Rectorem
1671 1472 1774 1512 lice-

150 1550 240 1593 ret,
265 1545 421 1585 statim
440 1545 526 1585 iter
553 1545 751 1585 Romam
771 1556 936 1585 uersus
968 1545 1250 1596 arriperent,
1282 1542 1546 1583 insalutatis
1573 1543 1774 1594 parenti-

149 1615 248 1666 buS,
272 1616 437 1667 quibus
458 1628 551 1656 non
572 1616 744 1656 audent
766 1616 1046 1656 desiderium
1068 1626 1201 1655 suum
1223 1614 1454 1665 detegere,
1479 1613 1693 1653 timentes
1715 1625 1772 1654 ne

148 1686 237 1727 illis
271 1687 362 1727 sint
396 1687 723 1739 impedimento
759 1687 984 1738 (carnalis
1021 1688 1144 1726 enim
1183 1686 1321 1725 homo
1358 1697 1451 1725 non
1484 1685 1682 1736 percipit
1717 1697 1772 1725 ea

147 1769 266 1809 quae
287 1764 394 1798 sunt
415 1758 604 1809 spiritus
625 1758 729 1808 Dei)
751 1757 779 1808 ⁵,
804 1757 850 1798 id
866 1757 1098 1809 quodiam
1114 1756 1402 1808 experientia
1419 1756 1772 1807 comprobatum

148 1834 237 1879 est3
261 1829 448 1880 quidam
471 1829 594 1868 enim
616 1828 1003 1877 adolescentulus,
1028 1828 1282 1879 discipulus
1303 1833 1476 1877 noster,
1501 1827 1578 1878 qui
1598 1826 1772 1867 iamdiu

148 1899 234 1939 hoc
263 1899 455 1940 ardebat
482 1899 736 1950 desideriO,
759 1899 843 1940 fuit
869 1899 1129 1951 prohibitus
1160 1910 1187 1938 a
1216 1898 1331 1948 suiS,
1364 1908 1511 1949 eaque
1542 1898 1598 1937 de
1629 1909 1772 1937 causa

145 1970 230 2010 fuit
251 1971 308 2010 ab
335 1970 510 2011 scholis
536 1971 711 2011 nostris
742 1977 970 2021 remotus,
1001 1970 1078 2021 qui
1107 1970 1194 2009 etsi
1223 1969 1398 2009 nullam
1418 1969 1511 2008 iam
1532 1968 1774 2008 nobiscum

145 2041 510 2082 familiaritatem
531 2042 732 2083 habebat
754 2047 880 2082 metu
910 2047 1242 2093 cognatorum,
1274 2040 1438 2079 eodem
1470 2045 1627 2079 tamen
1657 2050 1771 2079 sem-

145 2124 226 2164 per
257 2112 486 2153 desiderio
526 2113 772 2165 flagrabat.
807 2112 1018 2164 Quodam
1046 2112 1187 2162 igitur
1217 2111 1313 2159 die,
1346 2110 1479 2150 nobis
1510 2110 1556 2150 id
1586 2110 1773 2150 minime

145 2183 467 2235 opinantibus,
493 2185 673 2224 occulte
702 2184 927 2235 scapham
949 2183 1199 2235 quamdam
1228 2181 1499 2222 conscendit
1531 2181 1772 2232 nauigatu-

142 2265 222 2295 rus
244 2254 461 2301 Romam.
491 2262 539 2296 ut
562 2255 623 2295 ibi
644 2255 834 2296 tandem
854 2255 926 2294 sui
948 2255 1042 2294 uoti
1065 2265 1257 2305 compos
1278 2253 1421 2293 fieret.
1452 2251 1637 2293 Caeteri
1658 2264 1771 2293 uero

143 2337 437 2378 nequaquam
459 2327 763 2367 admittentur
794 2326 943 2366 donec
964 2330 1182 2376 parentes
1212 2335 1321 2364 suos
1353 2323 1576 2363 certiores
1607 2323 1677 2363 sui
1699 2324 1770 2363 de-

143 2396 300 2437 siderii
327 2397 516 2437 faciant.

221 2467 324 2508 Duo
359 2469 521 2519 paucis
557 2468 726 2508 abhinc
767 2468 927 2509 diebus
967 2479 1016 2507 se
1055 2473 1242 2507 nostrae
1276 2466 1493 2517 religioni
1526 2472 1770 2506 uouerunt:

141 2538 257 2578 alter
279 2549 440 2579 eorum
473 2545 541 2579 est
571 2539 816 2589 sacerdos,
847 2538 917 2578 uir
939 2538 1064 2578 uitae
1092 2537 1316 2588 probatae
1343 2536 1543 2588 bonique
1570 2536 1772 2576 nominis

141 2608 186 2648 in
207 2609 335 2658 urbe;
360 2610 476 2649 alter
497 2621 609 2650 uero
633 2616 702 2649 est
723 2610 905 2650 iuuenis
927 2609 1129 2660 optimae
1151 2608 1336 2660 quidem
1355 2606 1537 2647 indolis.
1561 2606 1688 2647 Deus
1706 2606 1770 2646 sit

140 2679 222 2729 qui
239 2680 464 2732 perficiat,
489 2680 613 2732 quod
635 2681 682 2720 in
704 2681 818 2731 ipsis
841 2679 1058 2730 incoepit.

218 2750 342 2790 Bene
364 2751 577 2791 audimus
599 2751 645 2791 in
667 2750 754 2791 hac
776 2751 904 2800 urbe,
928 2761 1177 2801 omnesque
1199 2750 1306 2789 bene
1322 2750 1376 2789 de
1394 2749 1527 2789 nobis
1542 2749 1770 2789 sentiunt:

138 2821 240 2861 ideo
275 2822 321 2861 in
350 2823 489 2862 rebus
524 2822 661 2862 seriis
696 2829 740 2862 et
775 2823 833 2862 ad
868 2821 1220 2873 Rempublicam
1253 2821 1579 2873 spectantibus
1608 2826 1767 2860 nostro

198 2957 208 2977 ¹
249 2957 328 2984 eius
342 2962 451 2992 pater.
466 2958 653 2986 POLANcus.

194 3005 208 3024 2
245 3004 323 3039 fere
337 3005 415 3032 230.
430 3005 479 3032 ID.

195 3051 210 3073 ὅ
243 3052 412 3081 Animalis
428 3057 542 3082 autem
556 3053 655 3082 homo
670 3060 734 3081 non
748 3053 894 3088 percipit
908 3060 958 3087 ea,
976 3060 1060 3087 quae
1076 3057 1153 3080 sunt
1168 3051 1314 3089 Spiritus
1326 3051 1398 3080 Dei.
1416 3052 1429 3080 I
1446 3052 1597 3080 Corinth.
1609 3059 1642 3089 11,
1657 3053 1698 3080 14.
