2020 3342
841 261 924 297 Ax.
962 259 1051 296 1556
1711 257 1759 294 69

124 370 226 399 non
247 358 688 407 ualebant:s1'atres
711 355 719 375 ¹
743 367 876 405 uero,
908 361 956 395 ut
984 355 1230 394 stultorum
1259 353 1496 393 hominum
1523 360 1567 392 et
1595 353 1755 392 mulie-

129 441 236 469 rum
255 428 457 480 tripudia
484 427 817 478 lasciuiamque
841 430 1205 475 compescerent,
1231 423 1406 463 crebris
1432 422 1749 472 concionibus,

131 498 374 539 nocturnis
394 497 535 546 horiS,
570 498 615 536 in
645 498 799 548 platea
831 502 874 536 et
904 495 1158 547 porticibus
1186 493 1387 534 Domino
1408 493 1752 543 deseruiebant;

122 569 526 620 ‘reportabantque
548 574 642 607 tarn
664 568 694 607 ii
716 579 858 619 quam
878 567 942 607 illi
964 567 1200 617 ingentem
1220 565 1422 605 Domino
1444 563 1700 604 utilitatem
1719 562 1751 604 ².

123 638 207 680 “Sic
235 640 356 679 enim
384 640 502 679 solet
529 638 759 678 Dominus
786 649 869 688 per
895 642 1164 677 nostrorum
1197 635 1504 676 ministerium
1536 641 1579 674 et
1609 634 1751 674 huius

118 709 462 749 sanctissimae
479 710 648 749 domas
665 720 845 759 augere
864 707 1225 747 sanctimoniam
1241 705 1270 756 ⁵,
1285 712 1329 746 et
1345 712 1532 746 nostrae
1549 704 1751 745 Societa-

127 780 186 820 tis
208 791 378 820 nomen
397 780 534 831 longe
554 780 740 830 lateque
761 778 1046 830 dispergere:
1071 777 1191 817 unde
1212 777 1554 826 etiamfactam
1581 774 1596 793 ⁴
1624 775 1752 814 intel-

127 850 334 901 ligimus,
358 856 407 890 ut
426 851 552 889 nulla
574 850 631 889 sit
653 849 892 890 Marchiae
915 849 1096 898 ciuitaS,
1120 848 1295 888 nullum
1316 846 1552 898 oppidum,
1575 846 1649 885 uel
1669 845 1751 884 mi-

118 920 311 960 nimum
331 919 577 960 castellum
599 919 625 971 ³,
650 920 696 960 in
718 931 808 971 quo
831 931 924 959 non
945 918 1148 958 resl'cteat
1169 918 1345 969 ingens
1366 917 1618 964 Socz‘etatz's
1639 916 1750 955 laus

116 995 171 1031 -et
191 992 458 1043 expectatio
481 989 510 1032 ⁶.
537 991 635 1042 Quo
664 991 803 1031 etiam
831 990 880 1030 fit
907 996 976 1040 ut,
1008 990 1046 1029 si
1068 1001 1206 1041 quem
1224 995 1492 1029 nostrorum
1519 988 1578 1028 ad
1604 998 1748 1027 unum

127 1063 296 1103 saltem
317 1062 439 1102 diem
458 1062 629 1102 habere
650 1073 792 1113 penes
814 1073 863 1101 se
884 1061 1076 1112 possint,
1101 1060 1231 1100 omm'
1253 1059 1462 1098 hamana
1481 1057 1746 1109 foell'cttate

124 1132 397 1182 foelz‘cz'ores
416 1145 466 1173 se
486 1136 704 1184 reputent
725 1132 753 1182 ⁷,
777 1132 1056 1184 praedicent
1078 1137 1122 1170 et
1142 1130 1414 1181 glorientur.

209 1203 345 1254 Quod
378 1204 506 1244 hisce
534 1203 693 1243 diebus
721 1203 987 1254 plenissime
1015 1201 1332 1241 manifestauit
1361 1200 1582 1252 oppidum
1609 1199 1750 1251 quod-

118 1274 238 1314 ·dam
260 1275 412 1314 nobile
433 1281 477 1314 et
500 1275 719 1325 amplum,
745 1274 819 1313 cui
840 1280 1010 1313 natura
1030 1273 1122 1312 loci
1142 1278 1187 1312 et
1214 1273 1472 1312 incolarum
1502 1270 1750 1320 integritas

125 1345 309 1385 celebre
328 1356 498 1385 nomen
519 1345 753 1396 imposuit,
777 1355 886 1383 nam
907 1343 1040 1383 Mons
1062 1342 1260 1383 Sanctus
1281 1348 1592 1392 nuncupatur.
1623 1340 1691 1381 Eo
1724 1351 1752 1380 a

122 1414 266 1455 Patre
287 1422 449 1455 nostro
470 1414 484 1434 ⁸
506 1416 596 1455 duo
620 1427 677 1454 ex
698 1414 869 1454 nostris
890 1413 1105 1453 Patribus
1127 1413 1359 1460 destinati,
1382 1412 1530 1463 primo
1549 1409 1753 1451 aduentu

127 1486 335 1526 omniurn
370 1487 549 1526 animos
577 1486 639 1525 ita
668 1485 714 1524 in
742 1497 791 1524 se
821 1485 1127 1533 concitarunt,
1160 1491 1210 1523 vt
1238 1484 1391 1523 nullus
1418 1482 1749 1534 propemodum

117 1563 265 1608 esset,
290 1558 367 1608 qui
387 1557 599 1608 publicae
622 1557 826 1596 laetitiae
844 1556 978 1606 signa
996 1567 1087 1595 non
1105 1555 1336 1606 proderet.
1357 1553 1446 1594 Sed
1463 1560 1507 1593 et
1524 1553 1612 1604 ipsi
1629 1564 1750 1593 com-

125 1628 368 1668 munitatis
389 1628 613 1668 Rectores
637 1627 838 1676 (Priores
859 1627 1046 1676 vocant)
1068 1627 1152 1666 sub
1174 1626 1379 1677 ipsorum
1402 1624 1618 1675 aduentu,
1638 1624 1748 1664 tuba

126 1710 209 1749 per
230 1699 451 1750 oppidum
470 1699 740 1738 vniuersum
761 1699 918 1747 missa,
944 1709 1104 1737 ornnes
1132 1697 1190 1737 ad
1219 1697 1469 1736 conciones
1497 1702 1540 1735 et
1571 1695 1748 1735 confes-

117 1769 283 1810 ·siones
305 1777 411 1810 sunt
432 1770 682 1810 adhortati.

205 1839 413 1880 Fuerunt
447 1841 510 1880 ibi
536 1853 618 1892 per
644 1842 825 1891 decem,
859 1842 934 1881 uel
962 1853 1014 1880 eo
1047 1840 1268 1891 ampliuS,
1307 1838 1425 1887 dies,
1463 1836 1745 1889 quotidianis

117 1911 448 1960 concionibus,
482 1911 866 1962 confessionibus,
896 1910 1315 1958 adhortationibus,
1352 1908 1591 1948 doctrinae
1628 1907 1745 1946 chri-

125 1981 309 2022 stianae
330 1982 604 2022 lectionibus
622 1990 665 2022 et
683 1983 786 2022 aliis
802 1982 1036 2033 perfectae
1053 1981 1238 2032 pietatis
1255 1979 1503 2027 exercitiis,
1524 1978 1745 2029 populum

125 2051 253 2092 illum
275 2052 333 2093 ad
354 2064 515 2093 veram
536 2054 756 2104 pietatem
783 2060 827 2092 et
859 2053 982 2092 vitae
1014 2051 1372 2092 sanctimoniam
1400 2054 1742 2101 promouentes.

119 2122 290 2163 Adfuit
310 2124 543 2175 piissimus
563 2123 791 2164 Dominus
820 2123 1047 2174 singulari
1076 2122 1259 2173 gratiae
1280 2120 1457 2161 influxu
1479 2131 1639 2159 eorum
1660 2119 1749 2169 piis

127 2194 387 2245 conatibus,
415 2201 463 2234 ut
492 2206 550 2234 ex
579 2194 798 2245 operibus
828 2195 928 2233 veri
957 2193 1066 2245 Jesu
1099 2192 1271 2232 Christi
1302 2192 1483 2238 milites,
1514 2196 1558 2230 et
1593 2189 1747 2229 dilecti

117 2260 338 2314 ‘Virginis
357 2264 651 2304 Lauretanae
670 2265 765 2313 filis
789 2264 802 2283 ⁹
831 2270 1214 2316 agnoscerentur.
1246 2262 1366 2302 Nam
1387 2272 1527 2313 paces
1554 2261 1745 2311 aliquot,

119 2341 230 2385 {post
268 2336 485 2375 diuturna
521 2336 769 2376 admodum
791 2343 835 2376 et
863 2336 1146 2386 gravissima
1168 2334 1289 2384 odia,
1312 2334 1678 2383 composuerant
1700 2329 1744 2380 ¹⁰,

121 2406 442 2446 restitutiones
460 2406 1027 2458 nutltasfiertcurarunt.
1047 2406 1254 2445 Mentem
1270 2404 1294 2423 ¹¹
1314 2404 1497 2455 pietatis
1516 2403 1561 2442 in
1577 2413 1746 2453 paupe-

180 2541 191 2561 ¹
230 2542 277 2569 lei.
292 2542 479 2570 Pomivcus.

178 2589 192 2608 2
231 2590 290 2616 sui
301 2589 614 2626 laborisfructum.
631 2591 677 2618 ID.

179 2634 193 2655 3
232 2645 364 2670 eorum,
375 2639 434 2672 qui
450 2639 494 2665 ad
509 2639 775 2666 sanctissimam
786 2638 876 2665 hanc
887 2638 1029 2664 domum
1045 2638 1421 2670 veneunt,promouere
1433 2634 1664 2669 spiritualem
1687 2634 1749 2658 υἱι-

112 2682 273 2713 ·litatern.
288 2684 336 2712 11).

174 2731 191 2751 ⁴
226 2734 461 2760 consecutum.
477 2733 524 2760 ID.

176 2777 191 2798 ⁵
231 2780 403 2806 minimus
414 2784 542 2814 pagus.
556 2780 604 2808 ID.

173 2823 189 2844 6
224 2827 275 2853 sit
288 2826 406 2860 ingens
422 2828 467 2854 ad
483 2828 693 2856 Societatem
719 2828 882 2863 affectus.
898 2828 948 2855 ID.

175 2871 188 2889 ‘¹
229 2874 705 2910 quodammodofoelz'cz'tatis
719 2882 806 2903 suae
821 2876 858 2902 z'd
872 2882 960 2903 esse.
976 2875 1025 2902 10.

175 2919 190 2938 ⁸
224 2919 260 2947 P.
277 2921 426 2949 Oliverio
441 2922 612 2957 Manareo,
628 2922 816 2950 Lauretani
835 2922 978 2956 Collegii
996 2922 1154 2949 Rectore.

180 2966 195 2985 ⁹
233 2968 382 2996 alumni.
397 2969 582 2997 PoLAthJS.

158 3013 195 3034 *¹⁰
237 3018 319 3042 sunt
334 3018 557 3051 composilae.
572 3018 624 3045 ID.

160 3061 195 3083 ὨΙ
237 3064 370 3090 multae
383 3064 513 3097 factae.
528 3065 639 3093 Mons.
655 3065 705 3093 10.
