<?xml version="1.0" encoding="UTF-8"?>
<!DOCTYPE html PUBLIC "-//W3C//DTD XHTML 1.0 Transitional//EN"
    "http://www.w3.org/TR/xhtml1/DTD/xhtml1-transitional.dtd">
<html xmlns="http://www.w3.org/1999/xhtml" xml:lang="en" lang="en">
 <head>
  <title>
</title>
<meta http-equiv="Content-Type" content="text/html;charset=utf-8" />
  <meta name='ocr-system' content='tesseract 3.04.00' />
  <meta name='ocr-capabilities' content='ocr_page ocr_carea ocr_par ocr_line ocrx_word'/>
</head>
<body>
  <div class='ocr_page' id='page_1' title='image "./litteraequadrime16lain_0433.png"; bbox 0 0 2020 3342; ppageno 0'>
   <div class='ocr_carea' id='block_1_1' title="bbox 827 250 1740 292">
    <p class='ocr_par' dir='ltr' id='par_1_1' title="bbox 827 250 1740 292">
     <span class='ocr_line' id='line_1_1' title="bbox 827 250 1740 292; baseline -0.007 -1"><span class='ocrx_word' id='word_1_1' title='bbox 827 254 910 292; x_wconf 85' lang='lat' dir='ltr'>AN.</span> <span class='ocrx_word' id='word_1_2' title='bbox 942 253 1033 292; x_wconf 80' lang='lat'>1556</span> <span class='ocrx_word' id='word_1_3' title='bbox 1670 250 1740 286; x_wconf 70' lang='lat'>427</span> 
     </span>
    </p>
   </div>
   <div class='ocr_carea' id='block_1_2' title="bbox 804 704 1056 757">
    <p class='ocr_par' dir='ltr' id='par_1_2' title="bbox 804 704 1056 757">
     <span class='ocr_line' id='line_1_2' title="bbox 804 704 1056 757; baseline 0 0"><span class='ocrx_word' id='word_1_4' title='bbox 804 704 1056 757; x_wconf 74' lang='lat' dir='ltr'>DXXXI</span> 
     </span>
    </p>
   </div>
   <div class='ocr_carea' id='block_1_3' title="bbox 183 930 878 1108">
    <p class='ocr_par' dir='ltr' id='par_1_3' title="bbox 183 930 878 1108">
     <span class='ocr_line' id='line_1_3' title="bbox 183 930 544 979; baseline -0.003 -10"><span class='ocrx_word' id='word_1_5' title='bbox 183 932 345 969; x_wconf 71' lang='lat' dir='ltr'>Petrus</span> <span class='ocrx_word' id='word_1_6' title='bbox 363 930 544 979; x_wconf 86' lang='lat' dir='ltr'><strong>Sylvius</strong></span> 
     </span>
     <span class='ocr_line' id='line_1_4' title="bbox 233 995 817 1043; baseline -0.002 -9"><span class='ocrx_word' id='word_1_7' title='bbox 233 995 354 1034; x_wconf 89' lang='lat' dir='ltr'>Patri</span> <span class='ocrx_word' id='word_1_8' title='bbox 372 996 543 1043; x_wconf 91' lang='lat' dir='ltr'>Ignatio</span> <span class='ocrx_word' id='word_1_9' title='bbox 562 996 615 1033; x_wconf 86' lang='lat' dir='ltr'>de</span> <span class='ocrx_word' id='word_1_10' title='bbox 634 996 817 1043; x_wconf 87' lang='lat' dir='ltr'>Loyola.</span> 
     </span>
     <span class='ocr_line' id='line_1_5' title="bbox 282 1061 878 1108; baseline 0 -10"><span class='ocrx_word' id='word_1_11' title='bbox 282 1061 442 1108; x_wconf 83' lang='lat' dir='ltr'>Praga,</span> <span class='ocrx_word' id='word_1_12' title='bbox 462 1061 509 1099; x_wconf 83' lang='lat'>29</span> <span class='ocrx_word' id='word_1_13' title='bbox 526 1062 723 1108; x_wconf 85' lang='lat' dir='ltr'>Augusti</span> <span class='ocrx_word' id='word_1_14' title='bbox 743 1061 834 1100; x_wconf 84' lang='lat'>1556</span> <span class='ocrx_word' id='word_1_15' title='bbox 855 1063 878 1098; x_wconf 92' lang='lat'>¹.</span> 
     </span>
    </p>
   </div>
   <div class='ocr_carea' id='block_1_4' title="bbox 865 1200 996 1253">
    <p class='ocr_par' dir='ltr' id='par_1_4' title="bbox 865 1200 996 1253">
     <span class='ocr_line' id='line_1_6' title="bbox 865 1200 996 1253; baseline 0 -12"><span class='ocrx_word' id='word_1_16' title='bbox 865 1200 996 1253; x_wconf 78' lang='lat' dir='ltr'>jhuS.</span> 
     </span>
    </p>
   </div>
   <div class='ocr_carea' id='block_1_5' title="bbox 114 1339 1754 2387">
    <p class='ocr_par' dir='ltr' id='par_1_5' title="bbox 120 1339 1742 1455">
     <span class='ocr_line' id='line_1_7' title="bbox 196 1339 1742 1394; baseline -0.003 -11"><span class='ocrx_word' id='word_1_17' title='bbox 196 1343 268 1384; x_wconf 87' lang='lat' dir='ltr'>Ex</span> <span class='ocrx_word' id='word_1_18' title='bbox 302 1344 449 1383; x_wconf 89' lang='lat' dir='ltr'>literis</span> <span class='ocrx_word' id='word_1_19' title='bbox 484 1342 608 1394; x_wconf 86' lang='lat' dir='ltr'>Mag.</span> <span class='ocrx_word' id='word_1_20' title='bbox 639 1342 764 1383; x_wconf 90' lang='lat' dir='ltr'>Petri</span> <span class='ocrx_word' id='word_1_21' title='bbox 790 1342 920 1383; x_wconf 82' lang='lat' dir='ltr'>Siluii</span> <span class='ocrx_word' id='word_1_22' title='bbox 948 1342 1131 1394; x_wconf 83' lang='lat' dir='ltr'>Pragae</span> <span class='ocrx_word' id='word_1_23' title='bbox 1158 1342 1345 1394; x_wconf 85' lang='lat' dir='ltr'>scriptis</span> <span class='ocrx_word' id='word_1_24' title='bbox 1371 1342 1395 1381; x_wconf 86' lang='grc'>4</span> <span class='ocrx_word' id='word_1_25' title='bbox 1425 1340 1584 1381; x_wconf 91' lang='lat' dir='ltr'>Calen.</span> <span class='ocrx_word' id='word_1_26' title='bbox 1614 1339 1742 1392; x_wconf 88' lang='lat' dir='ltr'>Sept.</span> 
     </span>
     <span class='ocr_line' id='line_1_8' title="bbox 120 1414 237 1455; baseline -0.009 0"><span class='ocrx_word' id='word_1_27' title='bbox 120 1414 237 1455; x_wconf 82' lang='lat'>1556.</span> 
     </span>
    </p>

    <p class='ocr_par' dir='ltr' id='par_1_6' title="bbox 114 1482 1748 1880">
     <span class='ocr_line' id='line_1_9' title="bbox 196 1482 1743 1536; baseline -0.003 -11"><span class='ocrx_word' id='word_1_28' title='bbox 196 1484 416 1525; x_wconf 88' lang='lat' dir='ltr'>Doctoris</span> <span class='ocrx_word' id='word_1_29' title='bbox 437 1485 629 1525; x_wconf 88' lang='lat' dir='ltr'>Henrici</span> <span class='ocrx_word' id='word_1_30' title='bbox 649 1483 662 1502; x_wconf 79' lang='lat'><strong>²</strong></span> <span class='ocrx_word' id='word_1_31' title='bbox 683 1483 883 1525; x_wconf 88' lang='lat' dir='ltr'>officium</span> <span class='ocrx_word' id='word_1_32' title='bbox 913 1491 982 1524; x_wconf 87' lang='lat' dir='ltr'>est</span> <span class='ocrx_word' id='word_1_33' title='bbox 1003 1484 1310 1536; x_wconf 89' lang='lat' dir='ltr'>Theologiam</span> <span class='ocrx_word' id='word_1_34' title='bbox 1331 1488 1635 1533; x_wconf 78' lang='lat' dir='ltr'>sanctamque</span> <span class='ocrx_word' id='word_1_35' title='bbox 1663 1482 1743 1521; x_wconf 88' lang='lat' dir='ltr'>lin·</span> 
     </span>
     <span class='ocr_line' id='line_1_10' title="bbox 114 1553 1746 1608; baseline -0.002 -12"><span class='ocrx_word' id='word_1_36' title='bbox 114 1567 261 1608; x_wconf 76' lang='lat' dir='ltr'>vguam</span> <span class='ocrx_word' id='word_1_37' title='bbox 282 1556 503 1608; x_wconf 80' lang='lat' dir='ltr'>profiteri3</span> <span class='ocrx_word' id='word_1_38' title='bbox 525 1555 745 1596; x_wconf 88' lang='lat' dir='ltr'>literariis</span> <span class='ocrx_word' id='word_1_39' title='bbox 772 1555 982 1607; x_wconf 79' lang='lat' dir='ltr'>negociis</span> <span class='ocrx_word' id='word_1_40' title='bbox 1003 1566 1234 1606; x_wconf 88' lang='lat' dir='ltr'>praeesse,</span> <span class='ocrx_word' id='word_1_41' title='bbox 1265 1553 1535 1595; x_wconf 90' lang='lat' dir='ltr'>concionari</span> <span class='ocrx_word' id='word_1_42' title='bbox 1561 1563 1746 1604; x_wconf 88' lang='lat' dir='ltr'>germa-</span> 
     </span>
     <span class='ocr_line' id='line_1_11' title="bbox 119 1623 1745 1677; baseline -0.003 -10"><span class='ocrx_word' id='word_1_43' title='bbox 119 1627 222 1667; x_wconf 85' lang='lat' dir='ltr'><strong>nice</strong></span> <span class='ocrx_word' id='word_1_44' title='bbox 249 1627 296 1667; x_wconf 91' lang='lat' dir='ltr'>in</span> <span class='ocrx_word' id='word_1_45' title='bbox 328 1633 489 1667; x_wconf 90' lang='lat' dir='ltr'>nostro</span> <span class='ocrx_word' id='word_1_46' title='bbox 519 1625 596 1667; x_wconf 67' lang='lat' dir='ltr'>Sti</span> <span class='ocrx_word' id='word_1_47' title='bbox 633 1625 886 1667; x_wconf 89' lang='lat' dir='ltr'>Clementis</span> <span class='ocrx_word' id='word_1_48' title='bbox 920 1627 1106 1677; x_wconf 90' lang='lat' dir='ltr'>templo,</span> <span class='ocrx_word' id='word_1_49' title='bbox 1139 1636 1392 1677; x_wconf 88' lang='lat' dir='ltr'>puerorum</span> <span class='ocrx_word' id='word_1_50' title='bbox 1426 1623 1745 1664; x_wconf 85' lang='lat' dir='ltr'>confessiones</span> 
     </span>
     <span class='ocr_line' id='line_1_12' title="bbox 116 1694 1745 1749; baseline -0.003 -11"><span class='ocrx_word' id='word_1_51' title='bbox 116 1697 295 1749; x_wconf 87' lang='lat' dir='ltr'>audire,</span> <span class='ocrx_word' id='word_1_52' title='bbox 319 1698 447 1738; x_wconf 85' lang='lat' dir='ltr'>viros</span> <span class='ocrx_word' id='word_1_53' title='bbox 466 1698 713 1748; x_wconf 84' lang='lat' dir='ltr'>grauiores</span> <span class='ocrx_word' id='word_1_54' title='bbox 734 1697 906 1749; x_wconf 82' lang='lat' dir='ltr'>alloqui</span> <span class='ocrx_word' id='word_1_55' title='bbox 928 1709 1012 1737; x_wconf 85' lang='lat' dir='ltr'>nos</span> <span class='ocrx_word' id='word_1_56' title='bbox 1034 1697 1329 1737; x_wconf 79' lang='lat' dir='ltr'>consulentes</span> <span class='ocrx_word' id='word_1_57' title='bbox 1351 1696 1407 1736; x_wconf 90' lang='lat' dir='ltr'>de</span> <span class='ocrx_word' id='word_1_58' title='bbox 1425 1707 1473 1735; x_wconf 86' lang='lat' dir='ltr'>re</span> <span class='ocrx_word' id='word_1_59' title='bbox 1491 1694 1648 1746; x_wconf 88' lang='lat' dir='ltr'>aliqua</span> <span class='ocrx_word' id='word_1_60' title='bbox 1671 1694 1745 1734; x_wconf 92' lang='lat' dir='ltr'>uel</span> 
     </span>
     <span class='ocr_line' id='line_1_13' title="bbox 118 1767 1748 1819; baseline -0.003 -10"><span class='ocrx_word' id='word_1_61' title='bbox 118 1769 388 1819; x_wconf 88' lang='lat' dir='ltr'>inuisentes;</span> <span class='ocrx_word' id='word_1_62' title='bbox 413 1775 457 1808; x_wconf 89' lang='lat' dir='ltr'>et</span> <span class='ocrx_word' id='word_1_63' title='bbox 476 1774 633 1809; x_wconf 92' lang='lat' dir='ltr'>tamen</span> <span class='ocrx_word' id='word_1_64' title='bbox 655 1768 984 1809; x_wconf 86' lang='lat' dir='ltr'>diuersissimis</span> <span class='ocrx_word' id='word_1_65' title='bbox 1005 1768 1143 1808; x_wconf 90' lang='lat' dir='ltr'>rebus</span> <span class='ocrx_word' id='word_1_66' title='bbox 1170 1767 1365 1818; x_wconf 82' lang='lat' dir='ltr'>agendis</span> <span class='ocrx_word' id='word_1_67' title='bbox 1393 1778 1538 1817; x_wconf 91' lang='lat' dir='ltr'>aeque</span> <span class='ocrx_word' id='word_1_68' title='bbox 1566 1776 1748 1817; x_wconf 89' lang='lat' dir='ltr'>perma-</span> 
     </span>
     <span class='ocr_line' id='line_1_14' title="bbox 117 1840 846 1880; baseline -0.001 0"><span class='ocrx_word' id='word_1_69' title='bbox 117 1846 197 1880; x_wconf 89' lang='lat' dir='ltr'>net</span> <span class='ocrx_word' id='word_1_70' title='bbox 218 1846 441 1880; x_wconf 80' lang='lat' dir='ltr'>constans</span> <span class='ocrx_word' id='word_1_71' title='bbox 461 1845 506 1880; x_wconf 90' lang='lat' dir='ltr'>et</span> <span class='ocrx_word' id='word_1_72' title='bbox 526 1840 846 1880; x_wconf 88' lang='lat' dir='ltr'>inconcussus.</span> 
     </span>
    </p>

    <p class='ocr_par' dir='ltr' id='par_1_7' title="bbox 118 1907 1750 2174">
     <span class='ocr_line' id='line_1_15' title="bbox 199 1907 1750 1963; baseline -0.003 -13"><span class='ocrx_word' id='word_1_73' title='bbox 199 1910 379 1950; x_wconf 88' lang='lat' dir='ltr'>Doctor</span> <span class='ocrx_word' id='word_1_74' title='bbox 409 1910 616 1963; x_wconf 89' lang='lat' dir='ltr'>Joannes</span> <span class='ocrx_word' id='word_1_75' title='bbox 644 1910 836 1950; x_wconf 89' lang='lat' dir='ltr'>Tilanus</span> <span class='ocrx_word' id='word_1_76' title='bbox 867 1910 1099 1960; x_wconf 83' lang='lat' dir='ltr'>insignem</span> <span class='ocrx_word' id='word_1_77' title='bbox 1129 1908 1469 1961; x_wconf 84' lang='lat' dir='ltr'>professionem</span> <span class='ocrx_word' id='word_1_78' title='bbox 1498 1907 1511 1925; x_wconf 76' lang='lat'>³</span> <span class='ocrx_word' id='word_1_79' title='bbox 1543 1907 1750 1947; x_wconf 89' lang='lat' dir='ltr'>Philoso-</span> 
     </span>
     <span class='ocr_line' id='line_1_16' title="bbox 118 1978 1746 2033; baseline -0.003 -12"><span class='ocrx_word' id='word_1_80' title='bbox 118 1981 257 2033; x_wconf 92' lang='lat' dir='ltr'>phiae</span> <span class='ocrx_word' id='word_1_81' title='bbox 279 1981 480 2031; x_wconf 85' lang='lat' dir='ltr'>exhibet,</span> <span class='ocrx_word' id='word_1_82' title='bbox 503 1982 584 2021; x_wconf 91' lang='lat' dir='ltr'>sed</span> <span class='ocrx_word' id='word_1_83' title='bbox 604 1991 697 2021; x_wconf 89' lang='lat' dir='ltr'>non</span> <span class='ocrx_word' id='word_1_84' title='bbox 720 1981 871 2021; x_wconf 90' lang='lat' dir='ltr'>minus</span> <span class='ocrx_word' id='word_1_85' title='bbox 898 1981 1119 2021; x_wconf 90' lang='lat' dir='ltr'>humilem</span> <span class='ocrx_word' id='word_1_86' title='bbox 1141 1979 1431 2020; x_wconf 76' lang='lat' dir='ltr'>obedientiae</span> <span class='ocrx_word' id='word_1_87' title='bbox 1453 1978 1746 2029; x_wconf 90' lang='lat' dir='ltr'>discipulum;</span> 
     </span>
     <span class='ocr_line' id='line_1_17' title="bbox 121 2051 1749 2104; baseline -0.004 -11"><span class='ocrx_word' id='word_1_88' title='bbox 121 2058 216 2092; x_wconf 89' lang='lat' dir='ltr'>tam</span> <span class='ocrx_word' id='word_1_89' title='bbox 232 2053 406 2093; x_wconf 90' lang='lat' dir='ltr'>nostris</span> <span class='ocrx_word' id='word_1_90' title='bbox 425 2064 562 2104; x_wconf 89' lang='lat' dir='ltr'>quam</span> <span class='ocrx_word' id='word_1_91' title='bbox 580 2053 786 2093; x_wconf 83' lang='lat' dir='ltr'>externis</span> <span class='ocrx_word' id='word_1_92' title='bbox 805 2051 1103 2092; x_wconf 80' lang='lat' dir='ltr'>admirationi</span> <span class='ocrx_word' id='word_1_93' title='bbox 1121 2057 1207 2102; x_wconf 88' lang='lat' dir='ltr'>est,</span> <span class='ocrx_word' id='word_1_94' title='bbox 1227 2051 1429 2091; x_wconf 84' lang='lat' dir='ltr'>maxime</span> <span class='ocrx_word' id='word_1_95' title='bbox 1447 2062 1553 2090; x_wconf 93' lang='lat' dir='ltr'>cum</span> <span class='ocrx_word' id='word_1_96' title='bbox 1571 2054 1749 2089; x_wconf 77' lang='lat' dir='ltr'>tantam</span> 
     </span>
     <span class='ocr_line' id='line_1_18' title="bbox 121 2122 1350 2174; baseline -0.002 -11"><span class='ocrx_word' id='word_1_97' title='bbox 121 2123 398 2164; x_wconf 82' lang='lat' dir='ltr'>modestiam</span> <span class='ocrx_word' id='word_1_98' title='bbox 421 2130 516 2163; x_wconf 87' lang='lat' dir='ltr'>tam</span> <span class='ocrx_word' id='word_1_99' title='bbox 534 2123 706 2174; x_wconf 90' lang='lat' dir='ltr'>insigni</span> <span class='ocrx_word' id='word_1_100' title='bbox 723 2135 828 2163; x_wconf 92' lang='lat' dir='ltr'>cum</span> <span class='ocrx_word' id='word_1_101' title='bbox 847 2123 1058 2163; x_wconf 88' lang='lat' dir='ltr'>doctrina</span> <span class='ocrx_word' id='word_1_102' title='bbox 1076 2122 1350 2172; x_wconf 85' lang='lat' dir='ltr'>coniungat.</span> 
     </span>
    </p>

    <p class='ocr_par' dir='ltr' id='par_1_8' title="bbox 121 2191 1754 2387">
     <span class='ocr_line' id='line_1_19' title="bbox 200 2191 1753 2245; baseline -0.003 -11"><span class='ocrx_word' id='word_1_103' title='bbox 200 2194 397 2245; x_wconf 91' lang='lat' dir='ltr'>Collegii</span> <span class='ocrx_word' id='word_1_104' title='bbox 416 2194 562 2234; x_wconf 85' lang='lat' dir='ltr'>nostri</span> <span class='ocrx_word' id='word_1_105' title='bbox 592 2194 820 2234; x_wconf 88' lang='lat' dir='ltr'>admoneo</span> <span class='ocrx_word' id='word_1_106' title='bbox 848 2205 1024 2245; x_wconf 87' lang='lat' dir='ltr'>paucos</span> <span class='ocrx_word' id='word_1_107' title='bbox 1052 2205 1154 2233; x_wconf 89' lang='lat' dir='ltr'>esse</span> <span class='ocrx_word' id='word_1_108' title='bbox 1181 2194 1254 2233; x_wconf 92' lang='lat' dir='ltr'>uel</span> <span class='ocrx_word' id='word_1_109' title='bbox 1280 2193 1432 2232; x_wconf 80' lang='lat' dir='ltr'>nullos</span> <span class='ocrx_word' id='word_1_110' title='bbox 1453 2191 1753 2232; x_wconf 84' lang='lat' dir='ltr'>aduersarios</span> 
     </span>
     <span class='ocr_line' id='line_1_20' title="bbox 122 2262 1754 2317; baseline -0.002 -12"><span class='ocrx_word' id='word_1_111' title='bbox 122 2271 311 2315; x_wconf 88' lang='lat' dir='ltr'>praeter</span> <span class='ocrx_word' id='word_1_112' title='bbox 331 2265 623 2306; x_wconf 85' lang='lat' dir='ltr'>lutheranos:</span> <span class='ocrx_word' id='word_1_113' title='bbox 648 2266 725 2317; x_wconf 92' lang='lat' dir='ltr'>qui</span> <span class='ocrx_word' id='word_1_114' title='bbox 746 2276 831 2305; x_wconf 88' lang='lat' dir='ltr'>nos</span> <span class='ocrx_word' id='word_1_115' title='bbox 860 2265 1068 2314; x_wconf 85' lang='lat' dir='ltr'>timeant,</span> <span class='ocrx_word' id='word_1_116' title='bbox 1092 2275 1193 2304; x_wconf 89' lang='lat' dir='ltr'>esse</span> <span class='ocrx_word' id='word_1_117' title='bbox 1214 2263 1453 2315; x_wconf 83' lang='lat' dir='ltr'>plurimos;</span> <span class='ocrx_word' id='word_1_118' title='bbox 1477 2263 1647 2314; x_wconf 85' lang='lat' dir='ltr'>quippe</span> <span class='ocrx_word' id='word_1_119' title='bbox 1673 2262 1754 2313; x_wconf 92' lang='lat' dir='ltr'>qui</span> 
     </span>
     <span class='ocr_line' id='line_1_21' title="bbox 121 2332 1753 2387; baseline -0.002 -11"><span class='ocrx_word' id='word_1_120' title='bbox 121 2347 203 2387; x_wconf 90' lang='lat' dir='ltr'>per</span> <span class='ocrx_word' id='word_1_121' title='bbox 223 2347 308 2376; x_wconf 90' lang='lat' dir='ltr'>nos</span> <span class='ocrx_word' id='word_1_122' title='bbox 329 2347 441 2376; x_wconf 89' lang='lat' dir='ltr'>suae</span> <span class='ocrx_word' id='word_1_123' title='bbox 461 2343 617 2376; x_wconf 90' lang='lat' dir='ltr'>sectae</span> <span class='ocrx_word' id='word_1_124' title='bbox 635 2336 963 2376; x_wconf 85' lang='lat' dir='ltr'>auctoritatem</span> <span class='ocrx_word' id='word_1_125' title='bbox 985 2335 1284 2375; x_wconf 88' lang='lat' dir='ltr'>minuendam</span> <span class='ocrx_word' id='word_1_126' title='bbox 1303 2334 1624 2386; x_wconf 80' lang='lat' dir='ltr'>praesagiunt.</span> <span class='ocrx_word' id='word_1_127' title='bbox 1648 2332 1753 2385; x_wconf 89' lang='lat' dir='ltr'>Jus-</span> 
     </span>
    </p>
   </div>
   <div class='ocr_carea' id='block_1_6' title="bbox 119 2492 1758 2863">
    <p class='ocr_par' dir='ltr' id='par_1_9' title="bbox 119 2492 1758 2863">
     <span class='ocr_line' id='line_1_22' title="bbox 179 2492 1756 2532; baseline -0.003 -8"><span class='ocrx_word' id='word_1_128' title='bbox 179 2497 187 2516; x_wconf 69' lang='grc' dir='ltr'>Ι</span> <span class='ocrx_word' id='word_1_129' title='bbox 230 2497 474 2531; x_wconf 83' lang='lat' dir='ltr'>Apographum</span> <span class='ocrx_word' id='word_1_130' title='bbox 488 2498 521 2525; x_wconf 87' lang='lat' dir='ltr'>in</span> <span class='ocrx_word' id='word_1_131' title='bbox 536 2497 661 2532; x_wconf 86' lang='lat' dir='ltr'>duplici</span> <span class='ocrx_word' id='word_1_132' title='bbox 676 2497 765 2529; x_wconf 84' lang='lat' dir='ltr'>solio,</span> <span class='ocrx_word' id='word_1_133' title='bbox 779 2504 832 2524; x_wconf 91' lang='lat' dir='ltr'>nn.</span> <span class='ocrx_word' id='word_1_134' title='bbox 849 2496 901 2523; x_wconf 78' lang='lat'>225</span> <span class='ocrx_word' id='word_1_135' title='bbox 915 2501 947 2523; x_wconf 87' lang='lat' dir='ltr'>et</span> <span class='ocrx_word' id='word_1_136' title='bbox 963 2496 1024 2523; x_wconf 78' lang='lat'>226.</span> <span class='ocrx_word' id='word_1_137' title='bbox 1042 2495 1076 2522; x_wconf 85' lang='grc' dir='ltr'>Ρ.</span> <span class='ocrx_word' id='word_1_138' title='bbox 1094 2495 1365 2522; x_wconf 73' lang='lat' dir='ltr'>BRAUNSBERGER</span> <span class='ocrx_word' id='word_1_139' title='bbox 1377 2495 1410 2521; x_wconf 90' lang='lat' dir='ltr'>in</span> <span class='ocrx_word' id='word_1_140' title='bbox 1424 2501 1525 2528; x_wconf 88' lang='lat' dir='ltr'>opere</span> <span class='ocrx_word' id='word_1_141' title='bbox 1538 2493 1646 2521; x_wconf 82' lang='lat' dir='ltr'>Beati</span> <span class='ocrx_word' id='word_1_142' title='bbox 1656 2492 1756 2520; x_wconf 81' lang='lat' dir='ltr'>Petri</span> 
     </span>
     <span class='ocr_line' id='line_1_23' title="bbox 122 2541 1756 2579; baseline -0.002 -8"><span class='ocrx_word' id='word_1_143' title='bbox 122 2543 309 2571; x_wconf 74' lang='lat' dir='ltr'>camisiis.</span> <span class='ocrx_word' id='word_1_144' title='bbox 323 2543 356 2579; x_wconf 89' lang='lat' dir='ltr'>J.</span> <span class='ocrx_word' id='word_1_145' title='bbox 373 2544 549 2578; x_wconf 81' lang='lat' dir='ltr'>epistulae</span> <span class='ocrx_word' id='word_1_146' title='bbox 564 2546 597 2571; x_wconf 86' lang='lat' dir='ltr'>et</span> <span class='ocrx_word' id='word_1_147' title='bbox 612 2546 703 2576; x_wconf 82' lang='lat' dir='ltr'>acta,</span> <span class='ocrx_word' id='word_1_148' title='bbox 717 2545 785 2571; x_wconf 88' lang='lat' dir='ltr'>vol.</span> <span class='ocrx_word' id='word_1_149' title='bbox 800 2551 821 2577; x_wconf 86' lang='lat'>1,</span> <span class='ocrx_word' id='word_1_150' title='bbox 835 2550 913 2577; x_wconf 85' lang='lat' dir='ltr'>pag.</span> <span class='ocrx_word' id='word_1_151' title='bbox 924 2541 978 2569; x_wconf 89' lang='lat'>770</span> <span class='ocrx_word' id='word_1_152' title='bbox 989 2548 1021 2569; x_wconf 87' lang='lat' dir='ltr'>et</span> <span class='ocrx_word' id='word_1_153' title='bbox 1034 2550 1114 2576; x_wconf 77' lang='lat' dir='ltr'>seq..</span> <span class='ocrx_word' id='word_1_154' title='bbox 1128 2543 1257 2576; x_wconf 89' lang='lat' dir='ltr'>aliquot</span> <span class='ocrx_word' id='word_1_155' title='bbox 1270 2542 1369 2576; x_wconf 83' lang='lat' dir='ltr'>huJ&#39;us</span> <span class='ocrx_word' id='word_1_156' title='bbox 1381 2541 1546 2575; x_wconf 84' lang='lat' dir='ltr'>epistolae</span> <span class='ocrx_word' id='word_1_157' title='bbox 1559 2541 1756 2574; x_wconf 84' lang='lat' dir='ltr'>fragmenta</span> 
     </span>
     <span class='ocr_line' id='line_1_24' title="bbox 119 2587 1754 2625; baseline -0.002 -7"><span class='ocrx_word' id='word_1_158' title='bbox 119 2599 165 2618; x_wconf 80' lang='lat' dir='ltr'>ex</span> <span class='ocrx_word' id='word_1_159' title='bbox 187 2591 321 2619; x_wconf 84' lang='lat' dir='ltr'>Radero</span> <span class='ocrx_word' id='word_1_160' title='bbox 342 2592 375 2619; x_wconf 88' lang='lat' dir='ltr'>in</span> <span class='ocrx_word' id='word_1_161' title='bbox 389 2593 498 2619; x_wconf 83' lang='lat' dir='ltr'>lucem</span> <span class='ocrx_word' id='word_1_162' title='bbox 513 2592 628 2620; x_wconf 88' lang='lat' dir='ltr'>edidit.</span> <span class='ocrx_word' id='word_1_163' title='bbox 644 2592 714 2619; x_wconf 88' lang='lat' dir='ltr'>Eas</span> <span class='ocrx_word' id='word_1_164' title='bbox 738 2597 880 2618; x_wconf 84' lang='lat' dir='ltr'>annuas</span> <span class='ocrx_word' id='word_1_165' title='bbox 901 2590 1091 2625; x_wconf 84' lang='lat' dir='ltr'>appellavit</span> <span class='ocrx_word' id='word_1_166' title='bbox 1106 2589 1271 2623; x_wconf 83' lang='lat' dir='ltr'>Raderus;</span> <span class='ocrx_word' id='word_1_167' title='bbox 1293 2590 1342 2616; x_wconf 90' lang='lat' dir='ltr'>ait</span> <span class='ocrx_word' id='word_1_168' title='bbox 1357 2589 1455 2616; x_wconf 87' lang='lat' dir='ltr'>enim:</span> <span class='ocrx_word' id='word_1_169' title='bbox 1472 2588 1527 2615; x_wconf 74' lang='lat' dir='ltr'>“ln</span> <span class='ocrx_word' id='word_1_170' title='bbox 1543 2588 1664 2615; x_wconf 87' lang='lat' dir='ltr'>annuis</span> <span class='ocrx_word' id='word_1_171' title='bbox 1679 2587 1754 2615; x_wconf 88' lang='lat' dir='ltr'>Col-</span> 
     </span>
     <span class='ocr_line' id='line_1_25' title="bbox 124 2635 1755 2673; baseline -0.002 -8"><span class='ocrx_word' id='word_1_172' title='bbox 124 2638 203 2672; x_wconf 84' lang='lat' dir='ltr'>legii</span> <span class='ocrx_word' id='word_1_173' title='bbox 220 2638 414 2673; x_wconf 80' lang='lat' dir='ltr'>Pragensis,</span> <span class='ocrx_word' id='word_1_174' title='bbox 429 2639 527 2666; x_wconf 91' lang='lat' dir='ltr'>Anno</span> <span class='ocrx_word' id='word_1_175' title='bbox 542 2639 584 2666; x_wconf 92' lang='lat' dir='ltr'>M.</span> <span class='ocrx_word' id='word_1_176' title='bbox 600 2639 641 2667; x_wconf 90' lang='lat' dir='ltr'>D.</span> <span class='ocrx_word' id='word_1_177' title='bbox 656 2638 746 2672; x_wconf 83' lang='lat' dir='ltr'>LVI,</span> <span class='ocrx_word' id='word_1_178' title='bbox 762 2638 820 2666; x_wconf 88' lang='lat' dir='ltr'>IV.</span> <span class='ocrx_word' id='word_1_179' title='bbox 836 2638 908 2666; x_wconf 89' lang='lat' dir='ltr'>Cal.</span> <span class='ocrx_word' id='word_1_180' title='bbox 925 2638 1015 2673; x_wconf 88' lang='lat' dir='ltr'>Sept.</span> <span class='ocrx_word' id='word_1_181' title='bbox 1038 2645 1058 2664; x_wconf 90' lang='lat' dir='ltr'>a</span> <span class='ocrx_word' id='word_1_182' title='bbox 1078 2637 1181 2664; x_wconf 89' lang='lat' dir='ltr'>Petro</span> <span class='ocrx_word' id='word_1_183' title='bbox 1207 2636 1312 2664; x_wconf 83' lang='lat' dir='ltr'>Siluio</span> <span class='ocrx_word' id='word_1_184' title='bbox 1337 2636 1479 2663; x_wconf 87' lang='lat' dir='ltr'>Romam</span> <span class='ocrx_word' id='word_1_185' title='bbox 1500 2635 1701 2670; x_wconf 84' lang='lat' dir='ltr'>perscriptis</span> <span class='ocrx_word' id='word_1_186' title='bbox 1722 2635 1755 2661; x_wconf 89' lang='lat' dir='ltr'>in</span> 
     </span>
     <span class='ocr_line' id='line_1_26' title="bbox 122 2682 1758 2720; baseline -0.002 -8"><span class='ocrx_word' id='word_1_187' title='bbox 122 2686 207 2713; x_wconf 85' lang='lat' dir='ltr'>haec</span> <span class='ocrx_word' id='word_1_188' title='bbox 231 2687 339 2713; x_wconf 83' lang='lat' dir='ltr'>verba</span> <span class='ocrx_word' id='word_1_189' title='bbox 361 2687 468 2720; x_wconf 72' lang='lat' dir='ltr'>lego„</span> <span class='ocrx_word' id='word_1_190' title='bbox 484 2685 534 2713; x_wconf 85' lang='lat' dir='ltr'>Cf.</span> <span class='ocrx_word' id='word_1_191' title='bbox 550 2687 869 2717; x_wconf 75' lang='lat' dir='ltr'>BRAUNSBERGER,1.</span> <span class='ocrx_word' id='word_1_192' title='bbox 891 2693 930 2716; x_wconf 86' lang='lat' dir='ltr'>c..</span> <span class='ocrx_word' id='word_1_193' title='bbox 951 2693 1029 2719; x_wconf 84' lang='lat' dir='ltr'>pag.</span> <span class='ocrx_word' id='word_1_194' title='bbox 1049 2685 1112 2711; x_wconf 86' lang='lat'>771.</span> <span class='ocrx_word' id='word_1_195' title='bbox 1134 2684 1263 2711; x_wconf 85' lang='lat' dir='ltr'>Verum</span> <span class='ocrx_word' id='word_1_196' title='bbox 1286 2691 1362 2711; x_wconf 91' lang='lat' dir='ltr'>cum</span> <span class='ocrx_word' id='word_1_197' title='bbox 1382 2691 1512 2710; x_wconf 77' lang='lat' dir='ltr'>annuas</span> <span class='ocrx_word' id='word_1_198' title='bbox 1535 2683 1654 2710; x_wconf 84' lang='lat' dir='ltr'>literas</span> <span class='ocrx_word' id='word_1_199' title='bbox 1675 2682 1758 2709; x_wconf 86' lang='lat' dir='ltr'>scri-</span> 
     </span>
     <span class='ocr_line' id='line_1_27' title="bbox 120 2730 1756 2768; baseline -0.002 -8"><span class='ocrx_word' id='word_1_200' title='bbox 120 2733 221 2760; x_wconf 87' lang='lat' dir='ltr'>bendi</span> <span class='ocrx_word' id='word_1_201' title='bbox 236 2741 307 2760; x_wconf 87' lang='lat' dir='ltr'>mos</span> <span class='ocrx_word' id='word_1_202' title='bbox 321 2734 467 2761; x_wconf 86' lang='lat' dir='ltr'>nondum</span> <span class='ocrx_word' id='word_1_203' title='bbox 482 2741 520 2761; x_wconf 90' lang='lat' dir='ltr'>eo</span> <span class='ocrx_word' id='word_1_204' title='bbox 536 2738 688 2768; x_wconf 86' lang='lat' dir='ltr'>tempore</span> <span class='ocrx_word' id='word_1_205' title='bbox 704 2734 736 2761; x_wconf 88' lang='lat' dir='ltr'>in</span> <span class='ocrx_word' id='word_1_206' title='bbox 752 2733 925 2761; x_wconf 79' lang='lat' dir='ltr'>societate</span> <span class='ocrx_word' id='word_1_207' title='bbox 942 2732 1136 2765; x_wconf 74' lang='lat' dir='ltr'>invaluerit.</span> <span class='ocrx_word' id='word_1_208' title='bbox 1153 2732 1211 2759; x_wconf 89' lang='lat' dir='ltr'>sed</span> <span class='ocrx_word' id='word_1_209' title='bbox 1223 2736 1417 2759; x_wconf 83' lang='lat' dir='ltr'>menstruas</span> <span class='ocrx_word' id='word_1_210' title='bbox 1430 2736 1463 2758; x_wconf 85' lang='lat' dir='ltr'>et</span> <span class='ocrx_word' id='word_1_211' title='bbox 1475 2730 1756 2764; x_wconf 82' lang='lat' dir='ltr'>quadrimestres‚</span> 
     </span>
     <span class='ocr_line' id='line_1_28' title="bbox 123 2777 1757 2815; baseline -0.002 -8"><span class='ocrx_word' id='word_1_212' title='bbox 123 2787 264 2815; x_wconf 88' lang='lat' dir='ltr'>cumque</span> <span class='ocrx_word' id='word_1_213' title='bbox 279 2782 368 2808; x_wconf 87' lang='lat' dir='ltr'>inter</span> <span class='ocrx_word' id='word_1_214' title='bbox 383 2781 652 2815; x_wconf 87' lang='lat' dir='ltr'>quadrimestres</span> <span class='ocrx_word' id='word_1_215' title='bbox 672 2781 736 2808; x_wconf 81' lang='lat' dir='ltr'>hae</span> <span class='ocrx_word' id='word_1_216' title='bbox 762 2781 990 2815; x_wconf 85' lang='lat' dir='ltr'>reperiantur,</span> <span class='ocrx_word' id='word_1_217' title='bbox 1013 2787 1071 2808; x_wconf 86' lang='lat' dir='ltr'>eas</span> <span class='ocrx_word' id='word_1_218' title='bbox 1091 2780 1146 2808; x_wconf 87' lang='lat' dir='ltr'>hic</span> <span class='ocrx_word' id='word_1_219' title='bbox 1168 2780 1317 2807; x_wconf 83' lang='lat' dir='ltr'>inserere</span> <span class='ocrx_word' id='word_1_220' title='bbox 1339 2787 1402 2806; x_wconf 89' lang='lat' dir='ltr'>non</span> <span class='ocrx_word' id='word_1_221' title='bbox 1426 2777 1757 2806; x_wconf 61' lang='lat' dir='ltr'>dubitamus-Item</span> 
     </span>
     <span class='ocr_line' id='line_1_29' title="bbox 122 2825 1751 2863; baseline -0.003 -6"><span class='ocrx_word' id='word_1_222' title='bbox 122 2832 194 2862; x_wconf 83' lang='lat' dir='ltr'>ipse</span> <span class='ocrx_word' id='word_1_223' title='bbox 207 2828 489 2861; x_wconf 74' lang='lat' dir='ltr'>BRAUNSBERGER.</span> <span class='ocrx_word' id='word_1_224' title='bbox 505 2836 583 2863; x_wconf 81' lang='lat' dir='ltr'>pag.</span> <span class='ocrx_word' id='word_1_225' title='bbox 599 2828 662 2861; x_wconf 82' lang='lat'><strong>770,</strong></span> <span class='ocrx_word' id='word_1_226' title='bbox 677 2829 740 2856; x_wconf 84' lang='lat' dir='ltr'>has</span> <span class='ocrx_word' id='word_1_227' title='bbox 756 2829 893 2857; x_wconf 87' lang='lat' dir='ltr'>litteras</span> <span class='ocrx_word' id='word_1_228' title='bbox 909 2828 1020 2856; x_wconf 75' lang='lat' dir='ltr'>Sociis</span> <span class='ocrx_word' id='word_1_229' title='bbox 1037 2828 1198 2855; x_wconf 78' lang='lat' dir='ltr'>romanis</span> <span class='ocrx_word' id='word_1_230' title='bbox 1212 2828 1345 2855; x_wconf 86' lang='lat' dir='ltr'>dicatas</span> <span class='ocrx_word' id='word_1_231' title='bbox 1366 2827 1535 2861; x_wconf 87' lang='lat' dir='ltr'>supponit;</span> <span class='ocrx_word' id='word_1_232' title='bbox 1552 2830 1587 2853; x_wconf 90' lang='lat' dir='ltr'>at</span> <span class='ocrx_word' id='word_1_233' title='bbox 1604 2833 1678 2853; x_wconf 92' lang='lat' dir='ltr'>cum</span> <span class='ocrx_word' id='word_1_234' title='bbox 1694 2825 1751 2852; x_wconf 93' lang='lat' dir='ltr'>Ro-</span> 
     </span>
    </p>
   </div>
   <div class='ocr_carea' id='block_1_7' title="bbox 124 2873 1806 2910">
    <p class='ocr_par' dir='ltr' id='par_1_10' title="bbox 124 2873 1806 2910">
     <span class='ocr_line' id='line_1_30' title="bbox 124 2873 1806 2910; baseline -0.002 -8"><span class='ocrx_word' id='word_1_235' title='bbox 124 2882 215 2903; x_wconf 88' lang='lat' dir='ltr'>mam</span> <span class='ocrx_word' id='word_1_236' title='bbox 238 2876 359 2903; x_wconf 76' lang='lat' dir='ltr'>missas</span> <span class='ocrx_word' id='word_1_237' title='bbox 381 2882 475 2903; x_wconf 80' lang='lat' dir='ltr'>certo</span> <span class='ocrx_word' id='word_1_238' title='bbox 492 2884 533 2903; x_wconf 82' lang='lat' dir='ltr'>ex</span> <span class='ocrx_word' id='word_1_239' title='bbox 556 2876 692 2904; x_wconf 85' lang='lat' dir='ltr'>Radero</span> <span class='ocrx_word' id='word_1_240' title='bbox 708 2881 849 2908; x_wconf 80' lang='lat' dir='ltr'>constet.</span> <span class='ocrx_word' id='word_1_241' title='bbox 870 2881 914 2909; x_wconf 80' lang='lat' dir='ltr'>er,</span> <span class='ocrx_word' id='word_1_242' title='bbox 930 2883 994 2910; x_wconf 92' lang='lat' dir='ltr'>quo</span> <span class='ocrx_word' id='word_1_243' title='bbox 1017 2876 1069 2903; x_wconf 88' lang='lat' dir='ltr'>die</span> <span class='ocrx_word' id='word_1_244' title='bbox 1089 2875 1240 2909; x_wconf 87' lang='lat' dir='ltr'>scriptae</span> <span class='ocrx_word' id='word_1_245' title='bbox 1261 2880 1350 2908; x_wconf 83' lang='lat' dir='ltr'>sunt,</span> <span class='ocrx_word' id='word_1_246' title='bbox 1366 2875 1512 2901; x_wconf 88' lang='lat' dir='ltr'>nondum</span> <span class='ocrx_word' id='word_1_247' title='bbox 1527 2874 1566 2900; x_wconf 88' lang='lat' dir='ltr'>de</span> <span class='ocrx_word' id='word_1_248' title='bbox 1583 2873 1615 2901; x_wconf 87' lang='lat' dir='ltr'>S.</span> <span class='ocrx_word' id='word_1_249' title='bbox 1631 2873 1757 2907; x_wconf 83' lang='lat' dir='ltr'>Ignatii</span> <span class='ocrx_word' id='word_1_250' title='bbox 1804 2893 1806 2895; x_wconf 91' lang='lat'>.</span> 
     </span>
    </p>
   </div>
   <div class='ocr_carea' id='block_1_8' title="bbox 117 2920 1760 3102">
    <p class='ocr_par' dir='ltr' id='par_1_11' title="bbox 117 2920 1760 3005">
     <span class='ocr_line' id='line_1_31' title="bbox 117 2920 1760 2958; baseline -0.002 -8"><span class='ocrx_word' id='word_1_251' title='bbox 117 2923 218 2950; x_wconf 78' lang='lat' dir='ltr'>¹obitu</span> <span class='ocrx_word' id='word_1_252' title='bbox 232 2924 354 2951; x_wconf 88' lang='lat' dir='ltr'>notitia</span> <span class='ocrx_word' id='word_1_253' title='bbox 368 2924 517 2958; x_wconf 69' lang='lat' dir='ltr'>Pragam</span> <span class='ocrx_word' id='word_1_254' title='bbox 534 2932 638 2958; x_wconf 86' lang='lat' dir='ltr'>usque</span> <span class='ocrx_word' id='word_1_255' title='bbox 656 2924 834 2958; x_wconf 87' lang='lat' dir='ltr'>pervenire</span> <span class='ocrx_word' id='word_1_256' title='bbox 852 2924 1011 2958; x_wconf 85' lang='lat' dir='ltr'>potuerit,</span> <span class='ocrx_word' id='word_1_257' title='bbox 1028 2931 1096 2953; x_wconf 83' lang='lat' dir='ltr'>eas,</span> <span class='ocrx_word' id='word_1_258' title='bbox 1112 2927 1147 2950; x_wconf 90' lang='lat' dir='ltr'>ut</span> <span class='ocrx_word' id='word_1_259' title='bbox 1167 2923 1199 2950; x_wconf 90' lang='lat' dir='ltr'>in</span> <span class='ocrx_word' id='word_1_260' title='bbox 1214 2923 1380 2951; x_wconf 89' lang='lat' dir='ltr'>similibus</span> <span class='ocrx_word' id='word_1_261' title='bbox 1401 2922 1504 2949; x_wconf 90' lang='lat' dir='ltr'>moris</span> <span class='ocrx_word' id='word_1_262' title='bbox 1520 2926 1607 2954; x_wconf 85' lang='lat' dir='ltr'>erat,</span> <span class='ocrx_word' id='word_1_263' title='bbox 1622 2920 1760 2954; x_wconf 74' lang='lat' dir='ltr'>ignatio</span> 
     </span>
     <span class='ocr_line' id='line_1_32' title="bbox 121 2971 835 3005; baseline 0.003 -9"><span class='ocrx_word' id='word_1_264' title='bbox 121 2971 238 3004; x_wconf 82' lang='lat' dir='ltr'>potius</span> <span class='ocrx_word' id='word_1_265' title='bbox 252 2978 353 3005; x_wconf 90' lang='lat' dir='ltr'>quam</span> <span class='ocrx_word' id='word_1_266' title='bbox 367 2971 444 2999; x_wconf 84' lang='lat' dir='ltr'>aliis</span> <span class='ocrx_word' id='word_1_267' title='bbox 459 2972 592 2999; x_wconf 87' lang='lat' dir='ltr'>dicatas</span> <span class='ocrx_word' id='word_1_268' title='bbox 608 2976 835 2999; x_wconf 83' lang='lat' dir='ltr'>autumamus.</span> 
     </span>
    </p>

    <p class='ocr_par' dir='ltr' id='par_1_12' title="bbox 183 3017 883 3055">
     <span class='ocr_line' id='line_1_33' title="bbox 183 3017 883 3055; baseline 0.001 -10"><span class='ocrx_word' id='word_1_269' title='bbox 183 3017 196 3037; x_wconf 59' lang='grc' dir='ltr'><strong>Ξ</strong></span> <span class='ocrx_word' id='word_1_270' title='bbox 234 3018 348 3046; x_wconf 79' lang='lat' dir='ltr'>Patris</span> <span class='ocrx_word' id='word_1_271' title='bbox 363 3019 522 3047; x_wconf 89' lang='lat' dir='ltr'>Doctoris</span> <span class='ocrx_word' id='word_1_272' title='bbox 537 3019 675 3046; x_wconf 88' lang='lat' dir='ltr'>Henrici</span> <span class='ocrx_word' id='word_1_273' title='bbox 690 3019 883 3055; x_wconf 88' lang='lat' dir='ltr'>Blyssemii.</span> 
     </span>
    </p>

    <p class='ocr_par' dir='ltr' id='par_1_13' title="bbox 182 3065 667 3102">
     <span class='ocr_line' id='line_1_34' title="bbox 182 3065 667 3102; baseline 0.002 -9"><span class='ocrx_word' id='word_1_274' title='bbox 182 3066 196 3085; x_wconf 80' lang='lat'>5</span> <span class='ocrx_word' id='word_1_275' title='bbox 234 3065 299 3100; x_wconf 90' lang='lat' dir='ltr'>Sic;</span> <span class='ocrx_word' id='word_1_276' title='bbox 316 3065 554 3101; x_wconf 76' lang='lat' dir='ltr'>professorem</span> <span class='ocrx_word' id='word_1_277' title='bbox 571 3065 667 3102; x_wconf 85' lang='lat' dir='ltr'>[se]?</span> 
     </span>
    </p>
   </div>
  </div>
 </body>
</html>
