2020 3342
879 267 961 309 AN.
994 266 1083 309 '1556
1720 264 1790 307 ‘225

164 379 347 420 semper
377 366 621 409 immersus
649 380 703 409 ac
733 380 815 408 suo
845 375 1032 420 pectore
1062 369 1299 419 laborans,
1334 367 1512 419 aliquas
1541 368 1700 408 habuit
1731 369 1789 407 ad

164 441 383 492 populum
403 440 651 480 conciones
672 439 718 479 in
738 439 930 479 ecclesia
960 440 1134 479 maiori
1151 437 1378 490 aliis[que]
1409 439 1660 491 parochiis,
1684 449 1790 478 cum

167 511 370 551 omnium
393 510 711 550 satisfactione
733 517 871 561 atque
889 511 1172 562 acceptione.
1196 509 1296 550 Deo
1318 510 1405 561 ipsi
1425 510 1576 560 gloria
1597 510 1643 549 in
1661 521 1790 548 secu-

168 583 212 621 la
233 582 509 622 seculorum.

247 651 336 693 Sed
369 658 419 693 vt
454 652 509 692 de
540 652 909 703 ingredientibus
941 652 1222 693 Societatem
1251 658 1295 692 te
1326 653 1570 692 certiorem
1604 651 1788 702 faciam,

167 735 260 764 non
280 723 418 775 pauci
439 724 587 763 bonae
609 722 776 763 indolis
797 723 989 763 iuuenes
1016 723 1073 764 ad
1096 724 1217 764 illius
1244 724 1507 774 ingressum
1536 723 1647 762 moti
1668 728 1790 762 sunt:

167 787 406 847 hucusque
427 801 583 834 tamen
604 800 788 844 praeter
811 794 926 834 duos
939 795 1152 845 fratres,
1169 795 1247 846 qui
1271 793 1536 835 Cordubam
1563 794 1791 842 adierunt,

168 865 356 917 quidam
386 864 576 905 Domini
599 865 955 917 Archiepiscopi
976 870 986 889 ¹
1021 865 1343 916 consobrinus,
1377 865 1455 917 qui
1476 865 1625 915 Regia·
1655 864 1793 904 Colle-

168 936 244 987 gt'z'
273 935 287 955 ‘³
315 936 527 976 Rectoris
558 947 723 976 munus
758 936 963 976 subierat
997 943 1040 976 et
1076 948 1263 977 cursum
1299 937 1468 976 artium
1504 948 1558 976 ac
1594 936 1791 988 philoso-

171 1008 320 1059 phiae,
346 1018 549 1057 quarum
571 1006 805 1057 magister
827 1011 931 1047 erat
958 1007 1265 1057 constitutus,
1287 1019 1392 1047 cum
1413 1018 1585 1057 magna
1616 1006 1796 1047 satisfa-

169 1079 319 1119 ctione
342 1090 397 1118 ac
418 1078 684 1118 auditorum
705 1078 1029 1118 aedificatione
1051 1078 1256 1129 legerat,
1287 1078 1523 1118 auditores
1546 1079 1795 1118 Baccalau-

170 1150 236 1190 rei
274 1149 423 1200 gradu
465 1149 744 1189 constitutos
791 1150 1083 1201 relinquens,
1126 1155 1334 1189 nostram
1369 1149 1649 1189 Societatem
1693 1160 1797 1188 cum

172 1220 374 1272 quodam
409 1220 633 1271 discipulo
670 1220 911 1271 ingressus
946 1227 1030 1271 est,
1067 1221 1238 1261 ductus
1267 1221 1412 1272 ipsius
1442 1220 1798 1272 Archiepiscopi

172 1291 381 1341 consilio,
412 1290 495 1342 qm·
519 1303 622 1331 eum
653 1291 712 1330 ad
738 1302 958 1342 magnam
986 1291 1254 1331 intendebat
1280 1291 1493 1342 dirigere
1523 1291 1798 1342 dignitatem

172 1368 360 1414 propter
389 1363 488 1402 eius
522 1362 831 1402 eruditionem
858 1373 913 1402 ac
943 1362 1163 1402 eximiam
1191 1363 1409 1402 virtutem
1437 1361 1464 1402 ⁵:
1496 1362 1542 1401 hi
1570 1363 1710 1402 etiarn
1740 1361 1799 1401 ad

172 1433 459 1486 probationis
487 1433 675 1473 domum
712 1431 726 1451 ⁴
760 1433 888 1473 missi
920 1441 1041 1483 sunt,
1075 1434 1153 1474 ubi
1185 1435 1250 1482 (vt
1279 1433 1461 1484 dicunt)
1491 1444 1596 1473 cum
1625 1443 1799 1483 magna

170 1508 286 1544 sunt
325 1504 672 1554 consolatione,
721 1504 993 1544 beneficium
1033 1504 1121 1545 sibi
1161 1516 1186 1544 a
1225 1503 1326 1544 Deo
1368 1505 1590 1544 collatum
1629 1514 1798 1554 cogno-

179 1579 375 1615 scentes.

256 1645 346 1687 Sed
374 1646 433 1687 ad
454 1646 640 1686 Patrem
667 1652 880 1686 nostrum
906 1646 1248 1686 Provincialem
1283 1646 1455 1686 iterum
1489 1646 1698 1696 rediens,
1728 1659 1798 1696 ea,

180 1729 270 1770 qua
305 1719 436 1766 solet,
475 1718 703 1758 charitate
738 1729 792 1757 ac
829 1717 996 1768 studio,
1035 1717 1181 1757 noluit
1216 1717 1323 1757 hinc
1359 1717 1614 1767 discedere,
1653 1717 1800 1757 donec

175 1790 313 1830 aliam
336 1789 522 1829 domum
546 1789 678 1828 nobis
695 1788 999 1829 habitandam
1017 1789 1314 1840 relinqueret,
1335 1789 1411 1829 illa
1428 1800 1641 1840 namque,
1661 1800 1800 1840 quam

176 1860 516 1911 habitabamus,
555 1872 646 1900 non
679 1866 778 1900 erat
815 1867 925 1911 apta
963 1859 1020 1899 ad
1055 1860 1329 1910 religionem
1364 1859 1654 1911 regulasque
1687 1860 1800 1899 adeo

176 1938 340 1972 exacte
362 1931 620 1971 seruandas
641 1934 693 1970 vt
714 1937 926 1971 nostrum
948 1931 1080 1971 decet
1102 1931 1377 1981 institutum,
1401 1935 1444 1971 et
1466 1935 1518 1971 ut
1539 1931 1639 1982 z'p5e
1659 1942 1748 1970 sua
1775 1943 1802 1970 a

176 2003 273 2043 Deo
295 2003 447 2043 indita
470 2002 649 2042 uirtute
669 2002 784 2042 totis
806 2001 989 2042 uiribus
1008 2002 1226 2042 intendit.
1254 2002 1406 2051 Vnde,
1437 2003 1543 2053 quia
1572 2003 1696 2042 nulla
1726 2002 1801 2041 do-

175 2085 278 2114 mus
308 2073 572 2114 huiusmodi
601 2074 662 2113 ad
689 2074 933 2113 emendum
954 2073 1293 2123 inueniebatur,
1319 2073 1674 2125 Archiepiscopi
1696 2085 1798 2114 con-

175 2145 276 2185 silio
298 2145 529 2197 quaedam
551 2144 783 2184 conducta
808 2151 890 2195 est,
917 2145 1045 2184 iuxta
1069 2156 1208 2196 quam
1231 2142 1461 2196 qua'edam
1491 2157 1600 2185 area
1629 2146 1801 2196 optimo

176 2216 264 2257 situ
287 2215 441 2256 locata
464 2216 653 2256 inuenta
675 2222 760 2265 est,
780 2216 826 2255 in
844 2228 936 2267 qua
957 2216 1206 2266 collegium
1224 2222 1267 2255 et
1285 2216 1483 2256 ecclesia
1501 2227 1606 2256 cum
1624 2216 1726 2255 aliis
1745 2215 1803 2255 ad

176 2287 449 2338 religionem
470 2287 810 2338 pertinentibus
840 2287 1129 2327 commodius
1157 2287 1282 2327 fiant.
1314 2286 1387 2327 Ad
1413 2287 1538 2338 quod
1567 2287 1691 2327 D.¹¹us
1722 2286 1806 2326 Ar-

177 2358 516 2410 chiepiscopus,
541 2363 729 2409 praeter
751 2358 873 2398 mille
896 2369 1063 2398 aureos
1080 2369 1311 2408 nummos,
1337 2369 1454 2409 quos
1481 2365 1643 2398 nostro
1671 2358 1804 2398 colle-

177 2429 255 2479 gio
277 2429 552 2479 donauerat,
577 2429 668 2469 alia
691 2428 781 2469 duo
804 2429 944 2468 millia
974 2440 1095 2469 nunc
1124 2429 1275 2469 denuo
1307 2429 1513 2479 donauit;
1543 2441 1636 2469 non
1659 2441 1804 2481 paruo

176 2512 377 2552 namque
398 2500 627 2540 desiderio
651 2500 886 2540 desiderat
908 2501 1131 2551 plurimos
1162 2500 1412 2540 Soce'etatz's
1433 2501 1613 2548 Patres
1644 2501 1690 2540 in
1722 2512 1805 2540 sua

179 2572 379 2612 dioecesi
399 2571 580 2611 uidere:
604 2572 726 2622 quod
758 2568 942 2622 quidem
971 2570 1273 2622 desiderium,
1305 2579 1348 2612 et
1377 2572 1663 2622 singularem
1693 2582 1807 2621 erga

177 2641 457 2683 Societatem
478 2654 700 2692 amorem,
724 2648 769 2682 et
791 2653 930 2693 opere
953 2649 997 2682 et
1020 2643 1175 2682 uerbis
1198 2648 1357 2694 aperte
1379 2642 1605 2693 ostendit;
1629 2643 1806 2682 habens

177 2714 299 2754 enim
319 2714 468 2765 prima
502 2713 890 2765 quadragesimae
916 2712 1150 2753 dominica
1180 2713 1239 2754 ad
1268 2715 1490 2765 populum
1518 2714 1807 2763 concionem,

230 2850 240 2870 ¹
281 2851 374 2878 Petri
392 2850 577 2878 Guerrero.

229 2898 243 2918 2
280 2898 366 2925 Vide
382 2906 499 2932 supra,
515 2903 538 2925 t.
554 2905 603 2930 111.
618 2905 696 2932 pag.
710 2898 772 2925 288.

228 2945 242 2963 ⁵
282 2945 345 2973 Hic
361 2946 417 2973 ille
434 2950 485 2973 est
503 2945 628 2973 Petrus
642 2944 820 2978 Martinez.
838 2949 933 2973 ortus
950 2946 982 2973 in
999 2946 1121 2980 oppido
1143 2946 1366 2981 Rivafrecha,
1383 2947 1422 2974 de
1441 2955 1504 2981 quo
1528 2955 1641 2982 supra,
1655 2956 1733 2982 pag.
1752 2950 1810 2981 Νι),

179 3001 209 3021 n.
227 3000 386 3020 corxxxt.

233 3039 245 3059 4
282 3041 499 3068 probationis
528 3041 645 3067 domus
669 3041 869 3074 provinciae
893 3041 1056 3069 Baeticae
1080 3048 1200 3068 recens
1222 3040 1400 3069 Cordubae
1418 3043 1707 3071 fueratinstituta.
1726 3044 1813 3070 Vide

183 3088 320 3116 litteras
335 3088 450 3116 Patris
466 3088 626 3115 Doctoris
642 3087 783 3120 Joaunis
798 3089 839 3116 de
855 3090 888 3117 la
904 3089 1021 3123 Plaza,
1038 3096 1153 3123 supra,
1172 3096 1249 3122 pag.
1269 3088 1330 3116 1⁴10.

389 3146 435 3184 Τ.
462 3160 517 3184 iv.
1583 3161 1618 3195 15
