2020 3342
617 232 838 269 ADDENDA
865 242 907 268 m
933 242 1048 268 τοΜο
1075 241 1270 268 SECUNDO
1631 260 1634 261 γ
1685 231 1756 268 635

120 378 125 382 ,
129 333 267 385 plum
289 332 419 372 nacti
437 331 607 379 simus,
617 329 767 381 juvat
787 328 859 367 ln'c
879 329 927 368 ia'
953 328 1198 378 integrum
1225 327 1506 377 exscribere,
1528 338 1616 377 quo
1645 327 1756 378 quid

123 404 183 444 .ῑή
204 414 253 443 eo
278 402 522 442 Polaticus
540 399 857 440 emendaverit
873 403 1117 450 appareat.

215 475 371 525 Quare
405 473 453 512 in
487 477 603 523 pag.
643 471 712 510 79
741 474 854 521 post
888 470 1058 510 Patris
1099 469 1332 510 Govierrio
1360 469 1550 509 litteras
1578 472 1622 508 et
1649 473 1757 509 ante

127 557 182 585 n.
213 543 527 584 CLXXXVII
545 543 629 582 lzoc
648 542 910 581 inseratur:
1222 552 1235 571 ι

563 792 769 820 Earumdem
784 792 977 819 litterarum
992 792 1132 819 latinum
1149 792 1338 826 exemplum

391 842 433 867 ab
447 841 518 874 ipso
533 839 698 867 Michaele
713 839 885 867 Govierno
899 839 1099 871 confectum,
1115 842 1148 866 et
1164 838 1306 866 Romam
1320 840 1457 867 missum
1474 839 1495 866 ¹.

938 969 970 1021 ’ί-

237 1114 516 1154 Reuerendo
537 1113 586 1152 in
614 1112 798 1152 Christo
822 1116 1014 1152 nostrae
1035 1112 1288 1163 religionis
1310 1113 1459 1152 Patri
1476 1113 1508 1153 I
1506 1113 1674 1164 gnatio

465 1184 732 1223 Gouiermts
752 1183 951 1222 maltam
973 1187 1106 1234 optat
1125 1183 1452 1233 foelicitatem.

228 1325 361 1367 Nihil
382 1338 437 1365 ex
460 1337 514 1365 eo
536 1332 744 1375 tempore
765 1336 855 1376 quo
886 1323 1033 1375 pridie
1064 1324 1365 1364 calendarum
1391 1324 1677 1376 Septembris
1706 1325 1769 1364 ad

132 1404 192 1440 te
212 1397 403 1449 scripsi,
427 1397 578 1435 Pater
599 1395 906 1445 integerrime
926 1392 953 1445 ²,
984 1395 1039 1434 de
1066 1394 1266 1435 fratrum
1297 1396 1461 1447 salute,
1493 1396 1616 1447 quod
1646 1397 1769 1436 scitu

146 1469 213 1509 sit
235 1468 456 1518 dignum,
479 1466 700 1516 contigit,
721 1476 865 1516 neque
885 1476 1044 1505 eorum
1065 1476 1286 1505 numerus
1315 1467 1462 1506 creuit
1489 1465 1525 1507 ⁵:
1554 1467 1771 1518 permulti

147 1547 308 1580 tamen
330 1539 540 1587 extitere,
565 1538 642 1588 qui
663 1536 801 1576 anxie
822 1535 1160 1586 desiderarunt,
1185 1542 1229 1576 et
1253 1549 1279 1576 a
1300 1544 1460 1577 nostro
1477 1537 1615 1578 Patre
1631 1538 1772 1589 petie-

152 1617 276 1658 runt,
313 1615 364 1649 vt
393 1609 438 1648 in
474 1614 684 1648 nostram
714 1606 987 1657 religionem
1014 1607 1347 1657 reciperentur.
1382 1607 1536 1648 Taceo
1564 1608 1772 1660 insignes

149 1682 296 1730 uiros,
338 1686 382 1720 et
421 1678 706 1728 multiiugae
740 1676 754 1694 ⁴
788 1677 1059 1717 eruditionis
1092 1677 1321 1728 homines,
1351 1679 1443 1730 qui,
1477 1690 1618 1730 quum
1648 1679 1774 1719 dotis

148 1751 368 1792 >omnibus
390 1749 404 1769 ⁵
432 1762 524 1790 non
552 1755 706 1789 essent
732 1748 954 1799 insigniti,
987 1752 1029 1787 et
1047 1748 1352 1799 firmissimis
1379 1750 1595 1800 corporis
1618 1754 1771 1801 parti-

155 1824 257 1872 bus,
278 1821 427 1861 nostri
446 1820 598 1860 Patris
618 1818 789 1859 iudicio
810 1830 1046 1870 nunquam
1067 1819 1195 1859 fuere
1217 1819 1423 1860 admissi.
1442 1820 1601 1861 Solum
1616 1825 1660 1861 et
1675 1821 1776 1861 vni-

146 1904 259 1933 ⁶cum
279 1892 293 1910 ‘⁵
315 1892 510 1932 fratrem
532 1890 670 1930 Pater
692 1889 891 1940 admisit,
919 1889 1070 1929 victus
1101 1890 1287 1941 quidem
1314 1890 1434 1931 illius
1463 1891 1774 1943 simplicitate,

157 1971 200 2004 et
222 1963 346 2015 quod
366 1962 528 2012 magis
550 1960 822 2000 mirandum
842 1964 930 2006 est,
951 1961 1238 2001 constantia:
1271 1973 1380 2001 nam
1410 1973 1516 2002 cum
1542 1962 1612 2003 bis
1640 1962 1778 2003 Pater

148 2035 214 2075 ab
236 2046 290 2075 eo
313 2045 362 2074 se
385 2032 714 2084 expediuisset,
739 2037 782 2070 et
803 2031 957 2071 multis
977 2043 1063 2083 pro
1084 2043 1137 2071 eo
1158 2032 1479 2073 laborantibus
1510 2045 1560 2073 se
1587 2020 1777 2074 excusa-

158 2106 316 2154 uisset,
341 2104 399 2144 ad
419 2115 575 2154 genua
598 2102 784 2142 tandem
806 2101 958 2141 Patris
988 2103 1183 2153 supplex
1215 2102 1415 2153 deuenit,
1448 2104 1578 2144 cuius
1611 2105 1780 2157 impor-

160 2176 417 2223 tunitatem,
442 2173 516 2213 vel
539 2177 590 2213 ut
612 2172 780 2212 melius
801 2171 968 2222 dicam,
990 2173 1308 2212 constantiam
1334 2174 1539 2213 vidisses
1571 2175 1600 2213 ⁷.
1629 2175 1780 2216 Voca-
1822 2202 1825 2203 ν

156 2256 234 2287 tur
270 2245 519 2286 Antichius
549 2243 726 2291 Rocha‚
759 2242 1024 2283 firmissima
1057 2244 1267 2295 corporis
1294 2244 1581 2296 habitudine,
1615 2246 1782 2297 uigesi-

154 2329 285 2358 mum
308 2323 527 2368 quartum
551 2325 722 2354 annum
744 2314 994 2365 attingens,
1017 2315 1064 2354 in
1084 2315 1228 2355 latina
1250 2315 1410 2366 lingua
1431 2316 1726 2357 exercitatus
1752 2316 1781 2367 ⁸,

162 2390 209 2428 in
229 2387 414 2438 graecis
434 2385 646 2425 nonnihil
676 2384 835 2434 ztisetS,
867 2385 912 2424 in
942 2384 1274 2437 philosophicis
1304 2386 1426 2426 satis
1455 2391 1710 2438 expertus,
1742 2395 1784 2428 et

160 2457 507 2499 mathematicis
529 2455 665 2495 libris
687 2454 714 2492 ⁹.

219 2569 229 2589 ί
269 2568 531 2609 Autographum
547 2567 669 2600 duplici
686 2566 776 2597 folio.
792 2574 845 2593 nn.
861 2566 912 2594 204
923 2572 956 2594 et
968 2567 1028 2594 205.
1043 2567 1134 2601 Quae
1151 2569 1284 2596 italicis
1295 2569 1557 2596 characteribus
1569 2569 1788 2602 exhibentur,

163 2625 184 2644 a
198 2617 346 2643 Polanco
361 2617 415 2642 vel
431 2615 622 2642 cancellata
638 2614 692 2640 vel
708 2619 840 2641 mutata
856 2614 959 2641 suere.
974 2615 1100 2647 Verba,
1118 2623 1218 2643 manu
1234 2615 1338 2651 ipsius
1354 2616 1493 2644 Polanci
1505 2621 1662 2652 exarata,
1678 2618 1712 2645 in
1730 2625 1790 2645 an-

155 2663 394 2692 notationibus
409 2663 613 2690 indicantur.

218 2713 231 2730 ·-’
268 2711 491 2745 scripsimus.
510 2710 694 2738 PoLANcus.

217 2757 232 2778 ³
270 2765 337 2785 non
351 2763 470 2785 creuit.
484 2757 531 2785 ID.

219 2806 233 2825 4
270 2806 406 2832 variae.
422 2805 469 2833 11).

223 2853 237 2872 5
276 2853 363 2886 quod
379 2852 520 2879 dotibus
534 2853 685 2879 omnibus
700 2853 924 2880 necessariis.
938 2852 987 2879 10.

221 2898 236 2918 6
274 2899 473 2932 quemdam.
491 2899 538 2926 ID.

223 2947 235 2965 7
273 2947 528 2981 importunitati
544 2948 666 2974 resisti
678 2955 745 2974 non
760 2949 884 2982 potuit.
901 2947 948 2974 Ιι).

223 2994 239 3014 S
278 3001 344 3020 non
356 2998 500 3027 parum.
515 2993 563 3021 10.
919 2997 923 2999 ”

223 3040 239 3060 9
277 3042 368 3067 satis
383 3042 609 3068 exercztutus.
625 3041 671 3069 Id.
