2020 3342
275 225 350 269 2158
787 234 1020 271 LITTERAE.
1039 244 1398 277 QUADRnxfflsTREs

275 335 430 380 saquae
459 331 574 380 uim,
602 343 696 382 qua
722 338 767 371 et
796 331 989 370 arbores
1017 336 1061 370 et
1091 331 1216 370 olera
1248 329 1645 370 abundantissime
1671 331 1904 382 rigantur,

281 392 499 440 Constitit
519 400 616 441 fere
636 403 810 441 talento
838 400 1011 447 Attico.
1041 400 1086 440 id
1117 407 1200 450 est,
1232 401 1500 452 quingentis
1520 400 1721 441 nummis
1748 401 1906 453 aureis

280 479 323 510 et
343 483 398 510 eo
420 472 536 522 plus;
560 472 676 511 tanti
698 483 810 511 uero
832 471 968 512 modo
990 471 1054 519 fit,
1073 478 1121 511 ut
1142 472 1291 521 gratis
1311 471 1445 511 nobis
1463 471 1727 511 constitisse
1747 471 1902 512 uidea-

280 551 369 585 tur.
399 541 557 582 Solent
585 554 639 582 co
666 542 836 582 fratres
864 542 1011 582 nostri
1040 542 1273 582 confluere
1306 548 1514 594 tempore
1543 542 1731 593 quietis,
1762 548 1904 592 atque

281 623 373 652 non
394 612 617 652 mediocri
637 614 876 664 uoluptate
905 624 1074 664 aquam
1104 625 1161 653 ex
1188 612 1354 654 fistulis
1385 613 1629 653 cadentem
1654 613 1903 700 inspicere,

281 694 427 733 eaque
449 695 614 723 manus
636 684 819 724 interim
842 691 980 736 atque
1001 684 1167 724 faciem
1195 685 1368 724 lauare.

358 753 481 794 Nihil
502 756 701 806 amplius
727 755 896 802 habeo
928 755 1053 807 quod
1081 755 1129 795 P
1119 755 1346 795 tternitas
1375 761 1454 795 tua
1484 754 1575 795 hoc
1605 761 1813 806 tempore
1843 766 1900 795 ex

280 837 352 865 me
372 825 519 875 possit
541 825 674 865 scire.
699 825 851 865 Etiam
871 833 1010 877 atque
1030 826 1170 866 etiam
1192 827 1312 876 vale,
1336 837 1513 876 nosque
1534 825 1753 876 indignos
1780 824 1905 865 filios

281 896 344 945 (ut
366 895 498 946 facis)
521 896 874 936 commendatos
894 896 1028 937 habe.

359 966 531 1007 Datum
556 965 882 1018 Olyssippone,
905 966 1008 1008 Kal.
1033 966 1340 1018 Septembris,
1372 978 1495 1007 anno
1517 967 1684 1008 salutis
1712 974 1904 1007 nostrae

280 1037 683 1088 sesquimillesimo
710 1037 1098 1089 quinquagesimo
1122 1044 1269 1078 sexto.

358 1107 431 1148 Ex
452 1108 780 1148 commissione
801 1108 849 1148 P.
874 1109 1193 1149 Emmanuelis
1215 1108 1419 1158 Godino,

599 1179 966 1230 indignissimuS,

1009 1322 1295 1363 FRANclscos
1317 1335 1377 1362 DE
1399 1322 1588 1362 VAREA.
1611 1324 1639 1369 †

358 1535 709 1586 Superscrz'ptio
730 1535 780 1574 in
802 1538 944 1574 sexta
968 1534 1176 1586 pagina:
1200 1535 1263 1574 2²¹
1291 1534 1420 1586 jhus.
1459 1534 1901 1575 Obseruandissimo

278 1607 323 1646 in
346 1605 531 1646 Christo
553 1605 681 1646 Patri
702 1613 863 1646 nostro
887 1604 968 1644 MP
1000 1605 1181 1656 Ignatio
1212 1606 1267 1644 de
1289 1605 1489 1656 Loyola,
1514 1605 1788 1657 Praeposito
1810 1604 1898 1645 Ge-

277 1677 440 1726 nerali,
463 1676 710 1717 Societatis
730 1675 855 1728 Jesu,
880 1682 986 1726 etc.,
1011 1675 1201 1715 Romae.

361 1747 471 1787 Alsa
493 1758 660 1787 mann:
681 1746 821 1786 Iesus.
860 1746 972 1786 1556.
1006 1745 1300 1797 Olyssipone.
1333 1746 1711 1797 Quadrimestres
1732 1747 1803 1799 p.⁰
1821 1747 1900 1787 Se—

260 1819 514 1869 >membris
