2020 3342
264 303 333 340 ‘298
769 302 994 339 LITTERAE
1020 312 1375 346 QUADMMESTRES

262 400 399 452 tingit
419 400 711 440 conuersari:
734 411 818 439 sua
841 399 1036 450 singulis
1054 397 1205 439 officia
1226 399 1579 447 distribuuntur,
1605 404 1654 439 vt
1675 399 1738 439 ita
1760 410 1864 439 com

260 471 440 511 modius
478 475 575 510 tota
615 470 778 510 domus
817 469 1111 509 conuenienti
1150 469 1312 510 ordine
1350 475 1563 520 regatur:
1604 482 1630 510 a
1665 470 1877 521 prandio,

260 542 434 594 aliquot
468 540 628 581 diebus
662 541 709 581 in
746 539 1037 581 hebdomada
1073 540 1352 591 designatis,
1390 540 1445 580 de
1479 541 1730 581 virtutibus
1765 540 1880 581 solet

260 612 475 663 tractari,
500 618 550 652 vt
572 611 639 652 sic
659 611 817 652 feruor
840 618 977 663 atque
999 610 1234 663 profectus
1255 618 1298 651 et
1319 617 1587 662 perseueret
1614 612 1657 651 'et
1679 617 1876 652 crescat:

259 683 378 723 inter
399 682 689 723 coenandum
711 683 826 723 solet
847 682 1012 734 aliquis
1034 682 1318 732 concionari,
1343 682 1511 733 illaque
1532 693 1617 734 pro
1635 682 1879 723 conciona-

259 754 375 794 turis
395 759 672 794 exercentur
692 753 955 794 rudimenta
975 753 1229 804 proposita.

339 824 468 864 Haec
489 830 596 864 sunt
617 835 734 876 quae
755 823 1001 864 scribenda
1021 824 1287 864 summatim
1308 824 1352 864 in
1384 825 1618 876 praesenti
1645 834 1746 864 sese
1777 823 1881 865 offe·

260 901 387 946 runt;
410 895 595 946 singula
616 895 762 946 enim,
786 895 825 935 si
846 906 1067 935 enarrare
1094 895 1285 946 vellem,
1318 895 1502 946 longius
1533 901 1713 947 tempus
1743 906 1880 947 expo-

258 971 464 1017 scerent,
489 972 533 1006 et
552 965 711 1006 forsan
742 967 964 1006 molestus
995 966 1075 1006 tibi
1103 965 1272 1017 forem3
1306 977 1473 1006 vereor
1504 972 1658 1006 autem
1678 967 1726 1007 in
1747 965 1882 1006 dictis

257 1038 360 1089 plus
381 1037 518 1077 nimis
539 1036 828 1089 protraxisse
849 1037 1007 1077 verba.
1031 1036 1132 1077 Hoc
1154 1037 1247 1077 iam
1268 1048 1409 1077 vnum
1432 1043 1476 1077 te
1505 1048 1686 1077 summo
1709 1043 1882 1078 conatu

259 1114 303 1148 et
324 1107 513 1158 affectu,
538 1106 677 1148 Pater
706 1108 841 1148 nobis
871 1107 1315 1159 obseruandissime‚
1349 1107 1676 1160 deprecamur,
1715 1114 1766 1148 vt
1795 1119 1882 1148 nos

259 1191 419 1220 omnes
440 1179 790 1230 indignissimos
812 1178 928 1220 filios
948 1185 1054 1219 tuos
1074 1179 1164 1219 tuis
1185 1185 1228 1220 et
1250 1179 1493 1220 sacrificiis
1521 1185 1565 1219 et
1593 1179 1882 1220 orationibus

260 1249 429 1290 offeras
449 1249 668 1291 Domino:
692 1261 936 1301 speramus
957 1250 1079 1290 enim
1100 1250 1221 1302 fore,
1251 1256 1302 1291 vt
1323 1257 1403 1291 tua
1425 1250 1759 1291 intercessione
1780 1250 1880 1291 Deo

259 1321 432 1374 optimo
468 1321 672 1362 maximo
698 1321 1021 1362 holocaustum
1051 1321 1337 1373 acceptabile
1369 1321 1637 1362 efficiamur.
1668 1321 1884 1373 Elargia-

260 1398 334 1433 tur
368 1392 504 1433 nobis
542 1392 730 1444 copiosa
769 1404 880 1433 suae
912 1393 1093 1444 gratiae
1123 1393 1245 1433 dona
1279 1393 1571 1434 dulcissimus
1599 1392 1756 1446 Jesus‚
1789 1393 1883 1433 dux

259 1469 418 1505 noster
439 1469 483 1504 et
504 1463 654 1514 Deus,
685 1469 734 1504 vt
755 1462 851 1515 ejus
881 1475 1063 1515 semper
1093 1464 1416 1505 sanctissimae
1438 1464 1781 1505 satisfaciamus
1800 1474 1884 1503 vo·

259 1535 439 1576 luntati.
460 1535 625 1575 Amen.

340 1606 764 1657 Caesaraugustae,
792 1605 837 1646 17
859 1606 931 1647 die
952 1606 1077 1655 maii,
1101 1619 1222 1647 anno
1245 1613 1400 1648 autem
1421 1607 1608 1647 Domini
1633 1606 1745 1647 1556.

344 1676 661 1728 Dignissimae
683 1676 782 1717 Pstis
808 1684 914 1717 tuae
936 1676 1054 1717 filius
1077 1685 1119 1718 et
1142 1689 1306 1718 seruus
1329 1678 1680 1729 indignissimus
1709 1678 1754 1718 in
1783 1677 1880 1728 X.⁰‚

1379 1841 1407 1888 ΔΓ

1160 1893 1406 1934 ALFONsUs
1427 1893 1610 1934 ROMAN.

1645 1982 1674 2012 ο
