2020 3342
225 247 276 285 92
741 247 967 284 LITTERAE
995 257 1353 290 QUADRIMESTREs

228 344 340 384 tioni
360 349 598 393 vacantes,
630 349 816 383 cessant
844 355 870 384 a
898 343 1059 394 prauis
1088 342 1495 393 occupationibus3
1527 342 1646 382 inter
1676 342 1858 394 aliquos

225 421 333 454 sunt
353 415 457 454 lites
478 414 777 465 compositae3
804 414 881 454 alii
904 413 1071 464 (soluto
1095 425 1203 453 aere
1221 412 1386 463 alieno)
1406 412 1584 452 dimissi
1605 418 1727 464 sunt;
1746 425 1855 454 nam

224 497 332 525 cum
353 485 399 524 in
420 484 721 524 concionibus
741 483 796 524 de
817 484 905 524 hoc
928 490 1162 535 ageretur,
1187 483 1502 534 properabant
1530 483 1588 523 ad
1612 494 1861 523 carcerem.

224 555 383 606 aliqui,
407 555 482 595 1116
504 555 654 605 Vnius,
679 555 755 595 hic
777 554 989 605 duorum,
1013 555 1088 594 hic
1116 559 1340 605 quatuor,
1371 554 1476 593 illae
1497 565 1594 604 sex,
1625 553 1702 593 alii
1731 553 1853 594 deni-

224 638 315 677 que
346 626 542 666 aliorum
574 625 728 665 debita
757 626 1043 676 exoluentes,
1073 624 1257 664 vinctos
1288 637 1311 664 e
1343 624 1480 664 domo
1510 625 1717 664 carceris
1747 624 1853 664 edu-

224 696 411 736 cebant.
910 738 911 742 ,

306 766 664 807 Praetereuntes
694 767 900 806 iudicum
926 767 1197 816 tribunalia,
1232 778 1339 806 cum
1370 766 1672 806 admonerent
1703 765 1853 805 nostri

224 843 293 884 <vt
314 837 479 887 solent)
502 837 739 887 litigantes
761 836 816 876 de
848 848 940 876 non
970 837 1251 876 assumendo
1281 836 1454 876 frustra
1481 836 1666 875 nomine
1696 834 1852 875 Domi-

220 908 285 957 ni,
310 908 435 947 iubet
457 914 645 959 praetor
666 919 723 947 ne
744 908 865 947 vllus
887 907 932 946 id
954 907 1129 947 faceret
1157 907 1240 946 sub
1268 918 1417 958 poena
1445 907 1585 946 trium
1613 905 1851 957 dipondio·

225 990 340 1018 rum.
379 978 428 1018 In
465 978 646 1018 horreis
680 978 892 1018 similiter
923 977 1025 1028 (vbi
1060 985 1129 1017 est
1159 988 1331 1029 magna
1367 977 1619 1017 ementium
1651 976 1850 1016 venden-

223 1049 427 1100 tiumque
449 1048 743 1100 frequentia),
767 1048 925 1087 habita
947 1060 973 1087 a
996 1048 1198 1098 quodam
1219 1060 1277 1087 ex
1305 1048 1475 1087 nostris
1507 1048 1847 1096 exhortatione,

226 1120 435 1159 indixere
456 1119 721 1170 praepositi,
742 1120 974 1159 clamante
991 1130 1239 1170 praecone,
1259 1130 1316 1158 ne
1333 1119 1434 1169 quis
1453 1125 1660 1158 assumat
1680 1129 1848 1158 nornen

223 1190 311 1229 Dei
327 1190 500 1229 frustra
519 1190 603 1229 sub
619 1201 769 1240 poena
783 1189 979 1229 duorum
997 1189 1338 1240 dipondiorum:
1354 1189 1417 1228 ita
1432 1188 1493 1239 fit,
1512 1196 1561 1229 vt
1579 1189 1787 1229 iurantes
1804 1195 1848 1228 et

219 1261 398 1300 iurasse
421 1260 606 1300 doleant
624 1267 667 1300 et
687 1261 954 1311 persoluere
973 1259 1224 1311 gaudeant.
1243 1259 1449 1299 Fuerunt
1466 1260 1553 1300 hae
1573 1260 1848 1300 admonitio—

219 1342 300 1370 nes
316 1331 482 1370 abhinc
496 1331 642 1370 tribus
657 1331 892 1370 mensibus
905 1331 1153 1370 continuae
1170 1331 1217 1370 in
1234 1331 1457 1380 ecclesiis,
1472 1331 1683 1370 domibus
1697 1336 1740 1370 et
1753 1330 1847 1370 viis

217 1401 418 1451 publicis
441 1401 466 1451 ¹,
491 1402 550 1441 ad
571 1402 807 1452 primates,
833 1402 891 1441 ad
908 1402 1091 1452 vulgus,
1115 1402 1173 1441 ad
1193 1401 1382 1449 nobiles,
1404 1401 1461 1440 ad
1483 1401 1726 1451 ignobiles,
1753 1412 1847 1441 ser-

219 1478 328 1512 uato
342 1473 562 1523 cuiusque
576 1484 803 1522 personae
821 1472 1008 1522 decoro,
1028 1473 1303 1523 placuerunt
1323 1478 1370 1511 vt
1385 1472 1648 1523 plurimum,
1666 1471 1847 1522 profue-

218 1550 416 1594 1·untque
439 1543 553 1583 adeo
577 1550 626 1583 vt
648 1544 822 1594 iurans,
848 1545 972 1583 nullo
995 1549 1226 1594 monente,
1251 1543 1289 1582 si
1312 1542 1447 1582 modo
1470 1548 1846 1594 praetereuntem

216 1613 394 1653 videret
409 1614 609 1665 aliquem
629 1627 686 1654 ex
709 1615 895 1664 nostris,
916 1614 1049 1665 quasi
1068 1614 1277 1654 lictorem
1295 1613 1501 1653 diuinum
1520 1614 1842 1664 praeueniens,

216 1684 401 1723 solitam
437 1685 662 1724 orationis
697 1685 958 1724 dominicae
993 1686 1067 1724 vel
1104 1685 1346 1734 angelicae
1382 1684 1690 1734 salutationis,
1723 1694 1845 1724 nunc

216 1759 361 1803 stans,
384 1767 505 1794 nunc
528 1755 660 1794 flexis
682 1756 877 1806 genibus
898 1764 942 1795 et
973 1761 1134 1806 aperto
1165 1755 1341 1806 capite,
1374 1755 1710 1806 poenitentiam
1738 1766 1843 1805 age-

216 1831 299 1864 ret.
325 1824 532 1876 Cumque
554 1826 735 1877 publice
763 1827 808 1866 id
829 1826 975 1876 fieret,
1010 1838 1149 1877 saepe
1177 1826 1394 1865 usuvenit
1417 1826 1571 1876 plures
1605 1826 1741 1865 Vnius
1768 1837 1842 1877 pe-

213 1896 359 1936 riculo
382 1896 511 1936 reddi
532 1898 781 1947 cautiores,
807 1904 849 1936 et
880 1897 1193 1947 poenitentem
1219 1897 1445 1936 similibus
1479 1896 1641 1936 iuuare
1671 1896 1841 1936 oratio-

215 1967 364 2006 nibus.
388 1967 451 2006 Vt
474 1967 528 2007 de
550 1967 866 2018 iureiurando,
893 1968 1105 2008 similiter
1128 1968 1183 2007 de
1201 1967 1304 2007 aliis
1320 1967 1527 2018 peccatis
1545 1967 1741 2017 publicis
1765 1967 1841 2007 ad-

214 2036 410 2076 diderim
430 2037 548 2088 fieri;
574 2045 823 2089 peccantes
845 2039 981 2089 enim,
1006 2045 1251 2089 praesente
1274 2038 1428 2088 aliquo
1452 2049 1509 2077 ex
1531 2037 1717 2086 nostris,
1742 2048 1841 2077 eru-

214 2107 422 2158 bescunt,
447 2109 720 2160 semetipsos
742 2110 985 2161 increpant
1008 2116 1050 2149 et
1072 2109 1282 2160 puniunt:
1304 2109 1412 2159 imo,
1434 2108 1492 2148 ad
1509 2108 1736 2147 maiorem
1752 2107 1842 2147 Dei

212 2178 430 2229 gloriam,
455 2180 594 2219 etiam
623 2180 889 2220 absentibus
917 2181 1112 2230 nostris,
1137 2188 1319 2220 secreto
1348 2178 1471 2219 domi
1502 2190 1613 2219 suae
1644 2190 1839 2229 peccan—

212 2254 282 2287 tes
303 2259 351 2287 se
374 2250 575 2290 invicem
596 2251 861 2301 admonent,
887 2251 1144 2302 corripiunt
1166 2257 1209 2290 et
1232 2251 1471 2290 mulctant:
1498 2249 1620 2301 quod
1642 2249 1839 2300 denique

211 2324 282 2357 est
305 2320 471 2359 animis
494 2322 669 2360 nostris
691 2322 945 2362 maximum
976 2322 1208 2371 solatium,
1234 2321 1279 2360 in
1301 2320 1511 2360 ecclesiis
1541 2320 1681 2359 etiam
1711 2320 1838 2359 mini-

212 2396 350 2440 strOS,
389 2402 493 2430 cum
528 2392 729 2442 primum
757 2392 1044 2432 aduerterint
1071 2392 1272 2443 aliquem
1304 2403 1363 2431 ex
1391 2390 1623 2431 Societate
1653 2390 1833 2438 adesse,

213 2466 368 2500 vestes
389 2461 605 2501 decenter
627 2469 862 2514 coaptare,
887 2464 1067 2503 vultum
1094 2473 1390 2514 componere,
1415 2462 1611 2513 denique
1638 2461 1684 2500 in
1716 2460 1835 2501 ordi-

211 2542 317 2570 nem
339 2532 598 2572 modestum
620 2534 799 2584 seipsos
820 2534 1034 2584 redigere
1055 2534 1231 2573 videas.

291 2601 644 2642 Praedicatores
665 2605 826 2655 nostri,
850 2616 954 2643 cum
975 2605 1103 2644 festis
1125 2604 1285 2643 diebus
1307 2603 1364 2642 ad
1393 2602 1618 2642 ecclesias
1651 2602 1835 2642 concio-

212 2673 368 2712 naturi
389 2684 438 2712 se
461 2673 719 2724 conferunt,
744 2675 917 2714 ducunt
946 2688 971 2715 a
994 2675 1087 2714 viss
1109 2674 1313 2725 publica<
1341 2678 1354 2697 ‘-'
1380 2680 1424 2713 et
1453 2673 1619 2724 plateis
1648 2673 1834 2712 ociosos

210 2743 271 2782 ad
291 2743 463 2792 diuina,
487 2756 609 2784 nunc
631 2745 838 2795 silentes,
862 2757 984 2785 nunc
1006 2747 1099 2785 alta
1125 2756 1236 2785 voce
1259 2751 1467 2794 orantes,
1493 2755 1585 2783 non
1607 2744 1704 2782 sine
1740 2754 1834 2786 ma.

208 2824 305 2862 gna
328 2814 588 2854 auditorum
613 2816 923 2866 spectantium
945 2816 1252 2855 admiratione
1274 2822 1316 2855 et
1345 2814 1689 2863 aedificatione,
1715 2813 1831 2853 alios

268 2996 275 3014 ¹
314 2997 385 3023 vtis
402 2997 555 3031 publzcz‘s
569 2997 705 3031 scripsit
720 2997 887 3025 Polaneus
901 2998 955 3025 ubi
971 2997 1157 3031 scripserat
1175 2997 1308 3024 Xuarez
1324 2997 1483 3024 callsbm.

264 3045 277 3063 *ὲ
315 3045 376 3072 Hic
393 3046 495 3072 etiam
511 3046 661 3073 callzbus
676 3046 860 3080 scripserat
876 3046 1021 3074 Xuarez.
