2020 3342
258 230 325 268 160
763 229 990 267 LITTERAE
1016 240 1374 274 QUADRIMESTRES

255 326 522 367 cutiendam
555 327 864 367 declaramus.
901 326 1110 366 Tertiam
1143 338 1257 366 uero
1284 328 1552 378 lectionem,
1590 340 1710 380 quae
1736 328 1890 369 ferme

255 397 470 438 omnibus
491 397 730 449 discipulis
750 397 1008 437 communis
1030 403 1114 447 est,
1138 397 1337 447 scilicet,
1362 397 1618 438 familiares
1639 398 1890 439 Ciceronis.

254 469 489 520 epistolas,
512 480 605 508 non
626 474 782 508 tamen
804 469 860 508 ab
882 468 1097 508 omnibus
1124 468 1377 508 memoriae
1405 469 1711 520 mandandas,
1741 469 1888 510 inter->

252 546 506 591 pretamur,
532 544 671 591 atque
699 539 861 579 eodem
888 539 1051 589 modo,
1083 549 1174 589 quo
1196 539 1377 590 priores
1398 539 1501 579 illas
1528 540 1673 590 duaS‚
1706 541 1877 580 excuti-

252 623 368 650 mus.
393 610 620 661 Quartam
640 609 838 661 denique
858 610 1123 656 lectionem,
1148 621 1288 660 quam
1310 622 1555 661 supremae
1578 611 1718 651 classi
1738 622 1878 662 expo-

250 692 413 721 nemus
445 680 500 720 de
527 681 716 732 syntaxi
743 680 836 730 illa,
871 691 989 731 quae
1020 680 1125 720 istic
1154 680 1420 731 nuperrime
1450 692 1622 720 excusa
1642 687 1711 720 est
1746 679 1772 731 ¹,
1807 681 1889 721 die

251 752 387 791 lunae
408 751 622 802 proximo
644 750 1004 801 auspicabimur.
1029 749 1287 801 Postremo,
1307 751 1516 802 singulas
1533 751 1738 791 omnium
1755 762 1889 792 comx

251 822 506 873 positiones
533 821 848 861 emendamus.
879 820 1056 871 Quibus
1077 821 1290 860 omnibus
1317 822 1554 861 exercitiis
1575 822 1714 862 trium
1744 822 1879 862 hora·

251 904 355 933 rum
375 892 526 944 spatio
544 892 780 940 absolutis,
800 891 914 931 fusis
931 891 987 931 de
1005 903 1134 931 more
1152 892 1381 942 precibus,
1402 898 1446 931 et
1463 892 1740 943 quibusdam
1755 892 1887 941 aliis,

250 975 369 1014 quae
396 963 443 1002 in
471 961 683 1002 doctrina
709 962 966 1002 christiana
1004 973 1165 1002 omnes
1195 963 1462 1002 memoriter
1489 962 1767 1014 didicerunt,
1802 963 1886 1003 dos

251 1027 375 1074 mum
396 1033 702 1074 dimittuntur.

328 1104 373 1144 A
394 1104 590 1155 prandio
613 1115 739 1153 uero,
764 1104 1032 1155 uespertina
1054 1104 1183 1154 hora,
1204 1115 1342 1154 prece
1358 1104 1564 1155 praeuia,
1585 1106 1887 1156 caeterisque>

251 1175 479 1225 omnibus,
504 1186 622 1226 quae
643 1181 750 1214 ante
771 1174 995 1214 lectiones
1017 1186 1179 1214 omnes
1195 1186 1346 1225 mane,
1368 1181 1415 1214 ut
1431 1175 1522 1214 iam
1541 1175 1757 1225 diximus,
1776 1174 1877 1215 fieri

250 1247 414 1296 solent,
437 1246 755 1285 bucolicorum
777 1245 965 1295 Virgilii
982 1245 1228 1285 lectionem
1245 1257 1328 1296 pro
1350 1245 1627 1295 rudioribus,
1651 1246 1886 1286 eiusdem--

249 1328 337 1368 que
358 1316 594 1357 Aeneidos
616 1317 812 1356 alteram
834 1327 917 1367 pro
940 1316 1243 1366 doctioribus,
1264 1327 1346 1355 suo
1366 1317 1527 1356 ordine
1545 1317 1885 1367 praelegimus..

248 1387 438 1428 Catonis
460 1398 642 1438 quoque
664 1387 858 1426 moralia
887 1386 1085 1426 disticha
1112 1386 1125 1405 ²
1147 1387 1222 1436 iis,
1252 1387 1329 1438 qui
1350 1387 1429 1426 uix
1459 1387 1636 1437 primas
1665 1393 1874 1427 constru-

248 1459 415 1498 ctionis
437 1458 623 1508 regulas
646 1458 915 1507 attigerunt,
940 1457 1257 1507 declaramus3
1283 1457 1465 1507 dehinc,
1490 1457 1614 1497 facto
1642 1458 1883 1506 examine,-

247 1528 564 1579 unusquisque
600 1528 728 1568 iuxta
763 1528 952 1578 regulas
980 1539 1096 1579 quas
1132 1528 1324 1577 audiuit,
1356 1528 1453 1567 siue
1488 1527 1685 1568 Guarini
1712 1527 1741 1579 ⁵,
1775 1529 1874 1569 siue

247 1599 510 1650 Cantalycii
532 1598 546 1617 ‘⁴
567 1599 665 1639 siue
686 1598 1004 1650 Despauterii,
1034 1599 1322 1650 excipiendis
1350 1599 1504 1638 italice
1532 1599 1873 1651 reddendisque

246 1669 386 1709 latine
419 1669 688 1709 memoriter
714 1669 956 1709 sententiis
986 1669 1206 1709 breuibus
1233 1677 1493 1709 exercetur.
1526 1670 1593 1709 llli
1622 1681 1758 1718 uero,
1791 1672 1870 1721 qui

244 1741 336 1780 iam
359 1740 513 1780 omnia
536 1740 591 1780 de
611 1740 923 1790 grammatica
944 1746 1197 1791 praecepta
1226 1740 1471 1791 aliquoties
1493 1740 1764 1791 audierunt,
1799 1753 1871 1781 or-

242 1811 412 1859 natiori
435 1811 617 1850 dicendi
640 1811 776 1850 modo
799 1811 1003 1860 quotidie
1025 1811 1258 1860 insistunt,
1289 1811 1646 1862 propositasque
1668 1812 1754 1851 sibi
1779 1811 1883 1851 Ha«

243 1882 395 1921 driani
429 1881 694 1922 Cardinalis
724 1882 982 1932 elegantias
1012 1879 1026 1899 ⁵
1053 1881 1156 1920 aliis
1184 1882 1340 1921 uerbis
1371 1882 1490 1921 inter
1519 1893 1568 1921 se
1602 1882 1776 1921 referre
1807 1883 1872 1922 ni-

242 1959 416 2003 tuntur3
440 1952 603 1992 iisdem
625 1963 808 2003 quoque
830 1952 1076 2002 interdum,
1101 1952 1243 1991 animi
1265 1964 1430 2001 causa,
1462 1952 1718 1992 scandendi
1747 1964 1869 1992 corn-

241 2023 533 2074 ponendique
551 2024 760 2062 carmina
783 2023 1013 2063 rationem
1035 2023 1341 2063 ostendimus.
1368 2022 1512 2063 Cuius
1533 2023 1600 2063 rei
1621 2023 1772 2063 studio
1790 2024 1880 2064 mis

242 2106 345 2134 rurn
368 2101 437 2134 est
458 2100 746 2145 quantopere
764 2094 1067 2134 delectentur.

297 2265 305 2284 1
346 2264 461 2291 Sermo
475 2264 527 2291 hic
543 2266 660 2298 procul
677 2265 776 2291 dubio
791 2270 842 2292 est
858 2265 897 2292 de
914 2264 1069 2300 Syntaxi,
1086 2273 1144 2292 seu
1162 2265 1416 2292 Grammaticae
1430 2265 1649 2299 Despauterii
1661 2267 1881 2300 compendio„

241 2311 368 2338 Romae
384 2319 403 2338 a
418 2311 454 2337 P.
469 2312 608 2338 Andrea
624 2311 745 2339 Frusio
761 2313 971 2340 concinnato.
988 2312 1074 2339 Vsde
1095 2313 1245 2339 POLAnei
1262 2313 1464 2346 Clzrom'con,
1478 2318 1502 2340 t.
1517 2321 1563 2345 IV,
1586 2321 1652 2347 pag
1679 2313 1742 2347 235,
1758 2321 1787 2340 n.
1805 2313 1878 2345 522„

239 2363 272 2385 et
289 2362 403 2385 annot.
418 2359 445 2385 3.

293 2406 306 2426 2
344 2405 430 2432 Vide
446 2414 560 2439 supra.
578 2410 601 2433 t.
620 2413 667 2438 m,
683 2414 762 2440 pag.
779 2408 839 2441 174,
854 2413 970 2435 annot.
985 2408 1011 2434 5.

292 2454 306 2472 ’ἱ
345 2453 432 2480 Vide
449 2454 544 2486 ibid..
561 2460 675 2480 annot.
690 2456 716 2480 ί).

295 2500 309 2520 ⁴
345 2501 521 2535 “Baptista
538 2500 750 2528 Cantalicius
770 2502 822 2533 (de
844 2509 908 2536 quo
923 2502 1071 2536 Toppius
1092 2503 1124 2529 in
1150 2502 1368 2529 Bibliotheca
1391 2502 1643 2536 Neapolitana,
1658 2509 1734 2536 pag.
1759 2502 1819 2535 130,
1836 2507 1869 2530 et

239 2548 442 2575 Nicodemus
457 2547 489 2574 in
505 2548 654 2582 ejusdem
671 2548 902 2576 Bibliothecae
927 2549 1166 2582 additionibus,
1182 2557 1260 2584 pag.
1275 2550 1333 2583 461,
1356 2549 1510 2582 Sabinus,
1534 2550 1718 2576 Pennensis
1732 2549 1873 2584 Episco-

238 2604 310 2631 pus.
334 2595 367 2622 Is
389 2596 445 2622 ille
471 2595 526 2628 qui
549 2595 768 2622 Rudimenta
790 2598 1046 2628 grammatices
1066 2597 1222 2631 scripsit,
1246 2598 1299 2624 vir
1321 2597 1436 2631 utique
1461 2598 1614 2624 eruditus
1638 2605 1678 2624 ac
1703 2598 1872 2632 sapiens„

237 2644 403 2675 UGHELLI,
419 2642 526 2669 Italici
544 2649 660 2673 sacra,
675 2647 698 2669 t.
716 2651 736 2675 1,
752 2643 906 2674 col.1150,
923 2651 954 2670 n.
965 2643 1239 2678 114.-L.amoussa,
1254 2644 1376 2671 Grand
1394 2644 1643 2671 Dictionnaire
1656 2645 1872 2672 universelle

238 2691 285 2717 du
299 2689 408 2717 XIX.e
421 2689 539 2719 siecle,
553 2694 577 2715 t.
591 2696 639 2722 111,
656 2697 732 2723 pag.
749 2689 810 2720 287.
827 2690 875 2717 ait
899 2691 987 2717 hunc
1013 2691 1207 2725 Baptistam
1222 2691 1449 2718 Cantalieium
1472 2691 1650 2725 scripsisse
1671 2692 1732 2718 b'un
1751 2695 1871 2726 poeme

238 2737 371 2764 intitule
394 2735 447 2762 De
468 2736 689 2770 Parthenope
714 2737 765 2763 bis
791 2741 894 2771 capla
921 2737 1116 2765 Gonsalvio
1133 2738 1231 2766 Duce
1251 2737 1391 2772 (Naples
1416 2738 1491 2771 1506,
1515 2739 1547 2765 in
1571 2739 1639 2771 fol.)
1660 2743 1693 2765 et
1716 2738 1875 2767 Canones

236 2783 493 2817 grammatices
508 2784 540 2809 et
554 2784 723 2810 matrices
737 2783 819 2815 (1509
833 2785 866 2812 in
880 2785 950 2819 4.⁰>;
967 2793 1084 2813 verum
1107 2785 1206 2821 mire,
1221 2786 1279 2813 sed
1294 2794 1354 2820 pro
1376 2793 1480 2819 more,
1496 2791 1590 2814 errat
1612 2787 1688 2814 dum
1708 2786 1795 2814 hunc
1809 2787 1873 2814 Ba-

237 2832 378 2866 ptistam
392 2837 492 2857 unum
507 2831 727 2865 eumdemque
743 2831 824 2859 facit
840 2840 915 2860 cum
932 2833 1003 2867 eJ'us
1023 2838 1145 2867 nepote
1161 2839 1194 2860 et
1218 2841 1422 2866 successore,
1441 2833 1638 2868 Valentino,
1660 2841 1802 2868 eumque
1822 2842 1872 2861 as—

236 2878 320 2906 serit
335 2885 399 2904 non
414 2877 521 2904 solum
534 2877 739 2912 Episcopum
753 2879 811 2906 sed
827 2884 861 2906 et
877 2879 1094 2908 Cardinalem
1106 2880 1222 2908 fuisse.

288 2925 302 2945 5
338 2923 522 2951 “Hadriani
537 2924 783 2959 (Castellensiffi
802 2926 1009 2961 Cornetani),
1025 2927 1058 2954 S.
1075 2928 1114 2955 R.
1140 2927 1176 2954 Ε.
1192 2927 1391 2963 Presbyteri
1409 2927 1612 2960 cardinalis,
1634 2928 1684 2956 tit.
1702 2927 1735 2956 S.
1759 2928 1881 2964 ChryK

232 2971 526 3007 sogoni,Botoien.
541 2971 620 3005 (sic)
636 2972 688 2999 De
704 2973 872 3001 Sermone
893 2974 1005 3002 latino
1023 2976 1056 3002 et
1078 2975 1192 3002 moa'z’s
1212 2975 1325 3002 latine
1347 2975 1538 3009 loquenda„
1563 2975 1673 3003 Catal.
1693 2976 1876 3003 librorum.—

233 3020 397 3048 Doctoris
412 3018 453 3045 D.
469 3018 590 3053 Joaclz.
607 3021 734 3048 Gomez
749 3022 790 3048 de
806 3022 839 3049 la
857 3022 1009 3055 Cortina,
1024 3027 1050 3051 t.
1067 3030 1102 3058 Π,
1118 3030 1197 3058 pag.
1214 3023 1275 3052 179.
