2020 3342
243 229 316 267 520
787 231 1013 268 LITTERAE
1039 240 1396 275 QUADRIMESTRES

246 338 406 367 omnes
427 332 775 378 praeceptores,
805 338 898 366 uno
921 333 1138 378 excepto,
1163 334 1207 367 et
1229 325 1507 376 subsidiarii,
1533 326 1609 378 qui
1631 326 1689 366 ad
1710 326 1865 367 huius-

245 397 370 438 modi
404 398 706 438 necessitates
736 397 976 437 constituti
1008 404 1156 447 erant,
1189 409 1282 438 non
1317 397 1613 438 mediocriter
1641 397 1788 438 uariis
1823 403 1868 437 et

247 468 444 509 diuersis
473 469 646 508 morbis
674 469 1022 510 afflictarentur:
1055 480 1200 519 eoque
1232 480 1305 508 res
1334 468 1532 517 deuenit,
1567 474 1615 508 ut
1643 468 1775 508 inuiti
1805 467 1865 507 fe·

248 539 341 579 rias
364 538 655 579 scholasticis
671 551 753 591 per
773 540 974 591 spatium
992 540 1128 580 unius
1146 539 1317 579 mensis
1334 539 1709 578 concederemus.
1731 538 1867 590 Quod

248 620 352 649 cum
387 609 445 649 ad
484 620 621 649 aures
660 609 888 661 Principis
921 610 1183 651 Cardinalis
1219 609 1245 658 ⁸,
1284 609 1361 660 qui
1397 621 1450 649 eo
1486 616 1693 661 tempore
1729 609 1868 661 Vlys-

249 681 440 731 sippone
461 686 575 730 erat,
600 681 901 731 peruenisset,
936 692 1116 721 summo
1137 680 1337 732 quodam
1360 691 1569 720 moerore
1591 680 1677 720 hoc
1706 680 1868 720 nuntio

249 749 464 799 affectus,
502 751 659 791 statim
694 763 835 792 unum
865 764 923 792 ex
952 752 1219 803 praecipuis
1254 763 1308 791 ac
1345 750 1630 791 doctioribus
1659 751 1868 799 mediciS,

249 832 364 872 quos
386 821 572 872 quidem
594 821 716 874 apud
738 834 787 863 se
804 823 1018 872 habebat,
1043 823 1101 863 ad
1123 834 1207 862 nos
1223 822 1360 871 misit,
1385 829 1433 862 ut
1450 833 1535 862 nos
1557 822 1779 862 inuiseret
1795 833 1872 862 no-

249 897 463 943 strosque
493 892 848 942 diligentissime
880 900 1080 942 curaret,
1114 904 1309 944 eumque
1332 892 1496 932 crebro
1531 892 1588 933 de
1609 891 1874 932 ualetudine

249 961 447 1002 fratrum
470 975 550 1014 per
572 964 732 1003 literas
753 964 997 1004 certiorem
1024 964 1212 1004 faceret.
1238 964 1308 1003 Ex
1329 975 1420 1015 quo
1442 963 1643 1015 perspici
1664 962 1874 1015 profecto

251 1039 402 1084 potest
423 1040 598 1085 quanto
625 1046 710 1074 nos
738 1046 899 1075 omnes
925 1040 1165 1085 totamque
1193 1033 1474 1075 Societatem
1500 1045 1658 1074 amore
1679 1040 1722 1074 et
1742 1034 1874 1074 bene·
1928 1059 1935 1064 »

249 1104 451 1144 uolentia
470 1106 820 1156 complectatur:
844 1106 936 1145 iam
949 1105 1070 1145 enim
1087 1105 1220 1145 alteri
1241 1105 1435 1154 medico,
1455 1105 1501 1145 in
1521 1105 1694 1145 morbis
1712 1116 1875 1145 curan-

251 1174 320 1215 dis
340 1175 636 1227 peritissimo,
659 1184 925 1217 nostrorum
948 1177 1153 1217 omnium
1178 1188 1339 1216 curam
1361 1175 1682 1225 commiserat3
1712 1187 1874 1216 uerum

250 1257 354 1285 cum
391 1246 454 1286 illi
491 1246 827 1297 aliquantulum
862 1246 1066 1287 diffidere
1095 1247 1346 1294 uideretur,
1380 1246 1576 1287 fratrum
1607 1247 1804 1287 salutem
1834 1247 1874 1287 ei

251 1317 476 1357 committi
500 1317 658 1367 uoluit,
684 1318 756 1358 cui
779 1317 1026 1369 aliquando
1048 1329 1180 1358 suam
1201 1318 1525 1367 committeret,
1550 1329 1777 1369 quemque
1805 1329 1874 1358 sa-

251 1387 308 1427 tis
329 1388 568 1439 cognitum
590 1394 634 1428 et
654 1394 949 1440 perspectum
971 1389 1176 1429 haberet.

329 1458 487 1517 Habiti
509 1465 615 1499 sunt
635 1465 880 1510 praeterea
900 1460 946 1499 in
968 1460 1057 1500 hoc
1074 1460 1416 1511 quadrimestri,
1436 1459 1566 1500 initio
1587 1459 1877 1510 singulorum

251 1530 492 1579 mensium,
517 1530 724 1570 nonnulli
741 1530 930 1581 dialogi:
951 1531 1187 1571 orationes
1208 1531 1347 1571 etiam
1363 1542 1455 1571 non
1471 1541 1649 1582 paucae
1672 1530 1729 1570 ab
1746 1530 1876 1570 scho-

250 1600 425 1640 lasticis
446 1601 618 1640 nostris
648 1601 870 1642 recitatae
892 1608 1014 1648 sunt,
1048 1602 1212 1653 quibus
1242 1602 1453 1642 omnibus
1474 1613 1566 1642 non
1597 1613 1773 1652 paucos
1801 1613 1876 1641 ex-

251 1677 407 1711 ternos
427 1671 690 1712 interfuisse
711 1672 943 1712 existimo:
967 1673 998 1712 ii
1017 1684 1144 1723 uero,
1169 1673 1246 1724 qui
1268 1672 1391 1724 apud
1411 1683 1497 1712 nos
1517 1671 1661 1712 literis
1683 1683 1874 1723 operam

251 1741 376 1791 dant,
407 1754 512 1782 cum
542 1743 589 1782 in
615 1743 773 1792 literis,
807 1749 903 1783 tum
931 1744 1071 1784 etiam
1102 1744 1147 1783 in
1180 1744 1365 1793 uirtute,
1399 1755 1491 1783 non
1523 1743 1780 1783 mediocres
1812 1742 1875 1783 fa-

251 1814 377 1854 ciunt
394 1824 689 1865 progressus:
709 1815 915 1854 nonnulli
933 1815 1073 1855 etiam
1094 1826 1153 1854 ex
1174 1815 1260 1864 his,
1281 1815 1359 1866 qui
1375 1815 1421 1854 in
1437 1815 1588 1866 prima
1605 1820 1650 1854 et
1670 1814 1875 1854 secunda

251 1885 401 1924 classe
422 1884 747 1932 uersabantur,
777 1885 823 1925 in
851 1884 1133 1926 Societatem
1163 1891 1373 1925 nostram
1403 1885 1593 1926 admissi
1613 1890 1735 1925 sunt:
1769 1896 1876 1925 non-

251 1955 363 1995 nulli
398 1966 509 1995 uero
545 1956 744 1996 aliorum
775 1956 1098 2007 religiosorum
1131 1957 1340 1996 instituta
1376 1957 1558 2008 sequuti
1592 1962 1712 1997 sunt.
1750 1956 1879 1996 Deus

253 2025 359 2077 Opt.
383 2025 509 2066 Max.
533 2037 612 2067 eos
634 2027 679 2067 in
697 2034 914 2078 suscepta
936 2027 1123 2067 uiuendi
1144 2028 1325 2068 ratione
1348 2033 1608 2067 conseruet.
1633 2026 1880 2079 Quamplu-

251 2097 356 2137 rimi
378 2104 636 2149 praeterea,
662 2104 758 2138 tum
784 2110 842 2139 ex
870 2098 1177 2147 scholasticis,
1207 2105 1303 2139 tum
1331 2099 1472 2139 etiam
1501 2111 1556 2139 ex
1580 2098 1696 2147 aliis,
1729 2098 1775 2138 in
1803 2109 1879 2138 no·

254 2174 401 2208 stram
436 2167 718 2209 Societatem
747 2169 931 2220 ingredi
965 2170 1266 2210 uehementer
1298 2169 1577 2210 desiderant.
1610 2169 1780 2210 Mirum
1813 2175 1882 2209 est

254 2238 376 2278 enim
397 2245 622 2290 quantum
644 2239 699 2279 iis
722 2240 917 2291 publicis
941 2240 1250 2280 conuentibus
1271 2240 1477 2280 omnium
1494 2240 1635 2280 animi
1657 2240 1716 2279 ad
1738 2240 1881 2280 uirtu-

256 2316 354 2349 tum
378 2316 421 2350 et
441 2310 686 2350 literarum
707 2310 861 2350 studia
884 2311 1207 2351 incendantur.

333 2380 434 2420 Hoc
469 2381 610 2420 etiam
642 2392 778 2431 anno,
814 2381 970 2421 diuina
1003 2381 1210 2421 bonitate
1240 2381 1447 2429 fauente,
1481 2381 1651 2432 exponi
1682 2381 1880 2432 philoso-

255 2452 365 2503 phia
388 2451 591 2503 incipiet,
615 2452 748 2492 cuius
769 2452 908 2492 etiam
929 2452 1083 2503 gratia
1102 2452 1289 2492 Marcus
1312 2451 1559 2503 Georgius,
1584 2452 1662 2503 qui
1684 2451 1759 2491 hic
1776 2462 1880 2491 con-

257 2522 478 2562 scientiae
502 2534 639 2575 casus
661 2523 946 2571 declarabat,
965 2523 1311 2563 Conimbricam
1331 2522 1566 2574 profectus
1583 2529 1666 2572 est,
1691 2523 1736 2562 in
1753 2523 1881 2562 cuius

258 2594 410 2633 locum
431 2592 659 2633 Dominus
688 2594 782 2634 Leo
805 2594 898 2644 (qui
920 2594 993 2633 hic
1023 2605 1145 2633 nunc
1168 2593 1339 2633 Rector
1368 2594 1453 2643 est)
1482 2594 1721 2643 successit,
1753 2593 1882 2634 cuius

259 2663 467 2715 profecto
489 2664 535 2703 in
557 2664 676 2704 hanc
699 2664 860 2704 urbem
883 2664 1110 2704 aduentus
1131 2671 1226 2704 tam
1249 2665 1461 2704 omnibus
1481 2672 1643 2715 gratus
1665 2670 1708 2704 et
1729 2664 1880 2703 iucun-

260 2735 345 2775 dus
361 2734 460 2782 fuit,
486 2741 533 2774 ut
555 2735 765 2774 nonnulli
781 2747 839 2775 ex
856 2734 1050 2785 ciuibus,
1075 2746 1253 2775 summa
1276 2735 1477 2786 quadam
1499 2735 1675 2775 laetitia
1693 2733 1881 2785 perfusi,

259 2817 364 2846 eum
386 2806 543 2845 statim
564 2805 817 2845 salutatum
836 2806 1061 2855 uenirent,
1086 2806 1276 2856 eiusque
1299 2805 1548 2845 aduentum
1566 2805 1885 2845 felicissimum

263 2883 491 2928 optarent.

316 3036 325 3056 ¹
365 3035 513 3069 Hem-ici,
529 3036 568 3063 de
585 3044 648 3071 quo
662 3037 863 3071 saepissime
878 3037 909 3064 in
925 3037 987 3064 hoc
1003 3042 1035 3065 et
1051 3037 1083 3064 in
1099 3037 1382 3072 praecedentibus
1399 3037 1640 3065 voluminibus,
