2020 3342
806 253 889 292 AN.
927 254 1018 293 1556
1654 255 1723 293 513

339 649 619 677 Praecedentium
635 648 811 677 Francisci
827 649 992 684 Stephani
1008 650 1203 678 litterarum
1218 650 1326 678 latina
1340 649 1454 677 versio
1470 648 1496 677 ¹.

185 989 349 1029 Gratia
379 995 424 1030 et
458 1001 552 1041 pax
587 989 647 1030 D.
684 989 740 1030 N.
776 990 887 1042 Jesu
923 989 1096 1031 Christi
1129 990 1188 1030 sit
1216 1001 1399 1041 semper
1434 990 1480 1030 in
1515 990 1730 1030 cordibus

108 1060 294 1100 nostris.

184 1131 283 1171 Etsi
303 1131 539 1182 profectus
561 1131 815 1183 spiritualis
834 1132 987 1182 (Pater
1004 1132 1050 1171 in
1068 1130 1253 1172 Christo
1273 1131 1729 1182 obseruandissime),

105 1213 240 1253 quem
260 1202 420 1242 sedula
436 1208 702 1242 nostrorum
718 1210 906 1254 patrum
923 1214 1064 1254 opera
1082 1203 1208 1242 hisce
1230 1202 1466 1242 mensibus
1485 1203 1594 1242 urbs
1615 1202 1730 1242 Mes-

106 1285 218 1313 sana
236 1275 395 1323 sensit,
414 1285 508 1314 non
525 1273 583 1313 sit
600 1273 788 1313 omnino
806 1273 1127 1324 poenitendus,
1146 1276 1314 1312 tantus
1328 1275 1341 1294 ²
1359 1279 1514 1313 tamen
1536 1285 1627 1313 non
1646 1280 1729 1323 est,

107 1350 154 1384 ut
174 1350 304 1384 tanta
326 1344 548 1395 proferat,
585 1350 760 1396 quanta
782 1344 883 1384 aliis
917 1344 1150 1395 plerisque
1185 1344 1232 1383 in
1267 1344 1380 1384 locis
1408 1345 1509 1394 geri
1541 1345 1729 1393 scimus,

105 1426 222 1466 eque
242 1416 388 1455 variis
410 1416 468 1455 ad
494 1427 578 1455 nos
600 1415 764 1455 delatis
793 1415 938 1456 literis
965 1415 1167 1466 quotidie
1190 1415 1460 1466 accipimus.
1491 1414 1611 1455 Noui
1636 1415 1733 1455 fere

106 1486 220 1526 nihil
239 1486 477 1533 habemus.
502 1487 556 1527 de
591 1498 680 1538 quo
702 1493 746 1526 te
776 1486 1024 1527 certiorem
1049 1485 1148 1526 fieri
1178 1492 1407 1536 oporteat.
1440 1486 1539 1526 Nisi
1559 1498 1733 1527 nouum

105 1557 221 1597 sorte
242 1557 372 1598 dicas
394 1558 655 1598 animorum
676 1558 748 1609 pie
770 1557 1121 1598 formandorum
1143 1568 1305 1597 curam
1333 1557 1550 1597 ardenter
1577 1569 1731 1597 susce-

106 1633 233 1679 ptam
265 1629 329 1669 ita
350 1635 508 1669 tenere
541 1634 809 1669 constanter
845 1627 1012 1678 adhuc,
1036 1635 1084 1668 ut
1105 1639 1197 1668 non
1219 1628 1356 1668 modo
1378 1639 1471 1668 non
1502 1628 1655 1679 aliqua
1688 1629 1734 1668 in

107 1708 238 1753 parte
260 1700 456 1740 remissa
477 1700 630 1748 fuerit,
654 1699 736 1739 sed
756 1699 897 1739 etiam
915 1699 1149 1739 communi
1171 1699 1377 1738 omnium
1398 1698 1549 1739 studio
1567 1699 1613 1738 in
1637 1699 1734 1739 dies

108 1772 259 1822 magis
275 1782 330 1811 ac
346 1771 498 1821 magis
514 1776 771 1810 excrescat.
795 1769 847 1810 In
865 1770 1099 1810 consuetis
1120 1770 1276 1821 itaque
1292 1776 1541 1809 uersantur
1556 1781 1732 1818 omnes7

110 1854 195 1883 nec
220 1853 332 1882 sane
360 1841 581 1893 segniter,
610 1852 695 1881 nec
724 1840 947 1880 mediocri
973 1852 1078 1880 cum
1098 1840 1288 1880 foenore
1318 1840 1620 1880 commissum
1650 1851 1735 1891 pro

109 1925 157 1953 se
169 1913 362 1965 quisque
379 1914 602 1952 talentum
620 1912 773 1952 studet
789 1911 1065 1962 expendere.
1085 1910 1205 1951 Nam
1218 1918 1402 1963 praeter
1420 1911 1704 1951 domesticas
1722 1909 1736 1929 ³

109 1985 357 2024 conciones
379 1984 512 2034 (quae
531 1993 702 2033 magna
729 1982 990 2034 frequentia
1021 1981 1282 2031 habentur),
1316 1983 1568 2033 exponitur
1595 1982 1736 2021 etiam

109 2055 239 2095 intra
269 2054 623 2103 hebdomadam,
659 2053 730 2093 die
765 2052 967 2102 veneris,
1004 2052 1141 2092 Liber
1173 2051 1457 2103 Sapientiae,
1486 2064 1668 2092 necnon
1689 2052 1736 2092 in

110 2127 281 2177 templo
308 2125 482 2164 maiori
512 2123 540 2174 ⁴,
569 2136 687 2176 quae
717 2124 876 2175 quinto
910 2123 1078 2163 abhinc
1106 2134 1277 2171 mense,
1315 2123 1354 2162 si
1384 2124 1498 2163 satis
1528 2123 1735 2173 memini,

110 2197 201 2248 legi
221 2202 472 2247 coeperant
494 2201 746 2247 praecepta
768 2194 1009 2244 Decalogi,
1034 2193 1243 2233 inaudito
1264 2193 1361 2233 fere
1383 2194 1589 2234 omnium
1611 2201 1736 2234 aeta-

111 2274 206 2307 tum
242 2266 546 2317 ordinumque
582 2276 828 2315 concursu,
865 2265 1082 2315 leguntur
1115 2264 1254 2304 etiam
1290 2276 1413 2305 nunc
1447 2276 1541 2305 non
1570 2265 1739 2305 minori

113 2339 317 2379 omnium
337 2344 383 2377 et
404 2336 710 2377 admiratione
734 2342 778 2375 et
798 2335 966 2375 fructu.
988 2334 1071 2375 Est
1094 2346 1278 2387 quoque
1306 2347 1363 2375 ex
1394 2336 1567 2376 nostris
1594 2336 1738 2387 patri-

111 2410 196 2450 bus
217 2409 420 2460 quidam,
446 2408 524 2460 qui
545 2407 705 2447 diebus
727 2406 939 2446 omnibus
961 2405 1208 2446 dominicis
1237 2412 1282 2446 et
1308 2405 1438 2446 festis
1470 2408 1516 2447 in
1540 2407 1740 2458 quodam

113 2480 385 2520 monialium
403 2478 687 2519 monasterio
708 2477 1029 2527 concionatur,
1052 2482 1101 2516 ut
1121 2476 1237 2517 nihil
1264 2476 1320 2517 de
1347 2477 1402 2517 iis
1436 2477 1741 2518 concionibus

114 2551 281 2601 dicam,
305 2562 423 2602 quae
444 2550 550 2590 licet
572 2560 665 2589 non
686 2554 859 2589 statuto
879 2554 1087 2599 tempore
1099 2554 1143 2588 et
1162 2548 1278 2599 loco,
1299 2547 1566 2600 frequenter
1584 2556 1742 2589 tamen

167 2737 176 2756 ¹
217 2735 291 2763 Duo
304 2739 381 2762 sunt
393 2734 515 2761 harum
527 2733 722 2760 litterarum
737 2732 892 2766 exempla
904 2731 1106 2767 archetypa,
1122 2732 1152 2759 in
1165 2732 1287 2766 quibus
1297 2736 1430 2760 tantum
1441 2736 1614 2767 postrema
1627 2733 1736 2759 verba

117 2783 159 2812 R.
175 2783 213 2811 P.
234 2782 339 2810 T.......
355 2781 563 2812 SrEmAxus.
579 2785 657 2807 sunt
672 2779 778 2814 ipsius
791 2778 957 2813 Stephani
971 2786 1072 2806 manu
1087 2779 1256 2814 apposita.
1269 2778 1420 2807 Primum
1433 2784 1485 2807 est
1496 2780 1529 2807 in
1541 2780 1619 2807 folio
1635 2780 1745 2812 unico,

117 2831 224 2864 n.1c19,
241 2831 274 2857 in
288 2836 394 2864 eoque
410 2833 461 2856 tot
475 2832 552 2855 sunt
568 2827 705 2861 liturae,
717 2826 973 2854 emendationes
987 2830 1021 2853 et
1038 2827 1228 2854 additiones
1243 2829 1285 2854 ab
1300 2835 1339 2854 eo
1354 2827 1524 2861 inductae,
1540 2828 1595 2862 qui
1610 2828 1746 2854 litteras

115 2878 287 2911 exaravit,
302 2882 339 2904 ut
354 2875 593 2904 adversarium
608 2874 778 2902 videatur.
795 2875 964 2907 Alterum,
979 2874 1131 2908 nitidius,
1148 2879 1199 2901 est
1216 2875 1248 2901 in
1263 2875 1353 2902 foliis
1367 2876 1507 2909 duobus,
1523 2882 1664 2909 quorum
1683 2875 1748 2908 pri-

116 2933 206 2953 mum
222 2929 354 2952 tantum
365 2923 538 2958 signatum
550 2927 601 2950 est
616 2930 647 2949 n.
664 2922 725 2949 150.
738 2922 776 2949 In
789 2929 828 2949 eo
840 2929 950 2956 pauca
965 2922 1133 2956 quaedam
1146 2923 1293 2950 mutavit
1305 2923 1444 2957 propria
1456 2930 1555 2950 manu
1569 2922 1746 2950 Polancus.

171 2971 186 2991 ἱ
221 2973 262 3000 is.
278 2972 464 2999 Por-ancus.

171 3019 186 3040 ⁵
223 3021 345 3047 nostra
360 3019 397 3045 in
413 3018 561 3046 ecclesia
576 3017 708 3045 addidit
722 3016 901 3044 Polancus.

174 3067 189 3087 ⁴
226 3073 366 3094 summo
380 3066 517 3100 templo.
532 3064 719 3093 Pommcus.

334 3123 386 3159 Τ.
407 3135 461 3161 1V.
1526 3132 1566 3168 33
