2020 3342
207 218 256 256 58
718 221 946 258 LITTERAE
973 232 1054 263 OUA
1064 232 1329 259 DRIMESTRES

209 326 313 355 rum
333 316 421 356 hae
442 329 515 357 res
536 318 606 357 bis
628 324 761 358 actae
783 325 889 358 sunt
909 325 1039 358 tanta
1071 325 1114 358 et
1142 319 1385 358 maiestate
1415 327 1459 358 et
1487 318 1755 368 honestate,
1789 325 1839 359 ut

210 388 501 427 excusserint
522 388 791 440 lachrymas
819 396 863 428 et
891 389 1174 429 doctissimis
1202 396 1247 429 et
1275 389 1569 440 grauissimis
1597 389 1723 440 uiris,
1757 390 1839 440 qui

208 456 281 497 his
302 458 482 498 actibus
504 458 828 509 interfuerunt,
852 467 895 499 et
917 459 1242 511 praedicarent
1259 471 1488 511 nusquam
1506 471 1554 499 se
1572 460 1837 500 huiusmodi

210 538 285 567 res
312 540 398 568 nec
425 529 599 569 uidisse
625 541 774 581 neque
809 531 1062 581 accepisse.
1100 530 1414 570 Interfuerunt
1449 532 1581 571 multi
1616 542 1836 582 proceres

209 598 350 646 urbis,
388 600 677 650 professores
698 601 1023 651 humanitatis,
1061 602 1302 651 doctores,
1336 602 1659 652 iureconsulti,
1699 614 1836 643 cano-

209 668 316 719 nici,
354 670 642 721 scholastici,
667 671 957 721 sacerdotes,
989 672 1228 718 monachi,
1260 679 1303 712 et
1332 673 1504 712 ciuium
1533 672 1729 724 denique
1761 685 1836 712 co-

208 740 301 789 pia:
325 746 369 780 et
390 742 596 781 vniuersi
617 748 908 793 spectatores
929 755 1019 782 uno
1042 755 1121 783 ore
1148 744 1284 783 ualde
1313 743 1698 783 commendarunt
1720 744 1837 783 haec

210 809 463 851 iuuentutis
484 812 650 862 studia,
676 819 719 852 et
742 824 823 863 per
844 819 991 853 totam
1013 814 1173 854 urbem
1191 826 1283 853 non
1301 820 1545 854 cessarunt
1562 821 1606 854 et
1624 815 1835 854 carmina

209 887 253 920 et
275 882 433 922 ludum
454 882 668 923 laudibus
689 884 948 933 illustrare,
981 891 1026 924 et
1053 885 1246 925 summis
1274 884 1440 925 studiis
1467 885 1728 936 complecti.
1761 884 1840 924 Di-

208 953 374 1004 scipuli
395 965 535 1004 porro
563 954 636 994 his
662 955 1003 996 honestissimis
1032 956 1194 996 studiis
1222 963 1319 996 tum
1349 968 1374 994 a
1405 957 1528 996 uitiis
1557 963 1834 1005 auocantur,

208 1029 306 1063 tum
327 1025 618 1075 excoluntur,
642 1032 686 1065 et
707 1026 767 1065 ad
788 1027 967 1066 maiora
989 1027 1245 1066 redduntur
1267 1027 1442 1077 parati,
1466 1033 1563 1066 tum
1593 1038 1744 1078 aequo
1773 1027 1839 1067 hi-

208 1095 387 1146 larique
416 1096 570 1136 animo
604 1103 815 1136 nostram
841 1097 1158 1148 disciplinam,
1185 1099 1257 1138 uel
1280 1109 1516 1145 seueram,
1542 1099 1759 1149 subeunt,
1793 1105 1837 1138 et

208 1165 366 1205 ludum
388 1166 627 1207 literarum
658 1169 749 1218 (qui
771 1168 845 1208 his
873 1168 1163 1208 infoelicibus
1191 1169 1477 1220 temporibus
1504 1170 1736 1220 plerisque
1767 1175 1837 1209 est

208 1237 372 1285 grauis
393 1239 720 1290 molestusque)
742 1239 1039 1291 frequentant
1062 1246 1324 1291 amantque.

290 1309 340 1348 In
363 1308 535 1349 Christi
554 1310 665 1362 Jesu
686 1311 919 1350 natalibus
940 1322 1055 1362 puer
1071 1311 1257 1362 quidam
1275 1311 1506 1362 patritius,
1526 1318 1685 1351 noster
1701 1311 1838 1351 disci-

210 1380 361 1429 pulus,
386 1380 547 1420 habuit
568 1381 614 1420 in
635 1391 808 1431 magna
830 1382 1038 1421 uirorum
1059 1381 1320 1432 frequentia
1344 1382 1605 1422 orationem
1627 1382 1682 1422 de
1704 1383 1837 1432 pueri

208 1451 319 1504 Jesu
353 1451 580 1502 laudibus,
619 1463 813 1503 eamque
852 1454 1092 1503 perorauit
1131 1459 1263 1492 tanta
1301 1453 1526 1503 dignitate
1562 1459 1605 1492 et
1640 1454 1839 1493 actionis

210 1523 468 1572 maiestate,
506 1529 555 1563 ut
589 1523 922 1573 grauissimum
952 1530 996 1563 et
1027 1523 1393 1564 eruditissimum
1427 1535 1656 1575 quemque
1687 1524 1839 1564 uirum

210 1600 526 1633 commoneret
547 1594 606 1634 ad
627 1594 912 1645 lachrymas,
937 1601 981 1634 et
1002 1594 1183 1634 cunctis
1205 1594 1403 1645 denique
1425 1600 1663 1645 stuporem
1684 1595 1837 1634 iniice-

209 1670 293 1704 ret.
317 1664 438 1705 Huic
459 1665 662 1705 orationi
690 1665 916 1705 successit
944 1664 1162 1705 Caesaris
1189 1665 1395 1715 Augusti
1423 1665 1698 1716 descriptiO,
1722 1666 1836 1705 nati-

209 1736 330 1775 uitas
351 1734 633 1785 Seruatoris,
657 1736 899 1776 veneratio
922 1743 1186 1787 pastorum,
1210 1736 1439 1775 aduentus
1460 1735 1643 1786 Regum
1664 1737 1710 1776 in
1732 1736 1839 1776 Hie-

208 1807 496 1858 rosolymam
524 1813 568 1846 et
597 1807 728 1858 pueri
755 1806 866 1859 jesu
898 1807 1111 1847 adoratio
1147 1814 1190 1847 et
1225 1807 1382 1847 nescio
1418 1819 1536 1858 quae
1571 1808 1675 1847 alia.
1707 1808 1837 1847 Haec

210 1877 353 1927 igitur
375 1878 599 1928 mysteria
621 1878 827 1917 carmine
849 1879 1122 1929 complexus
1145 1885 1245 1918 erat
1268 1878 1389 1918 idem
1411 1878 1556 1918 frater
1578 1884 1737 1918 noster
1758 1878 1833 1919 Se-

208 1948 463 1988 bastianus.
485 1948 615 1998 Quae
634 1949 819 2000 quidem
836 1950 1059 2000 opuscula
1078 1949 1362 1988 christianae
1379 1954 1574 2000 poeseos
1594 1961 1620 1989 a
1638 1949 1836 2000 discipu—

207 2020 263 2058 lis
284 2019 472 2059 fuerunt
495 2026 600 2059 acta
622 2026 719 2059 tam
740 2020 969 2070 singulari
991 2020 1176 2059 actione
1198 2027 1243 2059 et
1265 2021 1421 2060 vultus
1443 2020 1669 2070 dignitate
1692 2021 1834 2070 pieta—

207 2099 358 2141 teque,
384 2097 432 2130 ut
453 2091 700 2130 uniuersos
728 2097 1017 2141 spectatores
1046 2097 1372 2130 conuerterent
1400 2092 1447 2131 in
1479 2090 1835 2130 admirationem

208 2167 251 2200 ct
273 2162 457 2211 collegii
479 2161 626 2201 nostri
647 2161 822 2211 laudes,
847 2173 902 2201 ac
926 2162 1015 2201 viri
1036 2161 1234 2201 studiosi
1255 2162 1377 2201 inter
1397 2172 1446 2200 se
1468 2161 1691 2201 dicerent:
1714 2161 1836 2201 “Vti-

208 2243 316 2271 nam
338 2238 382 2271 et
403 2243 489 2271 nos
515 2232 648 2282 pueri
679 2233 852 2271 exculti
880 2232 1127 2272 fuissemus
1158 2232 1230 2271 his
1262 2232 1443 2271 eximiis
1472 2232 1713 2272 literarum
1742 2238 1834 2272 stu-

210 2303 311 2342 diis!
334 2304 624 2343 venissemus
647 2304 856 2354 profecto
880 2303 937 2343 ad
959 2304 1139 2343 maiora
1155 2303 1459 2354 paratiores..,
1479 2302 1735 2354 Stupebant
1753 2304 1836 2354 igi-

209 2380 284 2413 tur
305 2379 348 2413 et
369 2374 625 2414 haerebant
648 2385 808 2413 omnes
836 2386 941 2414 cum
963 2375 1253 2413 intuerentur
1274 2385 1467 2424 pueros,
1497 2386 1663 2414 nouem
1694 2380 1738 2414 et
1762 2375 1835 2414 de·

209 2455 309 2483 cem
344 2456 492 2484 annos
527 2452 676 2495 natos,
716 2446 905 2495 egregie
942 2444 1261 2495 pronuntiare,
1298 2445 1540 2495 praeclare
1573 2451 1756 2495 gestum
1791 2452 1836 2485 et

208 2515 387 2555 vultum
416 2527 521 2555 cum
549 2516 777 2566 singulari
811 2522 1055 2555 uenustate
1091 2516 1341 2565 moderari,
1380 2522 1423 2555 et
1458 2522 1626 2555 cuncta
1663 2517 1838 2556 rectius

208 2593 450 2636 praestare
472 2597 611 2637 quam
635 2587 671 2625 si
693 2587 889 2626 fuissent
912 2586 1014 2626 uiri.

288 2656 396 2697 Fuit
418 2657 464 2697 in
485 2657 573 2696 hac
595 2657 864 2697 celebritate
892 2664 1021 2698 tanta
1054 2657 1295 2697 hominum
1324 2657 1601 2709 frequentia,
1632 2664 1680 2697 ut
1702 2669 1839 2709 opor-

208 2728 347 2767 tuerit
373 2728 611 2778 satellites,
637 2734 715 2767 aut
744 2728 912 2768 milites
943 2727 1163 2779 praesidii
1190 2728 1512 2777 Bononiensis,
1544 2740 1629 2779 pro
1659 2728 1838 2768 foribus

209 2798 394 2848 collegii
428 2805 598 2847 astare,
636 2810 692 2837 ne
728 2799 978 2850 quisquam
1006 2799 1094 2839 nisi
1123 2798 1330 2838 eruditus
1359 2799 1586 2839 introiret.
1626 2798 1673 2838 Si
1704 2799 1840 2838 locus

209 2881 323 2909 sane
355 2868 518 2908 fuisset
552 2869 774 2920 amplior,
813 2869 1039 2909 adfuisset
1076 2870 1308 2909 maximus
1350 2870 1558 2909 uirorum
1596 2881 1832 2909 numerus:

211 2939 404 2990 proinde
433 2939 636 2990 oportuit
665 2939 812 2979 tribus
840 2940 947 2989 (sic)
971 2941 1086 2979 haec
1117 2940 1281 2979 eadem
1314 2940 1405 2990 agi.
1430 2939 1742 2980 interfuerunt
1763 2939 1837 2979 his

209 3010 371 3050 diebus
405 3010 577 3050 Rector
613 3011 953 3059 uniuersitatis,
992 3011 1379 3050 scholasticorum
1403 3011 1590 3059 agmine
1619 3011 1834 3061 stipatus,
