2020 3342
219 201 265 237 20
734 200 955 236 LITTERAE
982 210 1339 242 QUADRmEsTREs

220 308 444 346 vxorum,
474 295 687 347 pronum
719 308 773 335 ac
809 296 1085 336 ancillarum
1126 295 1428 346 frequentiori
1459 306 1670 344 numero,
1706 307 1840 346 quae,

219 373 406 418 praeter
438 366 728 417 frequentem
765 366 1121 416 confessionem,
1160 366 1415 405 maioribus
1435 365 1764 404 festiuitatibus
1787 377 1842 405 ac

219 437 274 477 D.
298 437 487 487 Virgini
509 437 657 476 sacris
679 437 1025 476 communicare
1047 442 1323 492 coeperunt3
1343 436 1433 475 imo
1456 447 1541 475 nec
1564 436 1657 475 Vlla
1675 437 1846 476 transit

217 508 465 557 dominica,
488 508 535 547 in
556 519 647 558 qua
668 519 759 547 non
781 509 964 559 aliquae
987 507 1087 557 (etsi
1110 508 1304 558 paucae)
1330 507 1388 546 ad
1412 507 1720 546 sacratissimi
1742 518 1844 546 cor-

217 579 344 630 poris
379 578 598 618 dominici
633 577 764 617 omni
790 589 896 617 cum
924 577 1172 618 deuotione
1207 589 1418 617 mensam
1448 577 1689 626 accedant;
1724 577 1843 617 viro-

218 661 319 688 rum
356 656 511 688 autem
542 649 713 688 raritas
748 655 816 688 est
852 658 1064 699 magnas
1099 648 1312 700 quamuis
1347 648 1468 688 enim
1503 648 1568 699 pii
1597 648 1844 699 deuotique

217 719 490 769 habeantur,
513 726 563 759 Vt
583 719 663 770 qui
689 719 830 759 etiam
846 718 1014 770 proles
1036 725 1079 759 et
1105 730 1278 759 onres
1307 719 1366 758 ad
1398 719 1486 758 hoc
1519 718 1842 767 adhortantur,

216 790 303 841 ipsi
323 790 622 830 nihilominus
644 798 835 841 propter
868 790 1253 830 consuetudinem
1283 790 1570 829 contrariam
1605 800 1685 829 eas
1715 789 1846 840 sequi

216 867 451 901 verentur.
472 861 523 901 In
544 865 700 901 tamen
718 861 836 901 festo
854 861 941 900 isto
963 860 1232 901 Natiuitatis
1249 860 1454 910 Domini,
1474 861 1613 900 etiam
1630 860 1842 899 virorum

216 933 346 972 multi
374 933 574 972 confessi
610 938 732 983 sunt,
757 932 820 972 ita
853 932 977 982 quod
1002 938 1186 982 praeter
1208 943 1280 971 me
1302 932 1401 983 ipse
1422 943 1605 982 quoque
1625 930 1846 970 Decanus

214 1015 319 1042 cum
352 1003 456 1042 aliis
486 1003 735 1053 nonnullis,
775 1003 952 1054 aliquot
982 1003 1080 1042 dies
1116 1002 1458 1042 confessionem
1490 1002 1652 1042 audire
1681 1001 1842 1041 debue-

213 1079 333 1122 runt,
358 1074 477 1113 sicut
499 1074 684 1113 solitum
706 1080 774 1113 est
795 1073 895 1113 fieri
916 1073 963 1112 in
985 1073 1103 1113 festo
1126 1074 1380 1124 paschatis;
1410 1079 1568 1113 tantus
1590 1073 1674 1112 fuit
1699 1072 1841 1112 confi-

214 1145 409 1184 tentium
430 1155 667 1184 numerus:
691 1144 1154 1184 communicauerunt
1181 1144 1282 1195 ipso
1315 1144 1388 1183 die
1416 1143 1685 1183 Natiuitatis
1712 1144 1841 1183 circi-

214 1224 284 1255 ter
305 1215 427 1254 mille
444 1221 487 1255 et
505 1215 707 1265 ducenti;
730 1226 895 1265 parum
918 1215 1104 1266 quidem
1125 1214 1321 1254 Louanii
1344 1212 1368 1263 ¹,
1394 1215 1474 1254 scd
1496 1215 1543 1254 in
1565 1216 1653 1254 hac
1675 1218 1843 1253 nostra

214 1290 312 1325 tam
335 1291 496 1336 pamm
533 1286 884 1335 comnmm'tczte,
913 1286 1118 1335 adeoque
1139 1297 1165 1324 a
1187 1285 1512 1325 communione
1540 1285 1843 1335 frequentiori

212 1356 437 1404 alienata,
461 1357 562 1408 quis
582 1368 675 1396 non
697 1359 891 1396 multum
913 1357 1099 1396 dixerit?
1127 1357 1250 1396 Inter
1267 1356 1397 1405 alios,
1430 1368 1522 1396 non
1546 1356 1644 1395 sine
1667 1366 1839 1406 magna

213 1427 535 1467 aedificatione
558 1428 699 1467 totius
722 1427 939 1477 ciuitatis,
965 1427 1167 1467 confessi
1185 1434 1291 1466 sunt
1313 1437 1357 1467 et
1375 1427 1842 1466 communicauerunt

215 1509 376 1537 omnes
415 1499 592 1538 nobiles
632 1499 764 1538 aulae
803 1498 1045 1549 Vtriusque
1086 1509 1247 1543 sexus,
1287 1504 1330 1537 et
1376 1499 1599 1549 primates
1638 1498 1842 1537 ciuitatis

214 1581 388 1616 omnes,
418 1569 651 1609 videlicet:
689 1570 833 1609 Ulmus
866 1569 991 1609 Dssffi
1019 1569 1186 1610 Comes
1217 1569 1634 1616 Hoechstratanus,
1674 1568 1843 1608 Comes

218 1651 401 1691 quoque
440 1649 598 1680 noster
633 1640 1043 1691 Culenborgensis,
1082 1640 1402 1690 superioribus
1432 1640 1560 1679 hisce
1591 1639 1753 1679 diebus
1782 1639 1841 1679 ad

390 1710 404 1729 ‘²
421 1717 681 1762 susceptus,
705 1710 813 1750 1).ῃιηι
838 1711 1087 1751 Comitissa
1119 1711 1496 1750 Hoechstratana
1520 1722 1626 1750 cum
1647 1709 1835 1761 reliquis

214 1782 347 1821 aulae
370 1793 515 1833 vsque
537 1782 595 1822 ad
617 1781 669 1821 40
690 1788 768 1822 aut
783 1782 836 1821 50
856 1793 1082 1833 personas
1104 1782 1346 1833 Vtriusque
1377 1793 1517 1821 sexus
1547 1784 1613 1829 (vt
1634 1781 1748 1821 mihi
1771 1792 1841 1820 re-

211 1854 430 1903 tulerunt)
463 1855 621 1903 aulae,
658 1853 835 1893 scilicet
867 1853 1134 1904 superiores
1171 1865 1331 1893 omnes
1366 1853 1591 1902 ciuitatis,
1638 1863 1835 1903 quorum

211 1924 452 1975 praecipui
473 1925 585 1964 mihi
608 1924 809 1964 confessi
830 1932 952 1974 sunt,
976 1926 1223 1975 pluresque
1240 1924 1450 1973 fuissent,
1481 1924 1519 1964 si
1540 1936 1634 1963 non
1664 1929 1790 1964 totus
1812 1935 1837 1962 a

209 1996 381 2046 populo
404 1995 594 2034 obrutus
616 1995 820 2035 fuissem.
844 1994 1002 2046 Aliqui
1023 1995 1142 2034 hanc
1175 1995 1234 2034 ob
1256 2006 1447 2034 causam
1469 2006 1616 2045 vsque
1641 1994 1687 2034 in
1709 1994 1830 2033 diem

211 2065 256 2105 S.
277 2064 500 2117 Stephani
522 2072 844 2117 expectarunt;
867 2077 1031 2106 verum
1053 2065 1191 2105 aulici
1212 2065 1288 2105 isti
1304 2072 1401 2105 tam
1418 2065 1508 2105 Viri
1531 2076 1670 2116 quam
1691 2065 1839 2104 dami-

210 2136 368 2184 cellae,
397 2144 588 2188 propter
608 2144 807 2177 mortem
835 2137 982 2176 [limae
1016 2136 1142 2176 DJffle
1169 2142 1357 2176 nostrae
1386 2136 1678 2186 Comitissae‚
1717 2147 1838 2186 quae

210 2208 412 2258 amplam
434 2208 555 2248 hanc
577 2209 731 2248 aulam
752 2208 826 2247 hic
848 2208 1052 2257 fouebat,
1084 2207 1143 2247 ad
1170 2207 1382 2246 diuersas
1410 2207 1546 2247 huius
1568 2207 1759 2257 patriae
1777 2206 1836 2246 ci-

209 2279 377 2318 uitates
413 2280 768 2330 separabuntur.
807 2278 943 2318 Vnde
974 2290 1216 2329 speramus
1247 2278 1419 2317 bonum
1453 2277 1528 2317 hic
1559 2283 1837 2328 conceptum

210 2348 399 2388 odorem
435 2349 545 2388 alsss
573 2360 753 2400 quoque
777 2349 826 2388 in
851 2349 967 2388 locis
988 2349 1211 2399 fructum
1234 2348 1282 2387 l'll
1314 2348 1516 2387 Domino
1555 2347 1833 2388 allaturum.

212 2418 284 2458 Ad
318 2419 434 2459 haec
469 2432 651 2471 quoque
689 2420 801 2459 facit
838 2422 991 2459 cultus
1023 2419 1316 2459 Venerabilis
1347 2418 1661 2466 Sacramenti,
1700 2429 1838 2470 quem

210 2490 515 2540 incoepimus,
544 2498 594 2530 vt
615 2502 742 2530 more
766 2489 1122 2540 louaniensium,
1153 2490 1350 2540 singulis
1379 2489 1625 2531 dominicis
1653 2489 1830 2537 diebus,

208 2560 254 2600 in
285 2572 422 2600 Vsum
460 2562 905 2601 communicantium
941 2561 1204 2611 expositum
1239 2566 1453 2600 servetur
1488 2571 1627 2610 super
1664 2561 1826 2606 altare,

211 2631 377 2671 debiles
398 2632 716 2683 luminaribus,
741 2639 785 2672 et
802 2633 1018 2683 pretiosis
1039 2631 1325 2671 ornamentis
1342 2631 1389 2671 in
1407 2642 1630 2681 magnum
1646 2631 1834 2681 applau-

264 2815 272 2834 ¹
315 2814 457 2844 Scilicm,
472 2819 602 2848 parum
620 2816 761 2848 quidem
778 2816 839 2842 hoc
855 2817 945 2842 esset
963 2816 998 2841 in
1014 2815 1158 2842 civitate
1174 2814 1335 2841 Lovmzzi.

260 2863 273 2881 ‘2
311 2862 525 2889 Vocabulum
550 2863 717 2896 quoddam
739 2867 789 2889 est
805 2863 870 2890 hic.
893 2862 979 2897 quod
1002 2863 1114 2895 legere
1139 2869 1203 2888 non
1226 2862 1392 2888 valemus.
1408 2861 1469 2888 Est
1490 2866 1605 2888 autem
1626 2862 1734 2888 simile
1758 2862 1834 2888 huic

209 2909 419 2936 Dmmmnm
450 2918 524 2936 cum
552 2910 822 2937 abbreviationis
842 2918 899 2936 seu
921 2910 1165 2936 contractionis
1192 2910 1287 2942 signo
1304 2916 1454 2943 *supra
1481 2909 1625 2943 primum
1654 2916 1685 2934 m
1714 2907 1834 2942 posito.

209 2958 304 2991 quasi
320 2958 468 2984 scribere
495 2958 659 2984 voluisset
687 2957 817 2984 Hezeus
833 2957 914 2989 L'm,
936 2958 1022 2991 quod
1046 2962 1134 2984 essct
1164 2956 1277 2983 Deum
1300 2962 1359 2984 aut
1375 2956 1580 2989 Dominum,
1607 2962 1649 2989 et,
1677 2956 1781 2989 priori
1800 2963 1833 2982 m

208 3012 271 3031 non
289 3005 479 3038 immutato,
492 3006 695 3032 vocabulum
713 3004 904 3031 Dominum
920 3005 1130 3039 perfecisset.
