<?xml version="1.0" encoding="UTF-8"?>
<!DOCTYPE html PUBLIC "-//W3C//DTD XHTML 1.0 Transitional//EN"
    "http://www.w3.org/TR/xhtml1/DTD/xhtml1-transitional.dtd">
<html xmlns="http://www.w3.org/1999/xhtml" xml:lang="en" lang="en">
 <head>
  <title>
</title>
<meta http-equiv="Content-Type" content="text/html;charset=utf-8" />
  <meta name='ocr-system' content='tesseract 3.04.00' />
  <meta name='ocr-capabilities' content='ocr_page ocr_carea ocr_par ocr_line ocrx_word'/>
</head>
<body>
  <div class='ocr_page' id='page_1' title='image "./litteraequadrime16lain_0568.png"; bbox 0 0 2020 3342; ppageno 0'>
   <div class='ocr_carea' id='block_1_1' title="bbox 294 207 1407 252">
    <p class='ocr_par' dir='ltr' id='par_1_1' title="bbox 294 207 1407 252">
     <span class='ocr_line' id='line_1_1' title="bbox 294 207 1407 252; baseline 0.001 -6"><span class='ocrx_word' id='word_1_1' title='bbox 294 207 362 247; x_wconf 53' lang='lat'>5⁶2</span> <span class='ocrx_word' id='word_1_2' title='bbox 546 244 549 245; x_wconf 19' lang='lat'><em>⁷</em></span> <span class='ocrx_word' id='word_1_3' title='bbox 798 208 1023 246; x_wconf 80' lang='lat' dir='ltr'><strong>LITTERAE</strong></span> <span class='ocrx_word' id='word_1_4' title='bbox 1050 218 1407 252; x_wconf 79' lang='lat' dir='ltr'>QUADRiMEsrREs</span> 
     </span>
    </p>
   </div>
   <div class='ocr_carea' id='block_1_2' title="bbox 283 305 1916 3059">
    <p class='ocr_par' dir='ltr' id='par_1_2' title="bbox 295 305 1914 429">
     <span class='ocr_line' id='line_1_2' title="bbox 295 305 1914 361; baseline 0.001 -14"><span class='ocrx_word' id='word_1_5' title='bbox 295 307 529 347; x_wconf 84' lang='lat' dir='ltr'>orationes</span> <span class='ocrx_word' id='word_1_6' title='bbox 549 318 673 357; x_wconf 88' lang='lat' dir='ltr'>suas,</span> <span class='ocrx_word' id='word_1_7' title='bbox 698 317 813 357; x_wconf 88' lang='lat' dir='ltr'>quas</span> <span class='ocrx_word' id='word_1_8' title='bbox 844 305 968 345; x_wconf 90' lang='lat' dir='ltr'>docti</span> <span class='ocrx_word' id='word_1_9' title='bbox 999 311 1105 345; x_wconf 91' lang='lat' dir='ltr'>sunt</span> <span class='ocrx_word' id='word_1_10' title='bbox 1139 317 1164 345; x_wconf 91' lang='lat' dir='ltr'>a</span> <span class='ocrx_word' id='word_1_11' title='bbox 1194 306 1483 358; x_wconf 86' lang='lat' dir='ltr'>presbyteris</span> <span class='ocrx_word' id='word_1_12' title='bbox 1511 307 1762 348; x_wconf 84' lang='lat' dir='ltr'>Societatis</span> <span class='ocrx_word' id='word_1_13' title='bbox 1787 307 1914 361; x_wconf 88' lang='lat' dir='ltr'>Jesu,</span> 
     </span>
     <span class='ocr_line' id='line_1_3' title="bbox 295 376 972 429; baseline -0.004 -12"><span class='ocrx_word' id='word_1_14' title='bbox 295 384 338 417; x_wconf 89' lang='lat' dir='ltr'>et</span> <span class='ocrx_word' id='word_1_15' title='bbox 361 378 545 429; x_wconf 91' lang='lat' dir='ltr'>quando</span> <span class='ocrx_word' id='word_1_16' title='bbox 568 377 758 416; x_wconf 88' lang='lat' dir='ltr'>audiunt</span> <span class='ocrx_word' id='word_1_17' title='bbox 779 376 972 426; x_wconf 78' lang='lat' dir='ltr'>sacra?„</span> 
     </span>
    </p>

    <p class='ocr_par' dir='ltr' id='par_1_3' title="bbox 286 446 1916 1850">
     <span class='ocr_line' id='line_1_4' title="bbox 372 446 1914 500; baseline 0.001 -12"><span class='ocrx_word' id='word_1_18' title='bbox 372 448 488 488; x_wconf 84' lang='lat' dir='ltr'>Fere</span> <span class='ocrx_word' id='word_1_19' title='bbox 511 459 670 487; x_wconf 88' lang='lat' dir='ltr'>omnes</span> <span class='ocrx_word' id='word_1_20' title='bbox 691 447 736 497; x_wconf 89' lang='lat' dir='ltr'>ii,</span> <span class='ocrx_word' id='word_1_21' title='bbox 761 458 903 498; x_wconf 90' lang='lat' dir='ltr'>quum</span> <span class='ocrx_word' id='word_1_22' title='bbox 924 446 1185 498; x_wconf 82' lang='lat' dir='ltr'>spiritualia</span> <span class='ocrx_word' id='word_1_23' title='bbox 1207 447 1431 488; x_wconf 82' lang='lat' dir='ltr'>exercitia</span> <span class='ocrx_word' id='word_1_24' title='bbox 1458 448 1635 500; x_wconf 83' lang='lat' dir='ltr'>primae</span> <span class='ocrx_word' id='word_1_25' title='bbox 1667 449 1914 490; x_wconf 86' lang='lat' dir='ltr'>hebdoma-</span> 
     </span>
     <span class='ocr_line' id='line_1_5' title="bbox 296 518 1914 570; baseline 0.001 -12"><span class='ocrx_word' id='word_1_26' title='bbox 296 519 379 558; x_wconf 92' lang='lat' dir='ltr'>dae</span> <span class='ocrx_word' id='word_1_27' title='bbox 401 518 680 570; x_wconf 77' lang='lat' dir='ltr'>peregerint,</span> <span class='ocrx_word' id='word_1_28' title='bbox 703 518 1088 568; x_wconf 88' lang='lat' dir='ltr'>gustauerintque</span> <span class='ocrx_word' id='word_1_29' title='bbox 1117 518 1396 568; x_wconf 88' lang='lat' dir='ltr'>orationum,</span> <span class='ocrx_word' id='word_1_30' title='bbox 1426 519 1680 560; x_wconf 90' lang='lat' dir='ltr'>lectionum</span> <span class='ocrx_word' id='word_1_31' title='bbox 1709 527 1753 561; x_wconf 90' lang='lat' dir='ltr'>et</span> <span class='ocrx_word' id='word_1_32' title='bbox 1779 520 1914 560; x_wconf 90' lang='lat' dir='ltr'>collo-</span> 
     </span>
     <span class='ocr_line' id='line_1_6' title="bbox 296 588 1914 641; baseline 0.001 -12"><span class='ocrx_word' id='word_1_33' title='bbox 296 590 506 641; x_wconf 89' lang='lat' dir='ltr'>quiorum</span> <span class='ocrx_word' id='word_1_34' title='bbox 527 588 834 639; x_wconf 82' lang='lat' dir='ltr'>spiritualium</span> <span class='ocrx_word' id='word_1_35' title='bbox 859 588 1164 638; x_wconf 85' lang='lat' dir='ltr'>dulcedinem,</span> <span class='ocrx_word' id='word_1_36' title='bbox 1197 600 1254 628; x_wconf 90' lang='lat' dir='ltr'>ne</span> <span class='ocrx_word' id='word_1_37' title='bbox 1281 588 1436 629; x_wconf 91' lang='lat' dir='ltr'>sinant</span> <span class='ocrx_word' id='word_1_38' title='bbox 1462 591 1651 631; x_wconf 88' lang='lat' dir='ltr'>omnino</span> <span class='ocrx_word' id='word_1_39' title='bbox 1682 602 1731 631; x_wconf 90' lang='lat' dir='ltr'>se</span> <span class='ocrx_word' id='word_1_40' title='bbox 1752 590 1914 631; x_wconf 90' lang='lat' dir='ltr'>eadem</span> 
     </span>
     <span class='ocr_line' id='line_1_7' title="bbox 296 658 1916 712; baseline 0.001 -12"><span class='ocrx_word' id='word_1_41' title='bbox 296 660 536 700; x_wconf 76' lang='lat' dir='ltr'>dulcedine</span> <span class='ocrx_word' id='word_1_42' title='bbox 556 658 749 710; x_wconf 85' lang='lat' dir='ltr'>priuari,</span> <span class='ocrx_word' id='word_1_43' title='bbox 772 660 941 698; x_wconf 89' lang='lat' dir='ltr'>multas</span> <span class='ocrx_word' id='word_1_44' title='bbox 962 658 1008 698; x_wconf 88' lang='lat' dir='ltr'>in</span> <span class='ocrx_word' id='word_1_45' title='bbox 1036 665 1194 709; x_wconf 90' lang='lat' dir='ltr'>partes</span> <span class='ocrx_word' id='word_1_46' title='bbox 1223 670 1325 699; x_wconf 92' lang='lat' dir='ltr'>sese</span> <span class='ocrx_word' id='word_1_47' title='bbox 1356 660 1682 712; x_wconf 83' lang='lat' dir='ltr'>distinxerunt,</span> <span class='ocrx_word' id='word_1_48' title='bbox 1714 673 1768 701; x_wconf 90' lang='lat' dir='ltr'>ac</span> <span class='ocrx_word' id='word_1_49' title='bbox 1795 661 1916 702; x_wconf 91' lang='lat' dir='ltr'>inter</span> 
     </span>
     <span class='ocr_line' id='line_1_8' title="bbox 295 729 1913 784; baseline 0.002 -14"><span class='ocrx_word' id='word_1_50' title='bbox 295 743 343 770; x_wconf 88' lang='lat' dir='ltr'>se</span> <span class='ocrx_word' id='word_1_51' title='bbox 366 731 592 781; x_wconf 82' lang='lat' dir='ltr'>quosdam</span> <span class='ocrx_word' id='word_1_52' title='bbox 619 730 665 769; x_wconf 90' lang='lat' dir='ltr'>in</span> <span class='ocrx_word' id='word_1_53' title='bbox 693 729 1013 781; x_wconf 78' lang='lat' dir='ltr'>spiritualibus</span> <span class='ocrx_word' id='word_1_54' title='bbox 1044 730 1183 769; x_wconf 91' lang='lat' dir='ltr'>rebus</span> <span class='ocrx_word' id='word_1_55' title='bbox 1209 730 1361 780; x_wconf 86' lang='lat' dir='ltr'>magis</span> <span class='ocrx_word' id='word_1_56' title='bbox 1389 738 1606 772; x_wconf 88' lang='lat' dir='ltr'>versatos</span> <span class='ocrx_word' id='word_1_57' title='bbox 1633 733 1913 784; x_wconf 84' lang='lat' dir='ltr'>selegerunt,</span> 
     </span>
     <span class='ocr_line' id='line_1_9' title="bbox 294 800 1916 854; baseline 0.001 -13"><span class='ocrx_word' id='word_1_58' title='bbox 294 808 344 841; x_wconf 79' lang='lat' dir='ltr'>vt</span> <span class='ocrx_word' id='word_1_59' title='bbox 366 803 531 841; x_wconf 88' lang='lat' dir='ltr'>horum</span> <span class='ocrx_word' id='word_1_60' title='bbox 553 801 746 852; x_wconf 88' lang='lat' dir='ltr'>quisque</span> <span class='ocrx_word' id='word_1_61' title='bbox 767 812 929 840; x_wconf 89' lang='lat' dir='ltr'>curam</span> <span class='ocrx_word' id='word_1_62' title='bbox 950 807 1108 851; x_wconf 85' lang='lat' dir='ltr'>gerat,</span> <span class='ocrx_word' id='word_1_63' title='bbox 1132 800 1321 851; x_wconf 88' lang='lat' dir='ltr'>quidam</span> <span class='ocrx_word' id='word_1_64' title='bbox 1350 801 1405 841; x_wconf 91' lang='lat' dir='ltr'>de</span> <span class='ocrx_word' id='word_1_65' title='bbox 1433 809 1558 850; x_wconf 80' lang='lat' dir='ltr'>octo,</span> <span class='ocrx_word' id='word_1_66' title='bbox 1588 803 1730 854; x_wconf 88' lang='lat' dir='ltr'>aliqui</span> <span class='ocrx_word' id='word_1_67' title='bbox 1756 804 1812 843; x_wconf 89' lang='lat' dir='ltr'>de</span> <span class='ocrx_word' id='word_1_68' title='bbox 1841 803 1916 843; x_wconf 89' lang='lat' dir='ltr'>de-</span> 
     </span>
     <span class='ocr_line' id='line_1_10' title="bbox 295 871 1916 923; baseline 0.001 -11"><span class='ocrx_word' id='word_1_69' title='bbox 295 884 408 922; x_wconf 79' lang='lat' dir='ltr'>ceni,</span> <span class='ocrx_word' id='word_1_70' title='bbox 442 883 649 923; x_wconf 86' lang='lat' dir='ltr'>quosque</span> <span class='ocrx_word' id='word_1_71' title='bbox 677 871 735 911; x_wconf 91' lang='lat' dir='ltr'>ad</span> <span class='ocrx_word' id='word_1_72' title='bbox 764 871 951 922; x_wconf 84' lang='lat' dir='ltr'>aliquod</span> <span class='ocrx_word' id='word_1_73' title='bbox 978 873 1200 921; x_wconf 85' lang='lat' dir='ltr'>templum</span> <span class='ocrx_word' id='word_1_74' title='bbox 1222 871 1381 911; x_wconf 88' lang='lat' dir='ltr'>ducat:</span> <span class='ocrx_word' id='word_1_75' title='bbox 1412 872 1566 923; x_wconf 88' lang='lat' dir='ltr'>ibique</span> <span class='ocrx_word' id='word_1_76' title='bbox 1598 873 1711 913; x_wconf 57' lang='grc' dir='ltr'>Β.ῖὲιε</span> <span class='ocrx_word' id='word_1_77' title='bbox 1740 873 1916 914; x_wconf 87' lang='lat' dir='ltr'>Mariae</span> 
     </span>
     <span class='ocr_line' id='line_1_11' title="bbox 296 941 1915 996; baseline 0.002 -14"><span class='ocrx_word' id='word_1_78' title='bbox 296 942 518 993; x_wconf 81' lang='lat' dir='ltr'>Virginis,</span> <span class='ocrx_word' id='word_1_79' title='bbox 538 954 685 993; x_wconf 83' lang='lat' dir='ltr'>vsque</span> <span class='ocrx_word' id='word_1_80' title='bbox 703 941 761 981; x_wconf 90' lang='lat' dir='ltr'>ad</span> <span class='ocrx_word' id='word_1_81' title='bbox 779 953 965 992; x_wconf 90' lang='lat' dir='ltr'>nonam,</span> <span class='ocrx_word' id='word_1_82' title='bbox 985 948 1221 992; x_wconf 88' lang='lat' dir='ltr'>antequan</span> <span class='ocrx_word' id='word_1_83' title='bbox 1243 942 1444 982; x_wconf 86' lang='lat' dir='ltr'>confessi</span> <span class='ocrx_word' id='word_1_84' title='bbox 1461 944 1567 994; x_wconf 91' lang='lat' dir='ltr'>sint,</span> <span class='ocrx_word' id='word_1_85' title='bbox 1586 944 1801 985; x_wconf 86' lang='lat' dir='ltr'>horarias</span> <span class='ocrx_word' id='word_1_86' title='bbox 1816 956 1915 996; x_wconf 91' lang='lat' dir='ltr'>pre-</span> 
     </span>
     <span class='ocr_line' id='line_1_12' title="bbox 293 1012 1914 1067; baseline 0.002 -14"><span class='ocrx_word' id='word_1_87' title='bbox 293 1025 369 1053; x_wconf 91' lang='lat' dir='ltr'>ces</span> <span class='ocrx_word' id='word_1_88' title='bbox 385 1013 585 1053; x_wconf 89' lang='lat' dir='ltr'>recitant</span> <span class='ocrx_word' id='word_1_89' title='bbox 602 1013 753 1052; x_wconf 89' lang='lat' dir='ltr'>simul.</span> <span class='ocrx_word' id='word_1_90' title='bbox 773 1012 953 1052; x_wconf 85' lang='lat' dir='ltr'>Deinde</span> <span class='ocrx_word' id='word_1_91' title='bbox 972 1012 1251 1052; x_wconf 88' lang='lat' dir='ltr'>confitentur</span> <span class='ocrx_word' id='word_1_92' title='bbox 1268 1020 1311 1053; x_wconf 92' lang='lat' dir='ltr'>et</span> <span class='ocrx_word' id='word_1_93' title='bbox 1329 1025 1516 1054; x_wconf 88' lang='lat' dir='ltr'>sacram</span> <span class='ocrx_word' id='word_1_94' title='bbox 1534 1015 1792 1067; x_wconf 90' lang='lat' dir='ltr'>suscipiunt</span> <span class='ocrx_word' id='word_1_95' title='bbox 1810 1027 1914 1067; x_wconf 87' lang='lat' dir='ltr'>syn-</span> 
     </span>
     <span class='ocr_line' id='line_1_13' title="bbox 292 1083 1914 1136; baseline 0.002 -12"><span class='ocrx_word' id='word_1_96' title='bbox 292 1085 438 1136; x_wconf 80' lang='lat' dir='ltr'>axim,</span> <span class='ocrx_word' id='word_1_97' title='bbox 477 1085 661 1135; x_wconf 87' lang='lat' dir='ltr'>singulo</span> <span class='ocrx_word' id='word_1_98' title='bbox 696 1095 877 1135; x_wconf 87' lang='lat' dir='ltr'>quoque</span> <span class='ocrx_word' id='word_1_99' title='bbox 913 1084 985 1123; x_wconf 89' lang='lat' dir='ltr'>die</span> <span class='ocrx_word' id='word_1_100' title='bbox 1021 1083 1251 1123; x_wconf 88' lang='lat' dir='ltr'>dominico</span> <span class='ocrx_word' id='word_1_101' title='bbox 1284 1090 1328 1124; x_wconf 91' lang='lat' dir='ltr'>et</span> <span class='ocrx_word' id='word_1_102' title='bbox 1361 1083 1496 1125; x_wconf 87' lang='lat' dir='ltr'>festo.</span> <span class='ocrx_word' id='word_1_103' title='bbox 1535 1085 1670 1136; x_wconf 86' lang='lat' dir='ltr'>Quod</span> <span class='ocrx_word' id='word_1_104' title='bbox 1703 1099 1818 1132; x_wconf 81' lang='lat' dir='ltr'>vero</span> <span class='ocrx_word' id='word_1_105' title='bbox 1849 1088 1914 1128; x_wconf 90' lang='lat' dir='ltr'>eis</span> 
     </span>
     <span class='ocr_line' id='line_1_14' title="bbox 292 1155 1913 1210; baseline 0.001 -14"><span class='ocrx_word' id='word_1_106' title='bbox 292 1158 517 1196; x_wconf 66' lang='lat' dir='ltr'>festorum</span> <span class='ocrx_word' id='word_1_107' title='bbox 538 1162 750 1207; x_wconf 84' lang='lat' dir='ltr'>superest</span> <span class='ocrx_word' id='word_1_108' title='bbox 773 1155 967 1205; x_wconf 90' lang='lat' dir='ltr'>dierum,</span> <span class='ocrx_word' id='word_1_109' title='bbox 991 1155 1202 1195; x_wconf 90' lang='lat' dir='ltr'>recitatis</span> <span class='ocrx_word' id='word_1_110' title='bbox 1224 1156 1527 1206; x_wconf 87' lang='lat' dir='ltr'>completorio</span> <span class='ocrx_word' id='word_1_111' title='bbox 1549 1164 1592 1197; x_wconf 91' lang='lat' dir='ltr'>et</span> <span class='ocrx_word' id='word_1_112' title='bbox 1613 1164 1790 1209; x_wconf 88' lang='lat' dir='ltr'>septem</span> <span class='ocrx_word' id='word_1_113' title='bbox 1809 1170 1913 1210; x_wconf 90' lang='lat' dir='ltr'>poe-</span> 
     </span>
     <span class='ocr_line' id='line_1_15' title="bbox 293 1226 1914 1280; baseline 0.002 -13"><span class='ocrx_word' id='word_1_114' title='bbox 293 1227 608 1267; x_wconf 88' lang='lat' dir='ltr'>nitentialibus</span> <span class='ocrx_word' id='word_1_115' title='bbox 629 1226 835 1278; x_wconf 90' lang='lat' dir='ltr'>psalmis,</span> <span class='ocrx_word' id='word_1_116' title='bbox 860 1232 1034 1266; x_wconf 83' lang='lat' dir='ltr'>vacant</span> <span class='ocrx_word' id='word_1_117' title='bbox 1056 1226 1331 1266; x_wconf 89' lang='lat' dir='ltr'>lectionibus</span> <span class='ocrx_word' id='word_1_118' title='bbox 1353 1226 1614 1279; x_wconf 88' lang='lat' dir='ltr'>diuinisque</span> <span class='ocrx_word' id='word_1_119' title='bbox 1635 1230 1850 1280; x_wconf 88' lang='lat' dir='ltr'>eloquiis:</span> <span class='ocrx_word' id='word_1_120' title='bbox 1870 1236 1914 1270; x_wconf 93' lang='lat' dir='ltr'>et</span> 
     </span>
     <span class='ocr_line' id='line_1_16' title="bbox 292 1297 1913 1351; baseline 0.002 -13"><span class='ocrx_word' id='word_1_121' title='bbox 292 1299 388 1338; x_wconf 88' lang='lat' dir='ltr'>suis</span> <span class='ocrx_word' id='word_1_122' title='bbox 424 1298 667 1350; x_wconf 89' lang='lat' dir='ltr'>colloquiis</span> <span class='ocrx_word' id='word_1_123' title='bbox 695 1304 762 1338; x_wconf 90' lang='lat' dir='ltr'>tot</span> <span class='ocrx_word' id='word_1_124' title='bbox 797 1297 1009 1337; x_wconf 89' lang='lat' dir='ltr'>homines</span> <span class='ocrx_word' id='word_1_125' title='bbox 1043 1303 1323 1337; x_wconf 88' lang='lat' dir='ltr'>conuertunt</span> <span class='ocrx_word' id='word_1_126' title='bbox 1358 1299 1714 1351; x_wconf 88' lang='lat' dir='ltr'>conducuntque</span> <span class='ocrx_word' id='word_1_127' title='bbox 1748 1301 1807 1341; x_wconf 89' lang='lat' dir='ltr'>ad</span> <span class='ocrx_word' id='word_1_128' title='bbox 1835 1312 1913 1341; x_wconf 92' lang='lat' dir='ltr'>no-</span> 
     </span>
     <span class='ocr_line' id='line_1_17' title="bbox 291 1368 1914 1420; baseline 0.002 -10"><span class='ocrx_word' id='word_1_129' title='bbox 291 1378 438 1410; x_wconf 86' lang='lat' dir='ltr'>stram</span> <span class='ocrx_word' id='word_1_130' title='bbox 459 1370 707 1410; x_wconf 86' lang='lat' dir='ltr'>ecclesiam</span> <span class='ocrx_word' id='word_1_131' title='bbox 730 1369 788 1409; x_wconf 82' lang='lat' dir='ltr'>ad</span> <span class='ocrx_word' id='word_1_132' title='bbox 809 1368 1137 1420; x_wconf 86' lang='lat' dir='ltr'>confitendum,</span> <span class='ocrx_word' id='word_1_133' title='bbox 1164 1374 1211 1408; x_wconf 87' lang='lat' dir='ltr'>vt</span> <span class='ocrx_word' id='word_1_134' title='bbox 1232 1376 1380 1409; x_wconf 90' lang='lat' dir='ltr'>totum</span> <span class='ocrx_word' id='word_1_135' title='bbox 1401 1382 1473 1410; x_wconf 90' lang='lat' dir='ltr'>me</span> <span class='ocrx_word' id='word_1_136' title='bbox 1501 1377 1828 1412; x_wconf 81' lang='lat' dir='ltr'>commoneant</span> <span class='ocrx_word' id='word_1_137' title='bbox 1855 1372 1914 1413; x_wconf 89' lang='lat' dir='ltr'>ad</span> 
     </span>
     <span class='ocr_line' id='line_1_18' title="bbox 288 1440 1912 1493; baseline 0.002 -12"><span class='ocrx_word' id='word_1_138' title='bbox 288 1453 510 1492; x_wconf 87' lang='lat' dir='ltr'>magnam</span> <span class='ocrx_word' id='word_1_139' title='bbox 539 1441 938 1492; x_wconf 87' lang='lat' dir='ltr'>compassionem,</span> <span class='ocrx_word' id='word_1_140' title='bbox 977 1451 1118 1491; x_wconf 88' lang='lat' dir='ltr'>quum</span> <span class='ocrx_word' id='word_1_141' title='bbox 1152 1440 1339 1481; x_wconf 87' lang='lat' dir='ltr'>videam</span> <span class='ocrx_word' id='word_1_142' title='bbox 1368 1442 1471 1481; x_wconf 91' lang='lat' dir='ltr'>illos</span> <span class='ocrx_word' id='word_1_143' title='bbox 1498 1453 1672 1493; x_wconf 87' lang='lat' dir='ltr'>magno</span> <span class='ocrx_word' id='word_1_144' title='bbox 1704 1455 1810 1483; x_wconf 86' lang='lat' dir='ltr'>cum</span> <span class='ocrx_word' id='word_1_145' title='bbox 1837 1443 1912 1484; x_wconf 90' lang='lat' dir='ltr'>do-</span> 
     </span>
     <span class='ocr_line' id='line_1_19' title="bbox 289 1511 1912 1563; baseline 0.001 -11"><span class='ocrx_word' id='word_1_146' title='bbox 289 1515 384 1553; x_wconf 92' lang='lat' dir='ltr'>lore</span> <span class='ocrx_word' id='word_1_147' title='bbox 411 1512 630 1552; x_wconf 85' lang='lat' dir='ltr'>recedere</span> <span class='ocrx_word' id='word_1_148' title='bbox 663 1523 754 1551; x_wconf 89' lang='lat' dir='ltr'>non</span> <span class='ocrx_word' id='word_1_149' title='bbox 787 1512 994 1551; x_wconf 80' lang='lat' dir='ltr'>valentes</span> <span class='ocrx_word' id='word_1_150' title='bbox 1023 1511 1249 1562; x_wconf 86' lang='lat' dir='ltr'>confiteri,</span> <span class='ocrx_word' id='word_1_151' title='bbox 1279 1523 1427 1563; x_wconf 88' lang='lat' dir='ltr'>neque</span> <span class='ocrx_word' id='word_1_152' title='bbox 1456 1513 1810 1554; x_wconf 87' lang='lat' dir='ltr'>instructionem</span> <span class='ocrx_word' id='word_1_153' title='bbox 1833 1515 1912 1554; x_wconf 90' lang='lat' dir='ltr'>ali-</span> 
     </span>
     <span class='ocr_line' id='line_1_20' title="bbox 290 1582 1910 1637; baseline 0.001 -13"><span class='ocrx_word' id='word_1_154' title='bbox 290 1596 428 1635; x_wconf 88' lang='lat' dir='ltr'>quam</span> <span class='ocrx_word' id='word_1_155' title='bbox 450 1591 529 1624; x_wconf 87' lang='lat' dir='ltr'>aut</span> <span class='ocrx_word' id='word_1_156' title='bbox 560 1584 726 1623; x_wconf 88' lang='lat' dir='ltr'>orandi</span> <span class='ocrx_word' id='word_1_157' title='bbox 758 1583 947 1623; x_wconf 90' lang='lat' dir='ltr'>modum</span> <span class='ocrx_word' id='word_1_158' title='bbox 977 1582 1352 1634; x_wconf 83' lang='lat' dir='ltr'>generaliterque</span> <span class='ocrx_word' id='word_1_159' title='bbox 1381 1584 1632 1624; x_wconf 87' lang='lat' dir='ltr'>confitendi</span> <span class='ocrx_word' id='word_1_160' title='bbox 1658 1585 1910 1637; x_wconf 85' lang='lat' dir='ltr'>suscipere,</span> 
     </span>
     <span class='ocr_line' id='line_1_21' title="bbox 290 1654 1912 1707; baseline 0.001 -12"><span class='ocrx_word' id='word_1_161' title='bbox 290 1662 337 1695; x_wconf 87' lang='lat' dir='ltr'>vt</span> <span class='ocrx_word' id='word_1_162' title='bbox 360 1656 649 1695; x_wconf 89' lang='lat' dir='ltr'>desiderant:</span> <span class='ocrx_word' id='word_1_163' title='bbox 676 1661 720 1694; x_wconf 90' lang='lat' dir='ltr'>et</span> <span class='ocrx_word' id='word_1_164' title='bbox 741 1666 795 1694; x_wconf 92' lang='lat' dir='ltr'>eo</span> <span class='ocrx_word' id='word_1_165' title='bbox 816 1654 969 1705; x_wconf 90' lang='lat' dir='ltr'>magis</span> <span class='ocrx_word' id='word_1_166' title='bbox 990 1665 1063 1694; x_wconf 88' lang='lat' dir='ltr'>me</span> <span class='ocrx_word' id='word_1_167' title='bbox 1091 1660 1296 1704; x_wconf 88' lang='lat' dir='ltr'>mouent,</span> <span class='ocrx_word' id='word_1_168' title='bbox 1327 1666 1417 1705; x_wconf 94' lang='lat' dir='ltr'>quo</span> <span class='ocrx_word' id='word_1_169' title='bbox 1446 1667 1604 1695; x_wconf 88' lang='lat' dir='ltr'>eorum</span> <span class='ocrx_word' id='word_1_170' title='bbox 1632 1667 1718 1707; x_wconf 93' lang='lat' dir='ltr'>pro</span> <span class='ocrx_word' id='word_1_171' title='bbox 1747 1656 1912 1697; x_wconf 90' lang='lat' dir='ltr'>maiori</span> 
     </span>
     <span class='ocr_line' id='line_1_22' title="bbox 286 1725 1910 1779; baseline 0.001 -12"><span class='ocrx_word' id='word_1_172' title='bbox 286 1734 419 1778; x_wconf 87' lang='lat' dir='ltr'>parte</span> <span class='ocrx_word' id='word_1_173' title='bbox 441 1738 582 1778; x_wconf 91' lang='lat' dir='ltr'>quum</span> <span class='ocrx_word' id='word_1_174' title='bbox 603 1726 696 1766; x_wconf 90' lang='lat' dir='ltr'>sint</span> <span class='ocrx_word' id='word_1_175' title='bbox 716 1737 963 1777; x_wconf 86' lang='lat' dir='ltr'>pauperes,</span> <span class='ocrx_word' id='word_1_176' title='bbox 988 1725 1205 1777; x_wconf 83' lang='lat' dir='ltr'>profestis</span> <span class='ocrx_word' id='word_1_177' title='bbox 1231 1725 1393 1765; x_wconf 88' lang='lat' dir='ltr'>diebus</span> <span class='ocrx_word' id='word_1_178' title='bbox 1419 1727 1635 1778; x_wconf 90' lang='lat' dir='ltr'>supplere</span> <span class='ocrx_word' id='word_1_179' title='bbox 1662 1734 1910 1779; x_wconf 89' lang='lat' dir='ltr'>nequeunt;</span> 
     </span>
     <span class='ocr_line' id='line_1_23' title="bbox 288 1797 1227 1850; baseline -0.002 -12"><span class='ocrx_word' id='word_1_180' title='bbox 288 1804 473 1850; x_wconf 86' lang='lat' dir='ltr'>oportet</span> <span class='ocrx_word' id='word_1_181' title='bbox 495 1798 618 1838; x_wconf 92' lang='lat' dir='ltr'>enim</span> <span class='ocrx_word' id='word_1_182' title='bbox 639 1809 719 1837; x_wconf 92' lang='lat' dir='ltr'>eos</span> <span class='ocrx_word' id='word_1_183' title='bbox 741 1798 956 1838; x_wconf 88' lang='lat' dir='ltr'>laborare</span> <span class='ocrx_word' id='word_1_184' title='bbox 977 1803 1028 1837; x_wconf 89' lang='lat' dir='ltr'>vt</span> <span class='ocrx_word' id='word_1_185' title='bbox 1050 1797 1227 1837; x_wconf 70' lang='lat' dir='ltr'>vitiant.</span> 
     </span>
    </p>

    <p class='ocr_par' dir='ltr' id='par_1_4' title="bbox 283 1869 1911 2630">
     <span class='ocr_line' id='line_1_24' title="bbox 368 1869 1911 1922; baseline 0.001 -13"><span class='ocrx_word' id='word_1_186' title='bbox 368 1870 519 1921; x_wconf 81' lang='lat' dir='ltr'>Quum</span> <span class='ocrx_word' id='word_1_187' title='bbox 542 1875 719 1921; x_wconf 90' lang='lat' dir='ltr'>septem</span> <span class='ocrx_word' id='word_1_188' title='bbox 739 1869 947 1920; x_wconf 87' lang='lat' dir='ltr'>psalmos</span> <span class='ocrx_word' id='word_1_189' title='bbox 967 1869 1322 1919; x_wconf 86' lang='lat' dir='ltr'>poenitentiales</span> <span class='ocrx_word' id='word_1_190' title='bbox 1344 1869 1391 1909; x_wconf 90' lang='lat' dir='ltr'>in</span> <span class='ocrx_word' id='word_1_191' title='bbox 1413 1870 1610 1910; x_wconf 90' lang='lat' dir='ltr'>ecclesia</span> <span class='ocrx_word' id='word_1_192' title='bbox 1637 1870 1911 1922; x_wconf 87' lang='lat' dir='ltr'>interpreta-</span> 
     </span>
     <span class='ocr_line' id='line_1_25' title="bbox 285 1940 1910 1993; baseline 0.001 -12"><span class='ocrx_word' id='word_1_193' title='bbox 285 1954 361 1981; x_wconf 91' lang='lat' dir='ltr'>rer</span> <span class='ocrx_word' id='word_1_194' title='bbox 384 1942 516 1993; x_wconf 90' lang='lat' dir='ltr'>(quos</span> <span class='ocrx_word' id='word_1_195' title='bbox 537 1940 691 1981; x_wconf 87' lang='lat' dir='ltr'>dimisi</span> <span class='ocrx_word' id='word_1_196' title='bbox 711 1946 903 1992; x_wconf 87' lang='lat' dir='ltr'>propter</span> <span class='ocrx_word' id='word_1_197' title='bbox 924 1941 1159 1991; x_wconf 82' lang='lat' dir='ltr'>publicam</span> <span class='ocrx_word' id='word_1_198' title='bbox 1180 1940 1540 1992; x_wconf 86' lang='lat' dir='ltr'>prohibitionem</span> <span class='ocrx_word' id='word_1_199' title='bbox 1563 1954 1588 1981; x_wconf 90' lang='lat' dir='ltr'>a</span> <span class='ocrx_word' id='word_1_200' title='bbox 1610 1941 1814 1982; x_wconf 89' lang='lat' dir='ltr'>dominio</span> <span class='ocrx_word' id='word_1_201' title='bbox 1840 1953 1910 1982; x_wconf 87' lang='lat' dir='ltr'>sa·</span> 
     </span>
     <span class='ocr_line' id='line_1_26' title="bbox 285 2011 1911 2065; baseline 0.001 -13"><span class='ocrx_word' id='word_1_202' title='bbox 285 2014 445 2052; x_wconf 86' lang='lat' dir='ltr'>nitatis</span> <span class='ocrx_word' id='word_1_203' title='bbox 466 2013 642 2052; x_wconf 89' lang='lat' dir='ltr'>factam</span> <span class='ocrx_word' id='word_1_204' title='bbox 674 2025 699 2052; x_wconf 86' lang='lat' dir='ltr'>a</span> <span class='ocrx_word' id='word_1_205' title='bbox 729 2012 959 2063; x_wconf 87' lang='lat' dir='ltr'>principio</span> <span class='ocrx_word' id='word_1_206' title='bbox 990 2011 1199 2062; x_wconf 84' lang='lat' dir='ltr'>pestiferi</span> <span class='ocrx_word' id='word_1_207' title='bbox 1227 2012 1465 2063; x_wconf 87' lang='lat' dir='ltr'>temporis,</span> <span class='ocrx_word' id='word_1_208' title='bbox 1494 2024 1551 2053; x_wconf 89' lang='lat' dir='ltr'>ne</span> <span class='ocrx_word' id='word_1_209' title='bbox 1581 2013 1684 2064; x_wconf 91' lang='lat' dir='ltr'>quis</span> <span class='ocrx_word' id='word_1_210' title='bbox 1713 2013 1911 2065; x_wconf 87' lang='lat' dir='ltr'>amplius</span> 
     </span>
     <span class='ocr_line' id='line_1_27' title="bbox 285 2082 1908 2136; baseline 0.001 -13"><span class='ocrx_word' id='word_1_211' title='bbox 285 2084 360 2123; x_wconf 87' lang='lat' dir='ltr'>hic</span> <span class='ocrx_word' id='word_1_212' title='bbox 381 2084 773 2133; x_wconf 85' lang='lat' dir='ltr'>concionaretur),</span> <span class='ocrx_word' id='word_1_213' title='bbox 798 2083 1017 2134; x_wconf 77' lang='lat' dir='ltr'>frequens</span> <span class='ocrx_word' id='word_1_214' title='bbox 1039 2082 1290 2123; x_wconf 88' lang='lat' dir='ltr'>admodum</span> <span class='ocrx_word' id='word_1_215' title='bbox 1311 2083 1475 2123; x_wconf 88' lang='lat' dir='ltr'>adesse</span> <span class='ocrx_word' id='word_1_216' title='bbox 1496 2084 1674 2124; x_wconf 90' lang='lat' dir='ltr'>solebat</span> <span class='ocrx_word' id='word_1_217' title='bbox 1693 2086 1908 2136; x_wconf 91' lang='lat' dir='ltr'>populus,</span> 
     </span>
     <span class='ocr_line' id='line_1_28' title="bbox 287 2154 1909 2207; baseline 0.001 -12"><span class='ocrx_word' id='word_1_218' title='bbox 287 2157 364 2207; x_wconf 89' lang='lat' dir='ltr'>qui</span> <span class='ocrx_word' id='word_1_219' title='bbox 386 2162 515 2195; x_wconf 87' lang='lat' dir='ltr'>tanta</span> <span class='ocrx_word' id='word_1_220' title='bbox 538 2155 810 2205; x_wconf 85' lang='lat' dir='ltr'>attentione,</span> <span class='ocrx_word' id='word_1_221' title='bbox 833 2154 1016 2194; x_wconf 89' lang='lat' dir='ltr'>silentio</span> <span class='ocrx_word' id='word_1_222' title='bbox 1039 2166 1094 2194; x_wconf 88' lang='lat' dir='ltr'>ac</span> <span class='ocrx_word' id='word_1_223' title='bbox 1116 2154 1360 2194; x_wconf 87' lang='lat' dir='ltr'>deuotione</span> <span class='ocrx_word' id='word_1_224' title='bbox 1376 2155 1624 2195; x_wconf 88' lang='lat' dir='ltr'>videbatur</span> <span class='ocrx_word' id='word_1_225' title='bbox 1640 2167 1713 2196; x_wconf 90' lang='lat' dir='ltr'>me</span> <span class='ocrx_word' id='word_1_226' title='bbox 1730 2158 1909 2196; x_wconf 89' lang='lat' dir='ltr'>auscul·</span> 
     </span>
     <span class='ocr_line' id='line_1_29' title="bbox 286 2225 1910 2277; baseline 0.001 -11"><span class='ocrx_word' id='word_1_227' title='bbox 286 2234 401 2276; x_wconf 90' lang='lat' dir='ltr'>tare,</span> <span class='ocrx_word' id='word_1_228' title='bbox 441 2234 490 2266; x_wconf 82' lang='lat' dir='ltr'>vt</span> <span class='ocrx_word' id='word_1_229' title='bbox 526 2227 607 2266; x_wconf 75' lang='lat' dir='ltr'>vix</span> <span class='ocrx_word' id='word_1_230' title='bbox 642 2226 796 2265; x_wconf 88' lang='lat' dir='ltr'>dicere</span> <span class='ocrx_word' id='word_1_231' title='bbox 831 2237 1031 2276; x_wconf 89' lang='lat' dir='ltr'>possem.</span> <span class='ocrx_word' id='word_1_232' title='bbox 1067 2225 1116 2265; x_wconf 85' lang='lat' dir='ltr'>Id</span> <span class='ocrx_word' id='word_1_233' title='bbox 1151 2226 1273 2276; x_wconf 87' lang='lat' dir='ltr'>quod</span> <span class='ocrx_word' id='word_1_234' title='bbox 1303 2225 1416 2265; x_wconf 84' lang='lat' dir='ltr'>mihi</span> <span class='ocrx_word' id='word_1_235' title='bbox 1450 2226 1689 2266; x_wconf 89' lang='lat' dir='ltr'>occasioni</span> <span class='ocrx_word' id='word_1_236' title='bbox 1723 2227 1823 2277; x_wconf 85' lang='lat' dir='ltr'>fuit,</span> <span class='ocrx_word' id='word_1_237' title='bbox 1859 2234 1910 2267; x_wconf 89' lang='lat' dir='ltr'>Vt</span> 
     </span>
     <span class='ocr_line' id='line_1_30' title="bbox 287 2297 1909 2340; baseline 0.001 -3"><span class='ocrx_word' id='word_1_238' title='bbox 287 2309 471 2337; x_wconf 88' lang='lat' dir='ltr'>omnem</span> <span class='ocrx_word' id='word_1_239' title='bbox 511 2299 608 2337; x_wconf 75' lang='lat' dir='ltr'>iere</span> <span class='ocrx_word' id='word_1_240' title='bbox 637 2298 824 2337; x_wconf 90' lang='lat' dir='ltr'>solitum</span> <span class='ocrx_word' id='word_1_241' title='bbox 862 2308 1016 2337; x_wconf 90' lang='lat' dir='ltr'>meum</span> <span class='ocrx_word' id='word_1_242' title='bbox 1055 2297 1272 2336; x_wconf 87' lang='lat' dir='ltr'>ruborem</span> <span class='ocrx_word' id='word_1_243' title='bbox 1306 2297 1435 2337; x_wconf 88' lang='lat' dir='ltr'>illum</span> <span class='ocrx_word' id='word_1_244' title='bbox 1465 2309 1548 2337; x_wconf 91' lang='lat' dir='ltr'>seu</span> <span class='ocrx_word' id='word_1_245' title='bbox 1576 2298 1909 2340; x_wconf 86' lang='lat' dir='ltr'>verecundiam</span> 
     </span>
     <span class='ocr_line' id='line_1_31' title="bbox 290 2368 1907 2420; baseline 0.001 -12"><span class='ocrx_word' id='word_1_246' title='bbox 290 2369 446 2420; x_wconf 86' lang='lat' dir='ltr'>(quam</span> <span class='ocrx_word' id='word_1_247' title='bbox 468 2375 511 2408; x_wconf 91' lang='lat' dir='ltr'>te</span> <span class='ocrx_word' id='word_1_248' title='bbox 533 2380 671 2408; x_wconf 90' lang='lat' dir='ltr'>nosse</span> <span class='ocrx_word' id='word_1_249' title='bbox 694 2368 911 2418; x_wconf 84' lang='lat' dir='ltr'>arbitror)</span> <span class='ocrx_word' id='word_1_250' title='bbox 935 2373 1130 2407; x_wconf 87' lang='lat' dir='ltr'>conatus</span> <span class='ocrx_word' id='word_1_251' title='bbox 1151 2368 1237 2407; x_wconf 90' lang='lat' dir='ltr'>sim</span> <span class='ocrx_word' id='word_1_252' title='bbox 1259 2379 1286 2407; x_wconf 91' lang='lat' dir='ltr'>a</span> <span class='ocrx_word' id='word_1_253' title='bbox 1307 2379 1379 2407; x_wconf 90' lang='lat' dir='ltr'>me</span> <span class='ocrx_word' id='word_1_254' title='bbox 1400 2368 1623 2409; x_wconf 89' lang='lat' dir='ltr'>abiicere:</span> <span class='ocrx_word' id='word_1_255' title='bbox 1655 2375 1756 2409; x_wconf 89' lang='lat' dir='ltr'>erat</span> <span class='ocrx_word' id='word_1_256' title='bbox 1782 2381 1907 2410; x_wconf 87' lang='lat' dir='ltr'>nam-</span> 
     </span>
     <span class='ocr_line' id='line_1_32' title="bbox 287 2438 1908 2492; baseline 0.001 -13"><span class='ocrx_word' id='word_1_257' title='bbox 287 2453 374 2492; x_wconf 90' lang='lat' dir='ltr'>que</span> <span class='ocrx_word' id='word_1_258' title='bbox 398 2440 509 2479; x_wconf 86' lang='lat' dir='ltr'>mihi</span> <span class='ocrx_word' id='word_1_259' title='bbox 532 2441 577 2479; x_wconf 86' lang='lat' dir='ltr'>in</span> <span class='ocrx_word' id='word_1_260' title='bbox 599 2451 757 2489; x_wconf 86' lang='lat' dir='ltr'>causa,</span> <span class='ocrx_word' id='word_1_261' title='bbox 781 2446 831 2478; x_wconf 87' lang='lat' dir='ltr'>vt</span> <span class='ocrx_word' id='word_1_262' title='bbox 852 2439 1005 2490; x_wconf 90' lang='lat' dir='ltr'>inepte</span> <span class='ocrx_word' id='word_1_263' title='bbox 1035 2439 1286 2478; x_wconf 89' lang='lat' dir='ltr'>admodum</span> <span class='ocrx_word' id='word_1_264' title='bbox 1313 2439 1469 2479; x_wconf 89' lang='lat' dir='ltr'>omnia</span> <span class='ocrx_word' id='word_1_265' title='bbox 1496 2438 1724 2491; x_wconf 84' lang='lat' dir='ltr'>effer1·em;</span> <span class='ocrx_word' id='word_1_266' title='bbox 1751 2441 1908 2492; x_wconf 78' lang='lat' dir='ltr'>sicque</span> 
     </span>
     <span class='ocr_line' id='line_1_33' title="bbox 283 2509 1907 2562; baseline 0.001 -11"><span class='ocrx_word' id='word_1_267' title='bbox 283 2512 557 2562; x_wconf 70' lang='lat' dir='ltr'>incipiebam</span> <span class='ocrx_word' id='word_1_268' title='bbox 580 2511 740 2561; x_wconf 70' lang='lat' dir='ltr'>magis</span> <span class='ocrx_word' id='word_1_269' title='bbox 762 2510 1147 2560; x_wconf 63' lang='lat' dir='ltr'>complacentiam</span> <span class='ocrx_word' id='word_1_270' title='bbox 1168 2521 1222 2549; x_wconf 75' lang='lat' dir='ltr'>ac</span> <span class='ocrx_word' id='word_1_271' title='bbox 1238 2509 1449 2560; x_wconf 74' lang='lat' dir='ltr'>gloriam</span> <span class='ocrx_word' id='word_1_272' title='bbox 1466 2522 1659 2561; x_wconf 78' lang='lat' dir='ltr'>vanam,</span> <span class='ocrx_word' id='word_1_273' title='bbox 1677 2522 1817 2562; x_wconf 80' lang='lat' dir='ltr'>quam</span> <span class='ocrx_word' id='word_1_274' title='bbox 1833 2523 1907 2552; x_wconf 82' lang='lat' dir='ltr'>ve-</span> 
     </span>
     <span class='ocr_line' id='line_1_34' title="bbox 286 2581 1117 2630; baseline -0.001 -9"><span class='ocrx_word' id='word_1_275' title='bbox 286 2583 558 2622; x_wconf 68' lang='lat' dir='ltr'>recundiam</span> <span class='ocrx_word' id='word_1_276' title='bbox 581 2587 663 2622; x_wconf 73' lang='lat' dir='ltr'>aut</span> <span class='ocrx_word' id='word_1_277' title='bbox 685 2582 921 2630; x_wconf 69' lang='lat' dir='ltr'>ruborem,</span> <span class='ocrx_word' id='word_1_278' title='bbox 941 2581 1117 2621; x_wconf 69' lang='lat' dir='ltr'>timere.</span> 
     </span>
    </p>

    <p class='ocr_par' dir='ltr' id='par_1_5' title="bbox 283 2652 1908 3059">
     <span class='ocr_line' id='line_1_35' title="bbox 367 2652 1908 2707; baseline 0.002 -14"><span class='ocrx_word' id='word_1_279' title='bbox 367 2654 487 2694; x_wconf 85' lang='lat' dir='ltr'>Hinc</span> <span class='ocrx_word' id='word_1_280' title='bbox 510 2654 602 2693; x_wconf 84' lang='lat' dir='ltr'>iam</span> <span class='ocrx_word' id='word_1_281' title='bbox 623 2653 723 2693; x_wconf 81' lang='lat' dir='ltr'>Tua</span> <span class='ocrx_word' id='word_1_282' title='bbox 744 2652 854 2692; x_wconf 51' lang='lat' dir='ltr'>RQ</span> <span class='ocrx_word' id='word_1_283' title='bbox 878 2653 1252 2692; x_wconf 87' lang='lat' dir='ltr'>animaduertere</span> <span class='ocrx_word' id='word_1_284' title='bbox 1273 2658 1426 2704; x_wconf 90' lang='lat' dir='ltr'>potest</span> <span class='ocrx_word' id='word_1_285' title='bbox 1448 2653 1557 2704; x_wconf 90' lang='lat' dir='ltr'>quid</span> <span class='ocrx_word' id='word_1_286' title='bbox 1577 2653 1720 2706; x_wconf 92' lang='lat' dir='ltr'>fieret,</span> <span class='ocrx_word' id='word_1_287' title='bbox 1743 2655 1783 2695; x_wconf 90' lang='lat' dir='ltr'>si</span> <span class='ocrx_word' id='word_1_288' title='bbox 1804 2656 1908 2707; x_wconf 91' lang='lat' dir='ltr'>quis</span> 
     </span>
     <span class='ocr_line' id='line_1_36' title="bbox 292 2724 1908 2777; baseline 0.002 -13"><span class='ocrx_word' id='word_1_289' title='bbox 292 2737 351 2764; x_wconf 81' lang='lat' dir='ltr'>ex</span> <span class='ocrx_word' id='word_1_290' title='bbox 372 2732 533 2764; x_wconf 90' lang='lat' dir='ltr'>nostra</span> <span class='ocrx_word' id='word_1_291' title='bbox 556 2724 804 2774; x_wconf 79' lang='lat' dir='ltr'>Societate,</span> <span class='ocrx_word' id='word_1_292' title='bbox 827 2724 1084 2775; x_wconf 82' lang='lat' dir='ltr'>exemplari</span> <span class='ocrx_word' id='word_1_293' title='bbox 1105 2735 1161 2763; x_wconf 89' lang='lat' dir='ltr'>ac</span> <span class='ocrx_word' id='word_1_294' title='bbox 1181 2730 1345 2763; x_wconf 86' lang='lat' dir='ltr'>sancta</span> <span class='ocrx_word' id='word_1_295' title='bbox 1361 2724 1459 2764; x_wconf 86' lang='lat' dir='ltr'>vita</span> <span class='ocrx_word' id='word_1_296' title='bbox 1475 2736 1531 2764; x_wconf 93' lang='lat' dir='ltr'>ac</span> <span class='ocrx_word' id='word_1_297' title='bbox 1548 2724 1761 2766; x_wconf 83' lang='lat' dir='ltr'>doctrina</span> <span class='ocrx_word' id='word_1_298' title='bbox 1777 2738 1908 2777; x_wconf 90' lang='lat' dir='ltr'>prae-</span> 
     </span>
     <span class='ocr_line' id='line_1_37' title="bbox 288 2794 1908 2848; baseline 0.001 -12"><span class='ocrx_word' id='word_1_299' title='bbox 288 2798 426 2844; x_wconf 87' lang='lat' dir='ltr'>ditus,</span> <span class='ocrx_word' id='word_1_300' title='bbox 452 2796 526 2835; x_wconf 80' lang='lat' dir='ltr'>liic</span> <span class='ocrx_word' id='word_1_301' title='bbox 549 2796 922 2845; x_wconf 86' lang='lat' dir='ltr'>concionaretur,</span> <span class='ocrx_word' id='word_1_302' title='bbox 947 2794 1132 2845; x_wconf 87' lang='lat' dir='ltr'>quando</span> <span class='ocrx_word' id='word_1_303' title='bbox 1163 2800 1294 2835; x_wconf 91' lang='lat' dir='ltr'>tanta</span> <span class='ocrx_word' id='word_1_304' title='bbox 1322 2795 1568 2836; x_wconf 89' lang='lat' dir='ltr'>deuotione</span> <span class='ocrx_word' id='word_1_305' title='bbox 1596 2803 1735 2848; x_wconf 84' lang='lat' dir='ltr'>atque</span> <span class='ocrx_word' id='word_1_306' title='bbox 1762 2803 1908 2838; x_wconf 89' lang='lat' dir='ltr'>atten-</span> 
     </span>
     <span class='ocr_line' id='line_1_38' title="bbox 286 2866 1906 2919; baseline 0.001 -12"><span class='ocrx_word' id='word_1_307' title='bbox 286 2869 412 2907; x_wconf 92' lang='lat' dir='ltr'>tione</span> <span class='ocrx_word' id='word_1_308' title='bbox 450 2879 536 2917; x_wconf 91' lang='lat' dir='ltr'>me,</span> <span class='ocrx_word' id='word_1_309' title='bbox 573 2877 810 2905; x_wconf 76' lang='lat' dir='ltr'>summum</span> <span class='ocrx_word' id='word_1_310' title='bbox 840 2866 1049 2905; x_wconf 70' lang='lat' dir='ltr'>omnium</span> <span class='ocrx_word' id='word_1_311' title='bbox 1072 2869 1368 2916; x_wconf 76' lang='lat' dir='ltr'>peccatorem</span> <span class='ocrx_word' id='word_1_312' title='bbox 1398 2869 1536 2917; x_wconf 72' lang='lat' dir='ltr'>atque</span> <span class='ocrx_word' id='word_1_313' title='bbox 1564 2866 1806 2908; x_wconf 73' lang='lat' dir='ltr'>indoctum</span> <span class='ocrx_word' id='word_1_314' title='bbox 1834 2869 1906 2919; x_wconf 87' lang='lat' dir='ltr'>(vt</span> 
     </span>
     <span class='ocr_line' id='line_1_39' title="bbox 290 2937 1904 2991; baseline 0.001 -13"><span class='ocrx_word' id='word_1_315' title='bbox 290 2939 387 2978; x_wconf 75' lang='lat' dir='ltr'>sua</span> <span class='ocrx_word' id='word_1_316' title='bbox 410 2938 469 2977; x_wconf 78' lang='lat' dir='ltr'>R.</span> <span class='ocrx_word' id='word_1_317' title='bbox 495 2938 601 2977; x_wconf 76' lang='lat' dir='ltr'>bene</span> <span class='ocrx_word' id='word_1_318' title='bbox 631 2938 801 2988; x_wconf 75' lang='lat' dir='ltr'>nouit),</span> <span class='ocrx_word' id='word_1_319' title='bbox 829 2948 989 2976; x_wconf 68' lang='lat' dir='ltr'>omnes</span> <span class='ocrx_word' id='word_1_320' title='bbox 1018 2937 1399 2978; x_wconf 85' lang='lat' dir='ltr'>auscultauerint.</span> <span class='ocrx_word' id='word_1_321' title='bbox 1431 2937 1725 2991; x_wconf 85' lang='lat' dir='ltr'>Quapropter</span> <span class='ocrx_word' id='word_1_322' title='bbox 1747 2939 1904 2982; x_wconf 90' lang='lat' dir='ltr'>Domi-</span> 
     </span>
     <span class='ocr_line' id='line_1_40' title="bbox 283 3008 1903 3059; baseline 0.002 -9"><span class='ocrx_word' id='word_1_323' title='bbox 283 3021 393 3050; x_wconf 85' lang='lat' dir='ltr'>num</span> <span class='ocrx_word' id='word_1_324' title='bbox 416 3016 459 3049; x_wconf 85' lang='lat' dir='ltr'>et</span> <span class='ocrx_word' id='word_1_325' title='bbox 482 3009 630 3048; x_wconf 88' lang='lat' dir='ltr'>Tuam</span> <span class='ocrx_word' id='word_1_326' title='bbox 652 3008 704 3048; x_wconf 81' lang='lat' dir='ltr'>R.</span> <span class='ocrx_word' id='word_1_327' title='bbox 728 3020 909 3059; x_wconf 87' lang='lat' dir='ltr'>precor,</span> <span class='ocrx_word' id='word_1_328' title='bbox 935 3014 985 3047; x_wconf 82' lang='lat' dir='ltr'>vt</span> <span class='ocrx_word' id='word_1_329' title='bbox 1006 3008 1259 3058; x_wconf 82' lang='lat' dir='ltr'>dignemini</span> <span class='ocrx_word' id='word_1_330' title='bbox 1286 3009 1556 3059; x_wconf 89' lang='lat' dir='ltr'>prospicere</span> <span class='ocrx_word' id='word_1_331' title='bbox 1583 3010 1821 3053; x_wconf 89' lang='lat' dir='ltr'>deuotioni</span> <span class='ocrx_word' id='word_1_332' title='bbox 1846 3024 1903 3055; x_wconf 90' lang='lat' dir='ltr'>ac</span> 
     </span>
    </p>
   </div>
  </div>
 </body>
</html>
