2020 3342
865 273 944 312 ΑΝ.
985 273 1073 312 155ῡ
1706 274 1773 312 281

238 369 328 411 Sed
362 383 419 411 ne
454 371 660 422 pluribus
696 383 862 421 morer,
901 378 944 411 et
979 378 1027 412 ut
1066 354 1332 424 vniuersam
1369 383 1466 411 rem
1503 382 1592 411 vno
1631 371 1776 411 verbo

159 442 464 493 complectar,
501 441 738 482 Valentini
772 442 984 482 homines
1020 454 1125 483 cum
1160 443 1207 482 in
1240 442 1513 482 memoriam
1549 447 1778 482 revocant

160 513 438 564 praeteritos
460 525 607 553 annos
628 520 672 554 et
693 525 800 554 cum
816 514 1141 565 praesentibus
1162 519 1451 564 comparant,
1471 518 1609 553 antea
1627 513 1779 553 Deum

159 584 383 635 optimum
404 590 447 624 et
468 585 723 625 maximum
746 584 851 624 huic
883 584 1061 625 ciuitati
1091 585 1262 625 iratum
1286 584 1443 634 fuisse,
1477 595 1601 624 nunc
1623 589 1778 624 autem

158 655 515 695 clementissime
537 655 696 696 fauere
715 655 945 696 dictitant:
966 661 1103 696 antea
1125 655 1353 707 siquidem
1374 655 1506 695 rixae
1528 660 1572 695 et
1590 661 1779 695 conten-

158 725 322 776 tiones,
345 737 468 766 nunc
488 738 583 778 pax
603 732 648 766 et
675 726 928 767 concordia
951 733 994 767 et
1018 738 1199 767 summa
1227 726 1487 766 animorum
1516 726 1777 766 consensio:

160 802 296 836 antea
318 797 473 837 carnis
493 797 740 838 illecebrae
775 798 1083 849 imperabant,
1113 809 1236 837 nunc
1268 797 1462 837 castitas
1496 795 1776 837 dominatur:

160 873 296 908 antea
317 867 455 919 furta,
473 868 740 920 homicidia,
765 869 1094 918 detractiones,
1118 881 1241 909 nunc
1263 869 1378 908 haec
1400 869 1614 918 neglecta
1642 874 1685 907 et
1713 878 1781 907 se-

158 939 300 989 pulta;
325 939 542 979 charitati
564 940 716 980 omnia
754 940 959 980 vincenti
981 940 1318 992 obtemperant.
1342 939 1470 979 Deus
1489 939 1782 990 omnipotens

158 1009 291 1060 faxit,
316 1015 365 1050 ut
401 1010 662 1051 animorum
691 1012 938 1052 Vtilitatem
975 1011 1243 1052 inchoatam
1263 1010 1322 1051 ad
1351 1010 1490 1051 finem
1518 1021 1662 1062 vsque
1684 1021 1781 1061 per-

159 1080 311 1121 ducat.

242 1151 543 1194 Orationibus
576 1160 621 1194 et
652 1154 852 1195 assiduis
885 1155 1100 1206 precibus
1127 1154 1255 1194 Tuae
1291 1152 1590 1193 Paternitatis
1619 1164 1781 1193 omnes

160 1223 329 1264 fratres
350 1225 752 1276 commendantur;
776 1231 820 1266 et
842 1236 930 1276 ego
952 1225 1194 1276 imprimis,
1218 1225 1327 1276 quia
1348 1224 1500 1275 magis
1522 1223 1726 1274 indigeo.

241 1295 312 1335 Ex
330 1295 443 1336 vrbe
466 1295 731 1347 Valentina,
756 1302 889 1337 sexto
911 1296 1013 1337 idus
1034 1296 1160 1347 Maii,
1185 1307 1307 1336 anno
1329 1295 1518 1335 Domini
1543 1294 1643 1334 1556

346 1367 474 1408 Tuae
495 1367 796 1408 Paternitatis
816 1367 937 1408 filius
958 1374 1001 1408 et
1023 1379 1186 1408 seruus
1204 1367 1570 1418 indignissimus,

1441 1509 1627 1551 GARCIA
1650 1510 1676 1552 ¹.

243 1725 594 1777 Superscrt‘ptio
621 1725 670 1765 in
702 1729 875 1777 quarta
903 1725 1110 1777 pagina:
1130 1727 1157 1774 †
1185 1725 1244 1765 Al
1266 1736 1376 1776 muy
1397 1724 1499 1765 R.d0
1527 1736 1585 1765 en
1602 1723 1786 1764 Christo

162 1797 312 1838 Padre
334 1796 382 1837 P.
406 1796 466 1836 M.
490 1796 681 1848 Ignacio
710 1797 766 1837 de
787 1797 979 1848 Loyola,
1010 1796 1252 1847 Preposito
1280 1797 1473 1847 general
1503 1796 1559 1836 de
1588 1796 1632 1835 la
1654 1795 1788 1836 Com-

163 1869 303 1920 pafiia
325 1868 381 1909 de
401 1869 551 1922 Jesus,
576 1879 632 1908 en
659 1867 823 1908 Roma.

243 1939 354 1980 Alia
375 1951 544 1980 manu:
569 1939 682 1980 1556.
706 1939 940 1980 Valentia.
965 1938 1341 1990 Quadrimestres
1366 1937 1414 1978 10
1435 1937 1559 1978 Maii.

256 2011 516 2061 Vestigium
538 2021 669 2051 cerae
695 2009 865 2061 sigilli.

217 2171 227 2191 ¹
268 2172 382 2200 Primo
397 2172 451 2200 hic
465 2173 631 2207 scriptum
646 2176 722 2199 erat
737 2173 907 2207 Cameren
920 2173 991 2207 sed,
1006 2172 1125 2200 littera
1143 2172 1166 2199 C
1177 2172 1210 2199 in
1227 2172 1252 2199 G
1268 2175 1478 2199 commutata
1494 2175 1527 2198 et
1544 2171 1743 2198 cancellatis
1756 2171 1791 2198 li-

165 2227 228 2247 nea
243 2220 448 2254 superducta
464 2221 482 2248 b
498 2224 531 2248 et
548 2228 623 2253 cra,
636 2221 789 2248 additum
810 2225 861 2248 est
883 2220 950 2252 cia,
970 2221 1018 2247 ita
1040 2224 1076 2248 ut
1098 2219 1277 2254 legendum
1297 2219 1341 2246 sit
1366 2219 1415 2246 Ga
1438 2226 1455 2245 ν
1476 2218 1540 2246 cia.
1560 2218 1678 2246 Manus
1700 2223 1790 2246 certe

165 2275 230 2295 non
244 2272 295 2295 est
311 2267 428 2295 fratris
445 2268 536 2295 Petri
554 2268 718 2296 Cabrera.
735 2268 798 2296 Hie
818 2273 933 2296 autern
955 2268 1083 2295 Garcia
1105 2268 1178 2302 quis
1197 2267 1299 2294 suerit
1322 2267 1504 2299 nescimu53
1528 2274 1632 2301 quare
1653 2266 1717 2293 has
1737 2266 1792 2294 lit-

166 2320 269 2349 teras,
286 2316 441 2350 quamvis
457 2316 674 2352 archetypaS,
691 2316 927 2351 autographas
942 2316 1055 2344 dicere
1071 2323 1136 2343 non
1153 2316 1326 2343 audemus·
