2020 3342
876 284 913 322 A
921 297 956 322 N.
989 285 1078 323 1556
1721 286 1789 322 ‘249

164 384 218 424 de
241 396 366 424 more
389 384 620 424 habebant
642 383 887 434 collegium
908 390 1119 422 nostrum
1141 382 1363 431 inuisere,
1393 395 1447 422 ac
1470 383 1711 423 nobiscum
1733 383 1787 423 de

166 455 302 495 rebus
319 454 377 494 ad
394 455 591 494 salutem
607 454 867 494 animarum
885 453 1220 504 pertinentibus
1232 453 1447 504 colloqui,
1462 452 1634 493 nostris
1651 452 1789 493 etiam

165 525 404 566 litterariis
425 524 802 565 exercitamentis
833 524 1069 573 interesse,
1094 529 1137 565 et
1159 523 1216 564 ob
1249 524 1417 563 multas
1439 523 1786 575 occupationes,

165 596 331 648 quibus
362 606 465 635 cum
497 595 703 647 aegrotis
730 595 1078 645 distinebamur,
1112 594 1329 635 recedere
1360 595 1433 635 uel
1460 594 1699 634 insalutati
1716 606 1789 634 co-

164 667 408 717 gebantur,
433 666 519 706 hoc
537 667 627 706 iam
644 667 825 706 sublato
842 665 1186 717 impedimento,
1206 676 1383 705 morem
1400 665 1645 716 pristinum
1665 672 1707 705 et
1726 677 1790 705 re-

168 744 396 777 uocarunt
417 743 461 777 et
483 737 696 777 retinent.

244 807 382 848 Pater
408 809 679 849 Emmanuel
702 812 767 858 (vt
789 821 813 848 a
837 808 1140 848 concionibus
1161 818 1341 848 sumam
1362 807 1619 855 exordium)
1652 808 1709 847 ab
1737 820 1790 847 eo

167 887 375 931 tempore
403 879 631 931 aliquibus
658 879 902 919 dominicis
933 890 987 919 ac
1016 878 1145 919 festis
1173 878 1336 919 diebus
1365 878 1410 918 in
1439 879 1609 930 templo
1642 877 1791 918 Diuae

164 950 355 1001 Mariae,
381 961 435 991 ac
458 951 504 991 in
525 951 627 991 aliis
648 950 925 1002 quibusdam
947 949 1128 1002 oppidis
1159 949 1402 1001 Compluto
1434 949 1621 999 uicinis,
1653 950 1791 989 habet

168 1021 433 1071 conciones,
458 1033 576 1073 quae
604 1029 778 1073 quanta
809 1033 914 1062 cum
945 1021 1229 1062 audientium
1256 1020 1525 1061 assensione
1554 1020 1791 1073 excipian-

169 1098 259 1143 tur,
283 1098 327 1132 et
349 1104 488 1144 quarn
509 1093 822 1144 multipliciter
844 1092 1112 1133 fructuosae
1135 1092 1238 1142 sint,
1264 1092 1465 1132 Ostendit
1493 1098 1652 1144 aperte
1683 1093 1791 1132 mul-

167 1162 314 1203 titudo
351 1175 534 1214 eorum,
567 1164 643 1215 qui
679 1164 738 1204 ad
765 1175 870 1204 eum
900 1163 1182 1204 audiendum
1213 1169 1480 1203 accurrunt.
1512 1163 1561 1204 [n
1596 1163 1792 1214 collegio

168 1245 349 1286 quoque
370 1241 544 1284 nostro,
566 1235 727 1275 diebus
745 1235 988 1275 dominicis
1006 1234 1421 1286 Quadragesimae,
1442 1245 1563 1274 vnus
1580 1245 1603 1274 e
1621 1235 1794 1274 nostris

169 1306 555 1355 concionabatur,
593 1306 830 1358 quamuis,
869 1306 935 1346 uti
962 1318 1101 1357 saepe
1131 1306 1248 1346 alias
1274 1306 1498 1357 scriptum
1527 1312 1615 1354 est,
1653 1306 1794 1346 tantis

169 1377 258 1417 loci
280 1378 534 1429 premimur
555 1378 804 1429 angustiis,
835 1385 884 1418 vt
915 1385 1010 1418 tam
1039 1389 1212 1429 magna
1240 1377 1498 1428 frequentia
1530 1378 1793 1417 auditorum

169 1447 214 1487 in
236 1449 458 1500 templum
486 1448 602 1489 adeo
631 1449 852 1501 exiguum
880 1449 1066 1489 minime
1095 1448 1308 1489 concludi
1339 1449 1499 1499 possit.
1534 1447 1792 1499 Argumen-

169 1524 266 1559 tum
301 1520 468 1560 harum
497 1520 792 1571 concionum,
823 1522 896 1561 uel
931 1520 1183 1560 lectionum
1216 1519 1390 1571 potius,
1429 1519 1640 1560 doctrina
1677 1520 1794 1560 chri·

168 1590 321 1631 stiana
345 1598 460 1642 erat,
491 1591 637 1643 cuius,
668 1592 725 1632 ob
753 1592 1086 1643 aegritudines,
1115 1602 1231 1643 quas
1253 1591 1348 1632 dixi
1371 1591 1606 1642 superius,
1640 1591 1795 1631 multis

168 1662 403 1703 mensibus
429 1663 651 1704 lectiones
681 1676 762 1704 eae
790 1663 974 1704 fuerant
1001 1664 1308 1704 intermissae.
1340 1662 1579 1703 Reuocata
1611 1674 1795 1714 quoque

170 1734 252 1774 fuit
274 1735 564 1775 consuetudo
592 1735 808 1776 audiendi
842 1735 1176 1785 consessiones,
1209 1746 1392 1786 semper
1418 1741 1574 1775 tamen
1602 1745 1795 1775 numero

169 1817 341 1856 eorum,
379 1806 457 1858 qui
492 1806 551 1847 ad
585 1819 669 1847 nos
704 1806 962 1858 confitendi
991 1806 1144 1858 gratia
1181 1806 1423 1855 accedunt,
1462 1817 1706 1846 numerum
1741 1817 1795 1845 ac

169 1876 292 1917 uires
314 1877 707 1919 confessariorum
728 1884 993 1919 nostrorum
1016 1881 1187 1929 magna
1209 1890 1267 1918 ex
1288 1883 1420 1929 parte
1443 1882 1708 1928 superante.
1739 1876 1794 1916 Et

167 1959 279 1988 sane
301 1955 397 1989 tam
418 1949 584 1990 uberes
603 1949 783 1990 fructus
804 1961 862 1990 ex
883 1949 1254 1989 confessionibus
1276 1948 1433 1999 colligi
1460 1947 1792 2000 conspicimus,

168 2025 216 2060 ut
236 2031 329 2060 non
349 2020 448 2061 sine
468 2032 639 2072 magno
662 2021 912 2062 uerborum
933 2026 1162 2072 apparatu
1183 2031 1258 2059 res
1275 2019 1365 2060 dici
1379 2019 1555 2071 possit,
1572 2019 1610 2059 si
1627 2019 1794 2059 utilita-

168 2097 250 2142 tes,
275 2103 393 2143 quae
416 2092 522 2132 inde
543 2093 876 2144 complurimae
899 2091 1170 2141 afferuntur,
1200 2097 1354 2131 essent
1381 2090 1652 2141 singillatim
1681 2090 1795 2130 refe·

169 2162 356 2213 rendae,
381 2163 418 2202 si
439 2163 578 2203 etlam
600 2170 711 2214 quot
733 2169 777 2203 et
798 2169 971 2214 quanta
994 2162 1104 2202 uitia
1127 2162 1219 2202 sint
1241 2162 1490 2219 extirpata,
1510 2168 1620 2213 quot
1644 2172 1796 2201 mores

168 2233 521 2285 corruptissimi,
553 2246 637 2275 nec
664 2234 815 2274 minus
842 2234 1032 2285 recepti,
1062 2234 1107 2273 in
1137 2233 1353 2272 meliores
1382 2232 1474 2272 sint
1503 2232 1792 2282 commutati,

167 2305 395 2356 prosequi
410 2309 662 2356 oporteret.

249 2375 396 2427 Multi,
415 2377 490 2428 qui
518 2388 596 2427 per
615 2377 882 2427 complures
898 2387 1046 2416 annos
1062 2376 1306 2416 continuos
1323 2375 1677 2415 occultauerant
1695 2386 1793 2426 pec—

170 2452 289 2495 cata,
314 2446 515 2487 confessi
537 2454 657 2498 sunt,
681 2455 723 2488 et
744 2448 850 2497 iam,
876 2447 978 2487 vice
1001 2452 1195 2496 mutata,
1220 2458 1272 2486 eo
1295 2446 1449 2486 animo
1476 2456 1591 2496 erga
1622 2445 1797 2486 confes-

170 2517 345 2558 sionem
368 2517 536 2568 affecti,
562 2526 611 2558 vt
633 2519 820 2559 minime
841 2530 924 2559 suo
946 2517 1193 2570 desyderio
1215 2517 1528 2567 satisfaciant,
1559 2517 1598 2557 si
1628 2523 1797 2558 octauo

169 2600 350 2640 quoque
371 2589 444 2629 die
465 2590 776 2630 conscientias
797 2601 906 2630 suas
928 2588 1249 2629 sacerdotibus
1266 2588 1494 2639 aperiant,
1515 2589 1604 2628 nisi
1620 2594 1664 2628 et
1681 2588 1797 2628 alios

170 2660 341 2700 multos
371 2671 528 2701 secum
560 2661 619 2700 ad
645 2661 767 2701 idern
797 2661 1012 2711 inuitem,
1044 2660 1266 2709 alliciant,
1300 2660 1503 2700 trahant.
1536 2659 1689 2706 Multi,
1720 2659 1798 2711 qui

168 2731 342 2771 nullum
363 2731 409 2771 in
430 2731 629 2771 ludendo
652 2733 839 2772 modum
860 2732 1135 2782 retinebant,
1167 2730 1247 2771 sed
1269 2742 1367 2770 rem
1388 2730 1798 2780 omnemfamz'lt‘a-

169 2813 266 2841 rem
293 2813 464 2853 magno
494 2814 694 2843 suorum
720 2803 1015 2844 incommodo
1043 2802 1407 2855 profundebant,
1439 2802 1498 2842 ad
1529 2802 1620 2842 alia
1651 2803 1795 2842 multo

169 2873 436 2914 honestiora
459 2875 685 2915 exercitia
707 2881 814 2916 sunt
836 2875 1037 2916 auocati.
1064 2875 1156 2914 Sed
1178 2885 1283 2915 cum
1305 2886 1387 2914 eae
1409 2885 1484 2914 res
1505 2879 1602 2913 tam
1628 2873 1798 2912 multae

171 2944 360 2996 fuerint,
398 2951 445 2985 ut
481 2946 527 2985 in
562 2946 628 2986 eis
656 2947 955 2987 recensendis
977 2946 1136 2998 possit
1163 2945 1366 2985 historia
1394 2944 1545 2995 longa
1573 2956 1658 2984 nec
1685 2930 1797 2983 saso-

171 3016 323 3056 cunda
344 3017 533 3057 omnino
554 3017 670 3063 texi,
701 3018 739 3057 si
766 3017 811 3058 id
838 3017 936 3057 fieri
965 3017 1227 3068 expediret,
1261 3027 1400 3056 vnum
1432 3016 1520 3056 hoc
1548 3015 1674 3056 nolui
1705 3022 1798 3054 tarn

175 3094 477 3138 properanter
499 3089 770 3139 praeterire.
