2020 3342
267 217 351 261 452*
776 220 1002 257 LITTERAE
1028 227 1387 261 QUADmMESTREs

347 318 491 360 Deste
526 318 733 368 Collegio
768 316 825 356 de
857 315 969 368 Jesu
1003 314 1059 354 de
1092 314 1270 363 Eum-a,
1307 312 1510 364 primero
1544 311 1601 352 de
1635 310 1901 352 Setiembre-

270 390 327 430 de
350 387 465 430 1556.

307 458 309 460 ’
481 457 573 498 Por
595 456 896 498 commission
916 455 988 495 del
1003 454 1154 495 Padre
1176 453 1286 493 Don
1305 453 1450 493 Leon.

842 525 1019 567 Inutilis
1039 525 1158 565 filius
1178 531 1298 575 tuus,

1185 667 1424 708 ANTons
1445 667 1731 707 TRANcosus.

349 882 702 934 Superscrzptio
740 882 789 921 in
829 885 1001 932 quarta
1036 880 1251 931 pagina:
1289 880 1421 933 jhus.
1465 879 1523 920 Al
1560 890 1673 930 muy
1710 878 1798 919 Rfi.
1839 891 1903 919 enJ

270 955 409 995 Chro.
432 961 500 1005 pfl
531 954 571 993 61
593 953 665 992 Re
695 952 781 992 m.⁰
801 951 997 1003 Ignatio,
1020 951 1226 1003 Prep0.t0
1249 950 1451 990 General
1473 950 1528 990 de
1557 951 1599 989 la
1631 949 1817 1000 Comp.²
1840 949 1906 989 de-

269 1027 393 1067 Ihus.

350 1096 420 1137 De
441 1096 614 1137 Euora.

348 1168 412 1207 Et
425 1166 574 1218 paulo
595 1165 819 1216 inferius.
842 1165 908 1205 2³
929 1163 1055 1216 [via]

349 1237 460 1278 Alia
481 1248 643 1277 mann:
663 1236 793 1289 jhus.
820 1235 934 1275 1556.
960 1235 1129 1275 Euora.
1166 1235 1518 1285 Quadrimestre
1539 1233 1614 1274 del
1642 1233 1710 1285 p.⁰
1732 1232 1788 1273 de
1809 1238 1896 1272 set-

270 1309 462 1349 tembre.

926 1731 1232 1785 DXXXVI

338 1966 605 2004 Franciscus
625 1966 679 2003 de
699 1965 869 2009 Varea.

387 2029 453 2069 Ex
470 2030 795 2068 commissione
816 2031 860 2067 Ρ.
883 2030 1182 2068 Emmanuelis
1205 2029 1421 2075 Gofflnho,

435 2097 558 2134 Patri
575 2096 747 2144 Ignatio
766 2096 820 2133 de
838 2095 1025 2141 Loyola.

482 2161 762 2208 Ulyssipona,
786 2160 802 2197 l
824 2160 1096 2207 Septembris
1118 2160 1209 2197 1555
1233 2162 1256 2197 “.

1073 2298 1101 2343 1·

349 2438 449 2480 Κόθ-
475 2438 727 2478 admodum
748 2438 794 2478 in
816 2438 897 2478 X.0
917 2437 1070 2477 Pater.

351 2509 517 2550 Gratia
537 2515 580 2548 et
602 2520 694 2560 pax
715 2508 812 2548 Ihu.
835 2507 943 2559 Xpi.
973 2507 1095 2547 adsit
1116 2518 1299 2558 semper
1322 2506 1491 2547 animis
1513 2507 1700 2548 nostris.
1726 2507 1901 2547 Amen„

354 2580 632 2631 Priusquam
653 2590 826 2628 eorum,
851 2590 969 2630 quae
991 2578 1204 2629 proximo
1227 2578 1557 2629 quadrimestri
1590 2578 1636 2618 in
1657 2578 1745 2618 hoc
1767 2577 1907 2630 01515--

273 2650 543 2703 sipponensi
567 2649 776 2700 collegio,
800 2648 908 2700 Xpi.
933 2647 1038 2699 Opt.
1062 2647 1187 2688 Max.
1211 2647 1458 2699 beneficio,
1487 2654 1594 2688 sunt
1614 2655 1773 2700 gesta,
1797 2649 1892 2700 tibi,

273 2728 324 2762 ut
346 2732 449 2761 mos
470 2726 554 2769 est,
577 2720 807 2760 rationem
826 2719 1034 2768 reddam,
1057 2718 1180 2758 idem
1201 2718 1257 2758 de
1279 2718 1507 2769 singulari
1526 2718 1614 2759 Dei
1634 2719 1682 2759 in
1703 2731 1789 2759 nos
1810 2716 1898 2759 cle-

331 2881 342 2901 1
380 2879 628 2913 Aut0g1·aphae
645 2879 753 2905 tribus
768 2878 868 2910 soliis
884 2886 938 2905 nn.
955 2878 1003 2904 141
1019 2883 1051 2905 et
1072 2878 1130 2908 142,
1147 2878 1250 2905 tertio
1265 2885 1331 2905 non
1345 2880 1534 2905 numerato.
1550 2878 1651 2906 Aliud
1667 2882 1718 2906 est
1740 2884 1900 2913 autogra-

276 2927 378 2961 phum
393 2926 568 2959 exemplar
580 2926 613 2952 in
628 2925 736 2952 tribus
750 2925 1034 2959 praecedentibus
1048 2925 1150 2952 foliis.
1166 2924 1203 2952 In
1217 2925 1294 2958 hoc
1309 2924 1396 2958 quod
1408 2932 1493 2952 nunc
1506 2925 1537 2952 in
1550 2925 1658 2953 lucem
1670 2925 1808 2958 edimus,
1822 2929 1899 2953 sunt

277 2974 412 3009 aliquae
428 2972 681 3000 emendationes
697 2972 804 3005 ignoti
820 2971 994 3006 cujusdam
1008 2979 1109 2999 manu
1125 2972 1249 3003 factae,
1266 2978 1349 3005 quas
1363 2978 1455 2998 more
1470 2972 1569 3000 solito
1579 2972 1811 3005 indicabimus
1824 2971 1901 3000 viwr

273 3022 328 3054 ba,
344 3021 401 3047 xel
416 3020 529 3047 deleta
543 3020 600 3046 vel
615 3023 764 3053 mutata,
776 3019 911 3046 z'taliczs
925 3019 1186 3046 characteribus
1201 3018 1407 3047 annotando.
