2020 3342
272 258 344 296 428
788 256 1013 294 LITTERAE
1040 267 1400 300 QUADRIMESTRES

275 356 335 395 sit
355 355 488 395 nobis
511 354 705 394 indicari
728 352 1027 405 Praepositus
1050 352 1186 392 Arois
1207 352 1460 403 Pragensis
1479 351 1487 370 ¹
1507 352 1736 403 quosdam
1756 352 1900 391 luthe-

273 437 415 466 ranos
436 425 567 464 nobis
588 424 738 464 moliri
759 423 967 473 insidias,
991 422 1107 463 adeo
1129 430 1178 462 vt
1199 434 1292 462 non
1313 424 1435 463 clam
1454 422 1569 463 fassi
1590 423 1682 462 sint
1703 433 1752 462 se
1780 423 1902 461 uelle

276 508 377 545 nos,
402 507 507 535 cum
529 496 821 545 contingeret
841 499 1028 545 pontem
1050 494 1331 544 transgredi,
1356 494 1402 534 in
1423 493 1593 533 flumen
1624 493 1900 544 praecipita—

278 578 341 615 re,
366 573 410 606 et
431 566 588 605 statim
611 566 832 616 aufugere
852 566 880 614 ‘³3
906 565 987 605 sed
1009 571 1148 605 noctu
1169 564 1282 604 foris
1302 576 1394 605 non
1417 576 1675 604 uersamur:
1698 564 1900 603 interdiu

277 647 389 676 uero
411 636 609 687 negocia
631 636 923 676 obedientiae
944 634 1172 687 intrepide
1194 635 1388 675 obimus.
1412 634 1620 674 Fuerunt
1641 640 1684 674 et
1706 634 1903 674 Doctori

277 707 480 747 Henrico
501 713 693 758 paratae
714 706 924 755 insidiae,
948 712 992 746 et
1013 705 1208 746 Doctori
1227 704 1408 755 Tilano‚
1434 705 1567 745 alteri
1589 705 1737 755 domi,
1767 705 1906 744 alteri

276 778 404 817 foris.
431 777 693 828 Aliquando
714 777 946 828 lapidibus
967 776 1225 827 Collegium
1246 775 1495 826 impetitum
1521 781 1628 816 sunt
1655 782 1700 816 et
1730 776 1808 827 qui
1839 775 1902 815 in-

280 849 496 889 cendium
516 849 652 889 nobis
678 849 925 889 minentur.

357 919 531 960 Habuit
552 919 728 960 Doctor
750 920 982 960 Henricus
1002 921 1271 971 trilinguem
1289 920 1551 960 orationem
1565 923 1791 969 perpetua
1811 929 1907 957 me-

280 991 427 1030 moria
448 991 653 1042 dignam,
677 1003 768 1043 qua
790 992 973 1032 uidetur
994 999 1183 1043 apertus
1200 992 1331 1032 nobis
1349 991 1408 1031 ad
1424 990 1702 1030 Boemorum
1724 988 1911 1028 animos

280 1062 607 1102 foelicissimus
637 1062 804 1113 aditus,
834 1074 1007 1114 magna
1039 1074 1144 1103 cum
1174 1061 1497 1102 satisfactione
1529 1060 1908 1110 magistratuum„

287 1138 331 1172 et
361 1133 684 1184 complurium,
713 1133 791 1184 qui
819 1134 1142 1183 interfuerunt,
1172 1133 1425 1173 Illustrium
1452 1132 1677 1172 virorum.
1711 1129 1806 1170 Nec
1828 1129 1907 1169 mi-

282 1215 384 1243 rum
406 1215 512 1243 cum
534 1204 679 1244 diuini
700 1205 890 1256 spiritus
912 1206 1047 1256 plena
1067 1205 1255 1245 omnino
1287 1204 1387 1244 visa
1408 1203 1560 1244 fuerit.
1585 1201 1692 1242 Alio
1713 1201 1785 1241 die
1805 1212 1908 1252 pro-

282 1274 365 1314 diit
405 1274 461 1314 D.
501 1275 693 1315 Tilanus
723 1276 1049 1326 philosophus,
1082 1276 1160 1327 qui
1190 1275 1451 1315 orationem
1481 1273 1641 1313 habuit
1670 1271 1915 1312 doctrinae

283 1346 512 1385 uarietate
533 1351 577 1385 et
596 1347 860 1397 eloquentia
882 1346 1128 1397 insignem:
1151 1346 1234 1385 Bam
1264 1345 1423 1385 habuit
1451 1344 1576 1394 Mag,
1601 1343 1859 1383 Guilelmus
1879 1340 1913 1391 ⁵,

285 1427 426 1467 quam
456 1416 624 1456 mirum
660 1417 706 1457 in
734 1417 922 1457 modum
955 1429 1116 1457 omnes
1152 1417 1482 1468 suspiciebant.
1520 1415 1726 1465 Quisque
1756 1418 1914 1453 autem

285 1498 396 1526 suae
434 1486 713 1538 professioni
759 1488 825 1528 sic
870 1488 1242 1528 accommodauit
1287 1487 1546 1527 orationem
1566 1516 1574 1534 ,
1616 1492 1665 1525 ut
1705 1484 1911 1536 quadam

286 1557 518 1607 methodo,
544 1557 667 1609 quod
689 1559 767 1598 diu
787 1560 1109 1610 praelecturus
1130 1564 1246 1606 erat,
1271 1558 1544 1609 exposuisse
1565 1555 1815 1596 uideretur.

365 1627 542 1668 Classis
574 1628 873 1680 Theologica,
913 1636 1138 1681 quotquot
1173 1629 1410 1669 auditores
1446 1628 1600 1677 habet,
1638 1625 1917 1666 aedificatos>

287 1699 474 1739 domum
497 1700 701 1751 remittit;
726 1700 864 1740 habet
885 1707 1040 1740 autem
1070 1700 1295 1751 plurimos
1325 1710 1523 1750 semper,
1553 1698 1635 1738 sed
1663 1697 1920 1748 pauciores.

288 1770 518 1821 assiduos,
536 1782 700 1810 verum
716 1771 834 1811 inter
851 1771 952 1821 hos,
971 1771 1332 1821 Franciscanos,
1347 1769 1685 1810 Dominicanos
1701 1773 1745 1808 et
1762 1778 1916 1807 sacer·

287 1841 434 1891 doteS,
458 1841 533 1892 qui
556 1842 639 1881 sub
661 1848 856 1894 utraque
878 1842 1223 1882 communicant
1240 1840 1268 1892 ⁴,
1292 1853 1347 1881 ac
1368 1841 1508 1881 etiam
1525 1840 1642 1879 duos
1659 1838 1921 1878 haeretico-

287 1923 389 1951 rum
412 1913 768 1952 concionatores
790 1913 1132 1962 celeberrimos,
1158 1913 1234 1964 qui
1256 1924 1282 1952 a
1302 1911 1348 1952 P.
1376 1911 1580 1951 Henrico
1608 1909 1760 1950 edocti
1789 1909 1920 1949 clare

288 1982 347 2022 ad
367 1983 537 2022 bonam
559 1990 760 2024 mentem
780 1984 932 2024 redire
961 1984 1174 2024 uidentur
1205 1994 1310 2023 cum
1340 1983 1386 2023 in
1411 1981 1730 2033 frequentibus
1759 1979 1917 2020 Picar-

288 2054 506 2105 ditarum,
543 2061 587 2094 et
622 2055 819 2095 aliorum
839 2056 1183 2095 haereticorum
1216 2054 1538 2104 conuentibus,
1574 2052 1782 2104 pristinis
1814 2060 1919 2091 con·

291 2125 438 2164 traria
474 2136 618 2176 eaque
652 2126 884 2166 catholica
921 2126 1141 2176 dogmata
1176 2125 1356 2176 publice
1391 2125 1710 2176 profiteantur,
1748 2128 1799 2162 vt
1833 2121 1924 2172 ipsi

291 2196 513 2236 haeretici
535 2196 657 2247 apud
677 2209 761 2236 nos
782 2197 837 2237 de
859 2208 1049 2237 suorum
1070 2197 1453 2236 concionatorum
1473 2193 1787 2235 inconstantia
1809 2204 1921 2232 con-

292 2274 569 2317 querantur,
612 2268 689 2318 qui
724 2268 938 2307 uidentur
973 2269 1066 2308 iam
1101 2268 1313 2308 dubitare
1348 2267 1514 2318 quibus
1548 2265 1805 2305 adhaerere
1845 2263 1926 2303 de—

297 2337 450 2377 beant.

375 2408 623 2448 Balthasar
662 2415 834 2459 noster,
877 2420 1129 2460 germanus
1169 2408 1206 2458 ⁵,
1249 2419 1502 2459 puerorum
1540 2406 1927 2458 gymnasiarcam

355 2591 364 2611 ¹
405 2590 491 2618 Vide
507 2598 620 2625 supra,
633 2599 711 2625 pag.
726 2590 789 2623 410,
805 2596 920 2618 annot.
936 2591 961 2618 ⁴2.

353 2638 366 2657 ‘2
403 2637 566 2665 “Scholae
588 2639 721 2673 quidem
746 2639 777 2666 in
802 2640 1008 2666 monasterio
1033 2638 1063 2665 S.
1090 2639 1273 2665 Clementis
1298 2639 1529 2669 habebantur,
1554 2636 1640 2671 quod
1662 2636 1710 2663 cis
1732 2634 1928 2662 Moldavam

298 2692 402 2719 prope
419 2686 587 2719 lapideum
603 2686 696 2713 illum
710 2690 847 2720 pontem
861 2685 1153 2718 (,‚Karlsbri'1cke“)
1174 2686 1276 2712 situm
1290 2690 1376 2716 erat,
1393 2693 1434 2711 ex
1456 2692 1519 2718 quo
1540 2687 1679 2710 sanctus
1693 2682 1839 2715 joannes
1863 2681 1929 2708 Ne-

299 2740 504 2766 pomucenus
519 2734 559 2760 ob
575 2737 751 2760 servatum
766 2740 886 2759 sacrae
908 2733 1128 2760 confessionis
1149 2733 1298 2766 sigillum
1314 2734 1345 2759 in
1367 2733 1488 2759 flumen
1503 2731 1751 2765 praecipitatus
1770 2736 1843 2756 esse
1860 2733 1928 2756 tra—

300 2780 402 2808 ditur.
425 2779 598 2807 Sociorum
622 2784 734 2807 autem
757 2782 881 2808 saltem
905 2780 1033 2814 aliquot
1057 2785 1153 2807 trans
1176 2780 1296 2806 flumen
1319 2780 1463 2806 editiore
1487 2778 1601 2811 aliquo
1626 2777 1758 2811 Pragae
1787 2775 1933 2802 minoris

299 2827 631 2866 (‚,Kleinseite“)loco
646 2829 821 2856 habitasse
837 2830 1007 2859 videntur,
1033 2828 1136 2855 donee
1158 2827 1401 2854 monasterium
1425 2827 1663 2854 clementinum
1687 2826 1783 2859 plene
1804 2825 1930 2852 instru-

302 2880 394 2903 ctum
409 2879 528 2908 essen„
544 2875 821 2909 BRAUNSBERGER,
841 2877 926 2908 ibici,
941 2882 1057 2903 annot.
1072 2875 1099 2902 3.

356 2922 369 2942 ³
407 2921 495 2949 Vide
511 2923 602 2949 dicta
616 2930 731 2956 supra,
747 2931 824 2957 pag.
837 2923 900 2957 1108,
918 2928 1030 2950 annot.
1047 2922 1074 2950 3.

355 2971 370 2990 ‘⁴
407 2968 699 2996 “Communionem
715 2978 772 2997 seu
788 2978 923 2997 sacram
938 2970 1194 2997 Eucharistiam
1209 2971 1270 2996 sub
1285 2974 1429 3002 utraque
1445 2969 1555 3002 specie
1572 2966 1811 2994 accedentibus
1835 2973 1932 2999 prae-

304 3019 414 3049 bent„
429 3016 710 3044 BRAUNSBERGb-R.
727 3018 812 3049 z'bz'd,
826 3026 902 3052 pag.
920 3018 981 3050 772,
996 3023 1110 3045 annot.
1125 3018 1151 3044 8.

359 3063 373 3084 ⁵
412 3064 499 3091 Vide
514 3071 629 3098 supra,
645 3072 722 3098 pag.
739 3064 800 3095 331,
817 3070 930 3092 annot.
946 3065 972 3092 6.
