2020 3342
238 269 306 306 206
756 269 976 307 LITTERAE
1004 279 1360 313 QUADRIMESTRES

237 366 295 406 tis
316 366 574 416 adfuerunt,
600 367 644 406 id
664 367 960 418 potissimum
982 373 1025 407 et
1047 367 1217 407 obnixe
1240 373 1478 418 conantes,
1499 373 1548 407 vt
1565 367 1777 408 foelicem
1794 368 1861 408 vl-

237 438 398 477 timum
420 437 655 477 clauderet
676 439 870 490 quisque
892 438 1035 489 diem,
1059 439 1361 490 similiterque
1391 439 1627 489 omnibus,
1653 439 1858 479 maxima

236 509 393 560 populi
414 508 748 559 satisfactione,
773 510 846 549 cui
868 509 1124 549 ministerio
1148 509 1413 550 vehementi
1441 509 1669 550 desiderio
1700 515 1858 561 patres

236 579 496 631 fratresque
524 581 895 631 expostulamus.

314 650 476 691 Patres
497 652 637 691 etiam
658 651 765 691 huic
787 652 915 703 operi
933 652 1182 704 aliquando
1200 659 1388 703 vacant,
1409 653 1660 693 reducendi
1676 653 1853 693 scilicet

235 723 414 774 aliquas
436 723 719 773 meretrices,
744 735 863 774 quae
884 723 1064 774 publice
1087 730 1316 775 prostant,
1343 724 1400 764 ad
1423 725 1779 775 poenitentiam,
1812 731 1857 764 et

237 799 283 833 vt
304 793 416 843 Deo,
442 793 654 844 religioni
676 793 888 834 addictae
910 800 1133 845 perpetuo
1152 794 1296 834 vitam
1313 794 1498 845 degant,
1519 795 1683 846 quibus
1706 796 1856 835 solum

235 865 467 916 quoddam
490 865 825 904 monasterium
847 865 1141 916 designatum
1164 873 1247 905 est.
1273 865 1437 906 Modus
1460 872 1628 912 autem,
1653 866 1730 917 qui
1751 877 1857 906 cum

236 935 300 975 eis
322 942 551 986 seruatur,
577 936 614 975 is
637 944 720 976 est:
743 937 892 987 primo
914 948 1115 988 namque
1145 944 1441 988 exponuntur
1468 937 1513 976 in
1543 936 1680 976 domo
1708 937 1857 977 cuius-

235 1007 341 1046 dam
364 1007 585 1057 mulieris,
611 1007 821 1047 oratione
844 1006 952 1058 (sic)
973 1007 1090 1048 satis
1109 1015 1386 1059 prouectae:
1410 1007 1514 1047 inde
1544 1007 1737 1058 singulis
1766 1008 1856 1048 die-

234 1078 320 1117 bus
347 1078 393 1117 in
419 1084 630 1117 nostram
658 1078 907 1118 ecclesiam
937 1078 1245 1126 adducuntur,
1277 1078 1353 1118 vbi
1384 1079 1449 1118 eis
1477 1079 1590 1118 ordo
1619 1084 1664 1118 et
1691 1077 1856 1118 modus

235 1148 432 1188 traditur
461 1148 803 1189 confessionem
831 1151 1098 1199 generalem
1125 1149 1348 1199 faciendi,
1380 1156 1423 1189 et
1458 1150 1667 1189 oratione
1702 1149 1855 1201 aliquo

235 1219 371 1259 modo
407 1222 713 1260 instruuntur.
752 1220 822 1260 Ac
857 1221 1049 1271 proinde
1077 1222 1376 1271 quamplures
1415 1221 1461 1260 in
1501 1221 1587 1261 hoc
1627 1227 1854 1261 monaste-

233 1290 352 1330 rium
372 1296 594 1343 tanquam
624 1291 670 1330 in
696 1291 977 1331 tutissimum
1008 1293 1190 1343 asylum
1218 1292 1438 1332 reductae
1469 1298 1607 1343 atque
1638 1298 1855 1344 receptae

234 1368 353 1402 sunt:
386 1373 505 1413 quae
539 1362 743 1402 omnium
778 1364 1152 1413 expectationem
1187 1363 1249 1403 ita
1277 1364 1485 1414 vincunt,
1518 1369 1567 1403 vt
1602 1363 1855 1403 maximam

232 1434 505 1484 religionem
527 1440 571 1473 et
590 1433 924 1485 poenitentiam
946 1434 1154 1474 redolere
1178 1434 1437 1475 videantur.
1474 1434 1854 1475 Contradictione

231 1505 306 1544 vel
336 1505 668 1545 reclamatione
704 1506 1011 1556 quorumdam
1039 1512 1238 1556 patrum,
1276 1506 1648 1546 beneuolentiam
1674 1511 1718 1545 et
1746 1504 1854 1545 affe-

232 1576 431 1615 ctionem
454 1576 772 1626 proximorum
795 1576 1050 1616 extinctam
1066 1588 1168 1616 esse
1185 1577 1339 1628 aliquo
1359 1577 1494 1617 modo
1512 1589 1604 1616 non
1621 1576 1853 1616 existima-

231 1658 346 1686 mus:
371 1646 416 1686 id
438 1646 542 1686 inde
566 1647 705 1698 liquet
729 1647 850 1698 quod
872 1647 961 1686 duo
978 1647 1219 1698 praecipui
1236 1659 1455 1699 proceres
1473 1648 1518 1687 in
1537 1648 1673 1687 domo
1690 1654 1850 1687 nostra

231 1718 430 1758 confessi
452 1725 572 1769 sunt,
597 1729 794 1770 quorum
818 1720 933 1758 alter
955 1725 1217 1759 rectoratus
1239 1719 1513 1770 dignitatem
1544 1719 1760 1769 obtinuit,
1793 1720 1853 1758 al-

232 1796 301 1830 ter
323 1796 477 1829 autem
500 1790 765 1840 insignium,
791 1791 868 1841 qui
890 1790 965 1830 hic
986 1789 1175 1841 degunt,
1198 1790 1304 1830 licet
1328 1790 1463 1830 ambo
1482 1802 1586 1830 cum
1604 1788 1741 1829 Patre
1758 1789 1851 1829 Ma—

231 1861 378 1912 gistro
401 1860 528 1901 Cano
554 1861 561 1879 ¹
586 1861 711 1900 circa
735 1873 807 1901 res
829 1861 1073 1902 Societatis
1094 1862 1271 1902 versati
1293 1862 1500 1912 fuerunt,
1525 1861 1640 1901 adeo
1664 1869 1710 1901 ut
1732 1872 1853 1900 vnus

231 1932 275 1971 in
306 1932 402 1971 eius
433 1932 697 1983 opinionem
727 1932 822 1971 suis
853 1932 1109 1972 rationibus
1144 1944 1259 1984 pene
1296 1932 1544 1983 adductus,
1575 1937 1618 1972 et
1651 1932 1850 1983 quodam

231 2003 368 2043 modo
391 2003 638 2054 prolapsus
665 2003 816 2043 fuerit.

309 2074 410 2114 Hoc
432 2080 638 2125 tempore
666 2073 835 2113 missus
863 2080 932 2113 est
959 2074 1147 2126 quidam
1175 2081 1328 2126 pater,
1360 2074 1584 2115 mediocri
1611 2074 1853 2115 literatura

231 2145 491 2196 praeditus,
522 2144 567 2184 in
599 2144 866 2195 collegium,
892 2146 1013 2196 quod
1035 2157 1192 2185 comes
1212 2145 1369 2186 Monte
1391 2145 1580 2199 Rersuo
1602 2146 1853 2198 municipio

232 2216 472 2256 construit.

310 2287 453 2327 Venit
474 2287 563 2326 huc
585 2287 727 2326 frater
750 2287 950 2338 quidam;
972 2287 1137 2338 reliqui
1156 2294 1310 2327 autern
1327 2287 1480 2338 iidem,
1501 2288 1577 2339 qui
1595 2288 1852 2340 quadrime-

233 2357 317 2397 stri
337 2359 552 2409 proxima
574 2358 736 2409 scripti
758 2357 941 2397 suerunt
962 2357 990 2407 ‘²3
1015 2369 1069 2397 ac
1091 2365 1339 2409 propterea
1362 2358 1417 2398 de
1440 2370 1601 2398 eorum
1622 2359 1852 2410 qualitati—

232 2429 315 2468 bus
337 2429 531 2468 verbum
553 2440 644 2468 non
665 2429 863 2479 amplius
886 2428 1070 2478 addam,
1101 2429 1268 2480 quippe
1297 2430 1418 2480 quod
1447 2429 1610 2469 fusiori
1639 2441 1851 2469 sermone

232 2499 293 2539 ibi
314 2500 571 2539 recensitae
593 2501 697 2547 sint3
724 2511 898 2549 eorum,
924 2500 999 2551 qui
1021 2500 1312 2550 theologicae
1334 2500 1545 2540 facultati
1563 2512 1752 2552 operam
1773 2512 1849 2540 na-

232 2576 416 2620 uarunt,
441 2570 791 2620 quatuordecim
814 2576 938 2617 sunt,
965 2570 1282 2610 summulistae
1303 2570 1316 2588 ⁵
1338 2578 1491 2610 autem
1513 2578 1556 2610 et
1584 2572 1724 2622 logici
1750 2583 1849 2611 sex.

313 2641 354 2680 A
388 2646 546 2680 vestra
580 2640 720 2690 igitur
754 2641 1033 2691 paternitate
1068 2641 1369 2681 veliementer
1396 2653 1645 2681 exoramus
1673 2648 1721 2681 vt
1752 2640 1850 2681 Deo

233 2712 406 2763 optimo
433 2711 638 2751 maximo
666 2724 750 2751 nos
779 2723 939 2751 omnes
968 2712 1278 2762 commendet,
1311 2718 1360 2752 vt
1388 2713 1486 2752 eius
1519 2713 1664 2763 ignito
1695 2723 1852 2752 amore

287 2946 296 2965 ¹
337 2945 370 2972 P.
388 2945 552 2972 Melehior
569 2945 690 2973 Canus.
706 2943 740 2971 O,
760 2944 794 2971 P.

286 2995 299 3013 ‘-’
338 2993 483 3019 Periisse
499 2993 560 3019 hac
578 2993 746 3019 videntur.

286 3040 298 3059 ⁵
339 3040 530 3073 Scholares,
547 3041 666 3074 quibus
682 3041 903 3073 Snmmulae,
917 3050 973 3068 scu
990 3041 1187 3075 compendia
1197 3042 1431 3075 philosophica
1449 3041 1640 3068 traduntur.
1655 3040 1704 3068 Du
1721 3040 1848 3075 CAMAE,

237 3093 258 3117 (J
266 3091 467 3116 [assumtum.
