2020 3342
828 245 911 283 AN.
950 244 1040 283 1556
1678 244 1748 281 429

118 347 232 397 agit,
256 344 610 386 mansuetudine
638 350 682 383 et
710 344 972 383 constantia
1002 350 1045 383 et
1074 342 1352 383 confidentia
1382 342 1428 381 in
1456 341 1608 381 Deum
1636 342 1748 381 insi-

120 417 240 468 gnis,
265 416 320 456 de
342 427 432 467 quo
454 413 682 465 singulari
703 412 905 464 quadam
926 414 1106 453 ratione
1127 413 1217 453 dici
1239 418 1405 464 potest:
1428 412 1586 451 omnia
1605 417 1747 462 opera

122 487 222 527 eius
242 487 291 526 in
308 481 411 537 fide
435 484 460 525 ¹:
490 497 576 524 nec
605 484 788 533 mirum,
822 495 925 523 cum
955 492 1176 535 expertus
1199 483 1272 533 sit,
1295 495 1387 522 non
1409 483 1519 532 suis,
1544 483 1625 522 sed
1646 483 1747 522 obe-

120 558 321 599 dientiae
343 557 536 605 viribus,
558 556 673 595 bene
694 555 781 594 sibi
802 555 955 594 omnia
978 555 1190 604 cessisse3
1214 560 1399 605 praeest
1419 554 1566 594 tribus
1585 565 1748 605 puero-

121 640 224 668 rum
252 627 493 667 classibus.
524 625 648 676 Mag.
680 625 936 665 Guilelmus
971 625 1194 675 rhetores,
1225 632 1275 664 ut
1303 634 1417 664 natu
1451 624 1748 675 grandiores,

122 709 215 738 non
249 699 312 738 ita
343 696 401 737 ad
429 708 614 737 omnem
643 696 831 747 pietatis
858 696 1068 735 habitum
1102 697 1225 735 ualet
1259 695 1512 742 inflectere;
1548 695 1668 735 unde
1703 695 1750 734 in

122 769 397 809 Balthasare
417 778 549 818 spem
569 767 823 806 maximam
844 766 1080 805 seminarii
1101 766 1235 805 huius
1267 766 1493 806 ecclesiae
1518 766 1748 816 ponimus.

122 839 310 879 Vtimur
332 844 486 878 autem
503 837 730 888 Magistro
749 837 977 877 Guilelmo
996 837 1137 877 latino
1155 837 1501 885 concionatore,
1522 848 1578 876 ac
1594 837 1750 876 iuuen-

121 916 267 950 tutem
306 914 553 949 exercente
593 908 639 947 in
675 908 861 958 publico
897 908 1080 947 dicendi
1115 919 1320 958 munere,
1359 918 1496 958 quem
1529 907 1657 946 Deus
1693 908 1750 946 ad

122 982 291 1020 multos
312 986 565 1031 praeparat
588 989 780 1029 agones
800 978 882 1018 Est
900 979 974 1018 hic
994 977 1268 1018 Guilielmus
1285 978 1481 1029 insignis
1497 978 1644 1017 nostri
1663 978 1750 1017 col—

123 1051 233 1102 legii
248 1062 373 1102 pars,
400 1061 505 1089 cum
526 1050 803 1100 praesertim
825 1049 914 1099 hic,
938 1057 1125 1100 praeter
1142 1049 1440 1089 humaniores
1462 1049 1636 1099 literas,
1656 1048 1753 1088 fere

123 1122 238 1162 nihil
258 1121 392 1162 dulce
414 1121 487 1161 sit:
511 1120 731 1172 quicquid
752 1120 811 1160 ad
832 1120 943 1159 illud
965 1120 1165 1160 officium
1186 1120 1400 1171 pertinet,
1425 1120 1639 1160 omnibus
1661 1131 1754 1160 mo-

122 1193 195 1233 dis
216 1193 488 1243 exequitur,
513 1192 703 1242 eiusque
725 1190 939 1241 discipuli
961 1191 1053 1230 iam
1075 1190 1134 1230 ad
1154 1190 1402 1230 dicendum
1422 1191 1609 1242 prodire
1643 1190 1752 1231 inci-

125 1264 271 1315 piunt.

205 1334 390 1385 Gaspar
420 1334 671 1374 schalauus
709 1335 723 1354 ²
754 1344 874 1372 vnus
909 1333 1114 1372 omnium
1151 1333 1356 1383 linguam
1394 1333 1653 1373 boemicam
1690 1333 1754 1373 ita

124 1406 354 1456 intelligit,
379 1412 428 1445 ut
451 1404 639 1444 infimos
655 1415 909 1454 puerorum
931 1403 1117 1443 ordines
1134 1404 1363 1443 instruere
1380 1405 1549 1443 ualeat:
1574 1415 1755 1454 germa-

123 1477 278 1517 nicam
299 1483 471 1527 optime
493 1476 646 1522 callet,
679 1475 892 1514 laborum
915 1475 1294 1525 patientissimus,
1319 1480 1363 1514 et
1386 1474 1445 1514 ad
1466 1475 1621 1514 omnia
1653 1475 1754 1514 obe-

122 1547 328 1588 dientiae
364 1547 522 1587 munia
563 1558 708 1597 aeque
739 1554 996 1597 promptus:
1030 1545 1104 1584 120
1130 1557 1300 1596 pueros
1328 1546 1482 1585 habet:
1514 1547 1630 1586 alios
1659 1546 1755 1597 Syl-

126 1619 231 1658 uius
251 1621 264 1641 ⁵
288 1619 438 1658 docet.
473 1617 650 1658 Omnes
682 1623 840 1668 aperte
872 1617 1152 1668 experimur,
1186 1616 1405 1668 quicquid
1436 1617 1544 1656 boni
1574 1617 1622 1656 fit
1650 1630 1756 1669 quo-

126 1700 326 1740 cumque
348 1689 395 1728 in
416 1688 583 1738 officio,
608 1687 652 1727 id
675 1687 734 1727 ad
754 1688 1002 1727 Vtilitatem
1030 1687 1230 1738 proximi
1258 1694 1302 1727 et
1328 1687 1417 1728 Dei
1446 1688 1648 1739 gloriam
1677 1687 1756 1729 So-

126 1761 343 1800 cietatem
372 1766 532 1809 totam,
562 1770 644 1810 per
674 1759 889 1798 meritum
918 1759 1026 1811 Jesu
1054 1758 1128 1798 X.i
1172 1765 1216 1798 et
1243 1759 1342 1799 eius
1370 1770 1572 1810 sponsae
1599 1759 1757 1799 Eccle-

125 1832 224 1871 siae
245 1831 520 1879 catholicae,
547 1832 747 1881 operari;
774 1838 820 1869 Vt
842 1829 916 1869 hic
938 1829 1124 1869 obuium
1147 1829 1204 1868 sit
1226 1829 1337 1869 illud
1363 1830 1410 1869 in
1440 1830 1652 1870 omnibus
1682 1830 1755 1870 his

128 1901 216 1941 Dei
237 1903 387 1941 seruis
408 1901 565 1940 oin-nia
587 1904 814 1951 operatus
833 1912 882 1940 es
902 1900 951 1939 sn
974 1900 1122 1947 nobis,
1143 1900 1343 1940 Domine
1363 1899 1378 1918 ⁴
1399 1907 1443 1940 et
1464 1902 1582 1941 sciat
1609 1901 1668 1941 V.
1700 1901 1755 1941 R.

126 1974 201 2012 uel
230 1984 373 2012 vnum
408 1984 466 2011 ex
495 1972 566 2011 his
597 1971 814 2015 minimis,
845 1971 923 2022 qui
952 1971 1118 2010 uitales
1148 1970 1438 2011 obedientiae
1468 1972 1659 2022 spiritus
1692 1979 1758 2012 at-

124 2044 330 2093 trahunt,
355 2043 640 2083 aduersariis
662 2043 875 2092 omnibus
897 2042 1111 2081 timorem
1132 2042 1355 2082 incutere.

206 2114 426 2155 Decanus
469 2113 803 2154 Vniuersitatis
838 2113 1137 2152 Hussitarum
1172 2119 1268 2153 tam
1300 2113 1541 2164 pueriliter
1575 2115 1674 2163 agit
1709 2114 1755 2154 in

127 2187 216 2227 hac
236 2192 382 2238 parte,
406 2192 456 2225 vt
476 2197 568 2225 non
590 2185 727 2224 modo
749 2196 854 2224 eum
874 2195 967 2224 non
989 2184 1159 2235 pudeat
1181 2184 1419 2234 disputare
1448 2196 1554 2224 cum
1586 2186 1759 2225 nostris

127 2256 438 2304 scholasticis,
462 2255 826 2306 grammaticam
848 2267 970 2294 nunc
999 2255 1254 2305 aggressis,
1284 2255 1367 2295 sed
1394 2267 1480 2295 nec
1509 2256 1636 2296 vinci
1663 2257 1757 2307 qui-

128 2328 234 2368 dem
255 2327 457 2368 minimis
479 2327 525 2366 in
548 2327 700 2377 rebus,
726 2332 774 2366 ut
794 2327 1059 2366 nesciamus
1081 2337 1163 2365 cur
1185 2331 1281 2365 tam
1302 2326 1437 2377 parui
1458 2338 1507 2366 se
1525 2326 1667 2367 faciat
1684 2327 1760 2366 vir

130 2400 248 2440 tanti
269 2399 484 2439 nominis.
504 2398 724 2437 Hussitae
741 2397 927 2448 quidem
944 2396 1198 2436 efficaciam
1215 2408 1408 2448 operum
1424 2397 1588 2455 timere
1605 2398 1757 2438 uiden-

134 2478 223 2519 tur,
246 2482 304 2510 ne
326 2470 364 2509 si
385 2480 638 2521 pergamus
658 2468 725 2508 sic
746 2469 1010 2519 proximum
1032 2467 1217 2518 iuuare,
1249 2468 1446 2518 populus
1475 2474 1633 2519 aperte
1663 2474 1760 2508 tan-

129 2541 236 2581 dem
269 2553 328 2581 ex
361 2540 588 2580 fructibus
622 2539 850 2589 intelligat
885 2538 1151 2588 ueritatem3
1188 2538 1309 2578 vnde
1347 2544 1392 2579 et
1429 2539 1759 2579 abstinentiam

111 2600 176 2653 'et
197 2613 497 2653 sobrietatem
518 2622 574 2650 ac
602 2610 880 2650 modestiam
907 2616 1174 2650 nostrorum
1204 2621 1346 2661 aegre
1374 2610 1589 2650 uidentur
1619 2610 1742 2650 serre

183 2725 191 2744 ¹
232 2724 288 2751 Ps.
304 2731 407 2755 xxxn,
426 2724 453 2750 4,

181 2772 195 2791 2
233 2772 387 2806 “Gaspar
402 2771 536 2805 Conger
559 2770 698 2798 Labaco
719 2770 896 2803 (Laibach.
918 2769 1097 2797 Carniolae
1119 2770 1234 2804 caput>
1254 2776 1349 2798 ortus
1362 2776 1449 2804 erat,
1475 2772 1505 2798 in
1531 2779 1596 2804 qua
1617 2772 1760 2798 civitate

131 2819 333 2846 etiamnunc
347 2818 501 2852 plerique
526 2821 603 2844 sunt
627 2816 775 2846 Sloveni.
797 2817 937 2851 ideoque
962 2817 1015 2843 hic
1040 2816 1169 2843 Slavus
1193 2823 1364 2849 vocatur...
1391 2819 1672 2851 BRAUNSBERGER,
1693 2824 1716 2846 t.
1741 2827 1761 2847 ι.

126 2874 209 2900 pag.
223 2865 286 2898 773,
299 2869 413 2892 annot.
430 2872 450 2891 1.
465 2864 498 2892 P.
513 2864 681 2898 Georgius
693 2864 808 2892 Varus
820 2864 951 2896 (XVare)
965 2864 996 2891 S.
1010 2864 1034 2890 Ι.
1049 2865 1080 2891 in
1094 2855 1255 2892 Historia
1264 2866 1499 2900 fundationis
1514 2866 1660 2900 Collegit*
1674 2866 1760 2893 Pra-

130 2914 252 2945 gensis
267 2914 358 2940 illum
372 2911 562 2946 Casparum
574 2911 974 2946 KongumLabacensem
989 2911 1185 2940 Carniolum
1197 2914 1359 2948 appellat.
1374 2913 1460 2940 Vide
1476 2921 1589 2947 supra,
1607 2921 1684 2948 pag.
1697 2914 1762 2947 33⁴2,

128 2965 246 2988 annot.
261 2961 291 2988 5.

185 3009 198 3027 ⁵
238 3010 356 3036 Petrus
372 3008 521 3045 SylviuS,
537 3009 609 3043 ipse
626 3010 680 3043 qui
695 3010 832 3036 litteras
854 3008 984 3035 scribit.

188 3057 199 3076 ‘⁴
243 3057 366 3083 Omnia
384 3058 478 3084 enim
495 3061 602 3091 opera
619 3060 738 3084 nostra
754 3059 921 3091 operalus
935 3063 970 3083 es
988 3057 1097 3084 nobis.
1114 3056 1166 3087 Is..
1183 3066 1277 3088 xxx-1,
1296 3059 1337 3086 12.
