2020 3342
837 271 918 308 ΑΝ.
950 271 1040 309 1556
1674 272 1744 310 213

204 368 326 407 Loco
366 367 788 418 superscriptionis
826 368 937 407 haec
973 368 1023 407 in
1061 371 1234 419 quarta
1268 367 1458 419 pagina
1493 367 1742 418 leguntur:

123 439 254 490 Jhus.
292 438 640 489 Quadrimestre
669 438 724 478 de
753 438 1002 490 Coymbra.
1033 438 1099 478 2.εἰ
1128 438 1219 488 uia,
1251 438 1324 478 del
1354 438 1483 478 Abril
1512 438 1585 478 del
1610 438 1683 489 56,
1714 442 1741 479 a

128 508 286 548 Roma.

204 579 313 619 Alia
335 590 503 619 manu:
524 579 578 631 Q.
602 579 833 620 Coimbra.
856 581 923 631 56,
948 582 1028 621 ult.
1052 580 1199 632 April.

151 1075 431 1103 praecedentium
447 1076 566 1104 fratris
582 1076 757 1104 Francisci
773 1077 911 1104 Adorno
927 1077 1122 1104 litterarum
1137 1072 1244 1103 latina
1266 1074 1378 1103 versio
1393 1083 1413 1103 a
1429 1074 1535 1102 fratre
1552 1075 1701 1102 Antonio

719 1125 881 1152 Andrade
895 1126 1088 1159 subscripta
1105 1126 1126 1153 ¹.

911 1277 938 1322 ,L

841 1327 990 1380 Jesus.

192 1505 459 1547 Admodum
480 1508 670 1548 colende
692 1508 737 1547 in
759 1507 944 1548 Christo
966 1507 1117 1548 Pater.

194 1577 358 1618 Gratia
380 1584 424 1618 et
453 1578 642 1618 Domini
668 1578 777 1631 Jesu
809 1578 983 1619 Christi
1005 1591 1135 1619 amor
1157 1579 1328 1620 nostris
1356 1579 1522 1620 animis
1551 1592 1733 1632 semper

114 1649 369 1690 inhaereat.

190 1720 250 1761 Ut
271 1726 399 1761 tuum
420 1726 721 1772 praeceptum
743 1723 970 1773 expleam,
995 1733 1084 1773 quo
1108 1722 1237 1762 iubes
1255 1727 1297 1762 te
1319 1735 1345 1762 a
1368 1723 1499 1763 nobis
1517 1723 1572 1763 de
1590 1723 1731 1764 omni-

113 1791 210 1842 bus,
234 1803 352 1843 quae
373 1792 397 1831 4
418 1792 674 1844 quibusque
695 1793 929 1833 mensibus
952 1794 1075 1844 apud
1105 1805 1191 1833 nos
1211 1799 1452 1845 gerantur,
1485 1794 1732 1834 certiorem

111 1861 224 1912 ficri,
247 1874 369 1902 nunc
398 1874 517 1914 quae
544 1864 809 1914 praeteritis
835 1864 859 1904 4
881 1865 1116 1904 mensibus
1145 1864 1401 1905 acciderint
1427 1865 1632 1905 breuiter
1657 1877 1732 1906 ex-

110 1944 295 1984 ponam.
327 1933 397 1973 Ac
428 1934 627 1985 primum
657 1934 711 1974 de
738 1934 961 1975 fratribus
992 1934 1176 1975 videtur
1204 1934 1505 1987 loquendum,
1536 1947 1732 1988 quorum

110 2004 470 2045 exercitationes
492 2006 538 2045 in
559 2005 613 2045 iis
635 2005 856 2056 figuntur,
889 2018 1007 2058 quae
1030 2007 1088 2047 ad
1116 2007 1342 2047 maiorem
1368 2006 1457 2048 Dei
1484 2006 1669 2047 laudern
1690 2013 1734 2047 et

109 2081 318 2115 nostram
348 2076 549 2116 omnium
582 2078 779 2117 salutem
801 2078 1094 2117 sanctissime
1122 2078 1374 2118 instituisti.
1408 2078 1458 2118 In
1489 2078 1734 2118 seruandis

109 2147 295 2197 regulis,
320 2147 474 2187 multis
496 2153 540 2187 et
561 2148 697 2188 nouis
717 2148 935 2188 remediis
957 2148 1191 2199 adhibitis,
1216 2155 1345 2189 tanta
1372 2149 1524 2200 posita
1546 2155 1614 2189 est
1636 2150 1733 2190 dili-

108 2218 286 2267 gentia,
321 2225 370 2258 vt
398 2219 603 2269 plerique
631 2219 733 2259 illas
762 2220 1013 2259 memoriae
1043 2219 1338 2270 tradiderint,
1369 2232 1458 2272 quo
1486 2220 1532 2260 in
1561 2232 1733 2271 genere

109 2290 300 2328 multum
333 2289 394 2328 illi
424 2290 556 2329 nobis
586 2290 892 2340 satisfaciunt,
927 2292 1003 2342 qui
1035 2290 1187 2331 adhuc
1208 2291 1487 2342 probantur,
1519 2292 1565 2332 in
1587 2292 1732 2332 literis

109 2359 389 2408 laborantes,
414 2360 491 2411 qui
513 2368 608 2400 tum
626 2362 868 2411 modestia,
888 2368 983 2402 tum
1000 2362 1198 2402 aliarum
1215 2362 1440 2402 virtutum
1457 2374 1549 2402 non
1571 2363 1733 2403 obscu-

109 2431 172 2470 ris
194 2430 392 2480 indiciis,
418 2443 519 2471 eam
542 2432 674 2471 nobis
696 2439 987 2472 commouent
1011 2433 1290 2484 opinionem,
1311 2440 1359 2473 ut
1376 2433 1627 2485 aliquando
1649 2445 1733 2474 suo

109 2508 317 2553 tempore
345 2514 448 2542 eum
479 2504 680 2543 fructum
709 2504 799 2543 sint
828 2505 1074 2555 prolaturi,
1106 2505 1181 2556 qui
1210 2505 1267 2544 ab
1295 2504 1383 2544 illis
1411 2505 1628 2556 copiosus
1657 2517 1730 2545 ex-

108 2579 336 2624 pectatur.
374 2573 546 2614 Eorum
578 2586 838 2625 sermones,
876 2587 991 2626 quos
1026 2576 1196 2615 habent
1232 2576 1397 2627 quietis
1422 2580 1651 2628 tempore,
1689 2583 1732 2617 et

109 2644 224 2683 alias
246 2644 368 2684 facta
386 2651 630 2695 potestate,
650 2652 756 2685 sunt
773 2646 828 2685 de
846 2647 1019 2696 regulis
1036 2646 1296 2697 seruandis,
1316 2653 1359 2687 et
1377 2646 1432 2687 de
1454 2658 1616 2687 earum
1633 2659 1730 2699 per-

108 2715 320 2765 fectione,
344 2715 398 2755 de
421 2715 696 2767 obedientia,
722 2717 851 2756 cuius
874 2724 921 2757 ut
944 2729 1119 2767 omnes,
1140 2718 1217 2769 qui
1238 2718 1282 2757 in
1301 2724 1510 2758 nostram
1528 2717 1729 2760 Societa-

105 2793 195 2825 tem
224 2786 563 2835 ingrediuntur,
594 2799 733 2838 quam
761 2788 1086 2828 studiosissimi
1119 2789 1224 2838 sint,
1256 2788 1501 2840 diligenter
1524 2801 1549 2828 a
1572 2789 1621 2829 P.
1645 2789 1727 2829 Re-

104 2863 231 2896 ctore
256 2863 461 2896 curatur.
486 2857 535 2897 In
565 2858 683 2914 hanc
712 2859 989 2907 sententiam
1016 2860 1170 2910 plura,
1200 2871 1320 2910 quae
1348 2860 1466 2900 inter
1488 2860 1590 2900 illos
1621 2872 1725 2900 con-

160 3039 170 3059 ¹
209 3039 431 3075 Archetypae
446 3041 476 3067 in
490 3040 568 3068 solio
584 3041 720 3075 duplici,
737 3050 790 3069 nn.
808 3043 858 3069 153
873 3047 905 3070 et
923 3043 1059 3070 154-111
1076 3044 1116 3071 iis
1137 3047 1268 3072 tantum
1283 3048 1455 3080 postrema
1470 3045 1576 3073 verba
1597 3043 1728 3072 Comm-

110 3086 226 3113 krz'cae
231 3106 285 3115 .....
302 3086 478 3120 Andrade,
493 3092 570 3115 sunt
586 3095 685 3115 manu
701 3089 805 3124 ipsius
829 3090 1000 3120 Andrade.
