2020 3342
222 250 292 287 230
728 249 954 286 LITTERAE
981 259 1338 292 QUADRIMESTRES

224 346 542 394 transiuimus‚
578 346 627 385 in
662 357 753 398 qua
785 345 959 385 factum
987 350 1056 385 est
1086 345 1319 397 quoddam
1345 347 1584 396 sacellum,
1614 346 1692 386 ubi
1723 357 1842 386 com—

228 418 363 457 mode
384 417 531 468 possit
554 417 795 467 celebrari,
818 423 1007 456 seruata
1029 422 1295 456 nostrorum
1317 418 1549 457 clausura.

307 488 486 539 Quarto
519 488 622 527 idus
650 488 827 539 Aprilis
855 487 1089 538 profectus
1118 494 1187 527 est
1213 486 1263 527 Ρ.
1297 487 1605 528 Prouincialis
1633 488 1691 528 ad
1720 489 1845 540 oppi-

229 559 337 599 dum
359 559 627 610 Mai-ebena,
652 558 729 598 ubi
750 557 982 610 quoddam
1003 558 1134 597 nobis
1156 559 1440 598 construitur
1458 560 1720 609 collegium:
1740 558 1846 599 inde

231 630 496 670 Cordubam
518 629 826 680 profecturus,
850 634 901 668 vt
923 640 1016 678 eos,
1041 629 1118 680 qui
1139 635 1245 669 sunt
1267 630 1313 669 in
1335 630 1622 681 probatione,
1649 630 1707 670 ad
1723 630 1846 669 hanc

230 701 392 741 vrbem
413 700 702 750 transferret,
727 706 824 739 tum
853 699 955 751 quia
990 700 1297 750 eleemosinis,
1329 712 1447 751 quae
1476 700 1549 740 hic
1578 700 1844 750 offerentur,

230 778 445 823 poterunt
466 771 743 811 sufficienter
763 770 930 820 fulciri,
953 776 1051 810 tum
1068 770 1208 810 etiam
1224 777 1413 822 propter
1429 771 1565 811 huius
1584 771 1710 811 urbis
1727 782 1848 810 com-

230 843 490 883 moditates.
913 881 915 883 ,

310 913 410 953 Hac
444 912 737 953 hebdomada
773 913 912 952 alium
948 914 1163 952 iuuenem
1197 913 1466 963 theologum
1500 913 1648 953 bonae
1682 912 1850 952 indolis

230 984 510 1024 adzm'sz'rmts
532 984 590 1023 ad
611 983 850 1033 exercitia,
875 983 1065 1023 ductum
1085 982 1441 1034 Archiepiscopi
1463 983 1670 1023 consilio.

310 1055 439 1095 Haec
461 1060 581 1105 sunt,
604 1067 723 1106 quae
744 1055 799 1094 de
819 1055 908 1094 hoc
930 1054 1259 1106 quadrimestri
1279 1055 1412 1094 nobis
1433 1054 1678 1094 scribenda
1695 1065 1850 1094 occur-

235 1130 361 1166 rant.
386 1126 631 1178 Reliquum
653 1131 721 1165 est
742 1131 791 1165 ut
812 1126 897 1165 hos
918 1132 1023 1165 tuos
1044 1125 1209 1165 filiolos
1231 1126 1277 1165 in
1298 1126 1541 1165 sacrificiis
1563 1131 1607 1165 et
1635 1125 1849 1165 orationi-

234 1198 318 1238 bus
338 1196 540 1237 Domino
564 1197 876 1247 commendes,
900 1202 950 1236 vt
971 1197 1069 1248 ipse
1091 1208 1223 1236 suam
1240 1196 1372 1236 nobis
1388 1195 1590 1247 gratiam
1607 1196 1849 1247 largiatur,

237 1278 283 1308 vt
306 1270 352 1308 in
372 1268 533 1308 fauore
556 1279 661 1307 cum
681 1268 940 1308 humilitate
963 1267 1197 1317 confundi,
1222 1273 1265 1307 et
1288 1267 1332 1306 in
1350 1273 1617 1318 contemptu
1633 1267 1852 1318 afflz'ctz'o-

239 1340 480 1390 m'bnsqzte,
501 1339 735 1390 possimus
756 1339 801 1378 in
822 1338 1023 1379 Domino
1044 1339 1265 1389 gaudere,
1290 1344 1339 1378 vt
1365 1338 1429 1378 ita
1449 1350 1582 1378 suam
1599 1338 1855 1378 sentiamus

237 1411 583 1452 sanctissimam
604 1410 906 1460 voluntatem,
940 1415 983 1449 et
1010 1409 1057 1448 in
1083 1409 1297 1449 omnibus
1327 1410 1452 1449 illam
1482 1408 1685 1460 perfecte
1713 1409 1854 1449 adim-

237 1482 461 1533 pleamus.

312 1552 565 1602 Granatae,
589 1552 736 1604 pridie
758 1552 989 1592 Calendas
1009 1551 1136 1602 Maii,
1162 1563 1282 1591 anno
1305 1551 1707 1603 sesquimillesimo
1728 1551 1856 1602 quin-

233 1624 506 1676 quagesimo
529 1629 677 1663 sexto.

312 1695 384 1735 Ex
406 1694 733 1734 commissione
756 1693 908 1734 Patris
928 1694 1101 1734 Basilii.

564 1765 692 1805 Tuus
712 1765 931 1805 minimus
952 1764 1072 1805 filius
1092 1765 1138 1804 in
1160 1764 1378 1814 Domino,

1341 1907 1368 1954 †
1396 1905 1525 1946 Ruiz.
1558 1907 1584 1952 ᾧ
