2020 3342
215 205 284 243 214
466 236 468 238 .
722 206 946 244 LITTERAE
973 212 1328 248 QUADRIMESTRES

214 302 415 354 tingunt,
438 304 791 355 perscriberem,
822 303 910 343 nisi
931 302 1008 342 illa
1039 301 1085 341 in
1112 299 1324 339 omnibus
1351 297 1596 338 Societatis
1624 297 1836 337 domibus

217 380 261 414 et
283 375 492 426 collegiis
513 375 772 426 frequentia
796 381 839 414 et
860 373 967 413 trita
988 372 1210 412 viderem.

293 444 526 485 Literaria
549 446 700 486 studia
723 457 814 485 non
835 443 1000 484 minori
1023 454 1136 482 cura
1158 447 1202 481 et
1223 440 1449 481 industria
1473 452 1612 492 quam
1633 451 1836 480 commo-

217 516 359 556 ditate
380 517 687 556 celebrantur.
713 515 953 565 Theologi‚
987 512 1218 553 dialectici
1240 518 1283 551 et
1314 511 1618 551 humanitatis
1639 511 1837 551 studiosi

218 597 380 627 omnes
408 587 657 627 exercendi
685 587 889 627 rationes
919 585 1105 634 habent,
1134 595 1251 635 quae
1280 582 1338 622 ad
1363 583 1696 633 proficiendum
1730 587 1837 622 sunt

187 708 190 711 .
217 658 527 698 necessariae.
552 657 666 698 Sunt
696 658 878 697 circiter
909 655 974 704 30,
1005 666 1200 706 quorum
1231 653 1377 703 multi,
1401 660 1497 694 tam
1524 666 1582 694 ex
1608 653 1838 704 theologis

220 740 359 780 quarn
386 740 444 768 ex
465 728 677 777 caeteris,
701 728 873 779 optimo
896 732 1001 766 sunt
1022 725 1219 777 praediti
1240 725 1442 775 ingenio.
1468 724 1555 775 Qui
1578 725 1710 764 nobis
1733 735 1836 775 ope-

219 811 320 839 ram
338 799 449 839 dant
470 806 565 839 tam
587 798 782 838 feliciter
803 798 1000 847 discunt,
1025 803 1074 836 ut
1096 797 1288 836 multum
1309 796 1492 847 gratiae
1509 801 1552 835 et
1567 794 1718 835 laudis
1739 795 1839 835 Deo

221 870 425 910 omnium
441 881 597 909 rerum
614 869 794 909 auctori
811 868 1046 908 debeatur.
1067 867 1199 918 Quod
1216 867 1338 906 enim
1356 878 1456 906 sese
1469 867 1602 906 nobis
1617 866 1746 906 initio
1760 865 1841 906 dif-

220 940 338 981 ficile
359 947 403 981 et
432 941 575 980 veluti
595 938 942 980 formidandum
973 938 1150 987 obtulit,
1182 937 1227 977 id
1255 937 1418 978 melius
1448 937 1674 977 successit
1702 948 1842 988 quam

220 1018 377 1064 petere
399 1011 687 1052 auderemus.
723 1010 841 1050 Nam
868 1009 1015 1050 nostri
1045 1009 1259 1060 magistri
1287 1014 1529 1060 tantopere
1558 1008 1604 1048 in
1631 1008 1840 1048 docendo

222 1084 420 1135 placent,
444 1089 713 1133 tantumque
735 1082 793 1121 ad
814 1082 978 1121 altiora
997 1080 1304 1120 scholasticos
1325 1080 1371 1120 in
1390 1080 1488 1120 dies
1504 1079 1654 1131 magis
1675 1091 1730 1119 ac
1747 1091 1840 1119 ma-

221 1155 293 1205 gis
315 1159 603 1206 promouent,
624 1159 672 1193 ut
693 1159 736 1193 et
753 1153 960 1204 priorum
978 1152 1220 1192 doctorum
1238 1151 1588 1201 obliuiscantur,
1612 1157 1655 1191 et
1679 1150 1841 1191 iisdem

222 1230 492 1277 praesentes
517 1224 753 1276 praeferre
775 1224 990 1263 audeant.
1015 1223 1294 1274 Discipulos,
1323 1233 1519 1274 quorum
1539 1222 1843 1273 petulantiam

222 1302 266 1337 et
285 1295 521 1336 licentiam
541 1296 831 1344 timebamus,
857 1294 1130 1335 offendimus
1148 1293 1283 1333 valde
1300 1299 1507 1345 pacatos,
1532 1293 1667 1333 mites
1690 1298 1733 1333 et
1750 1304 1843 1333 ma-

222 1367 380 1418 gistris
403 1367 650 1407 subiectos.
679 1366 838 1417 Itaque
870 1366 1023 1405 multis
1055 1364 1450 1414 confessionibUS,
1480 1375 1696 1415 quarum,
1727 1375 1846 1415 quae

223 1438 372 1478 serius
393 1437 521 1487 fiunt,
546 1437 685 1477 finitis
707 1437 902 1487 singulis
924 1436 1157 1476 mensibus
1179 1436 1307 1485 fiunt,
1331 1441 1375 1475 et
1397 1435 1714 1483 concionibus,
1740 1440 1847 1474 sunt

223 1510 351 1548 lenes
372 1514 416 1548 et
438 1508 628 1548 nimium
646 1507 823 1547 mutati.
846 1507 979 1557 Quod
1000 1507 1038 1546 si
1060 1506 1226 1558 aliquis
1244 1506 1412 1557 dignus
1429 1505 1662 1545 inuenitur
1678 1496 1844 1557 poena,

224 1580 263 1620 is
285 1578 740 1619 animaduersionem
762 1578 912 1630 quiete
929 1584 973 1617 et
994 1578 1174 1629 placide
1198 1577 1375 1628 recipit.
1396 1577 1477 1616 Est
1498 1577 1694 1628 denique
1713 1576 1848 1616 huius

224 1649 408 1701 collegii
437 1655 566 1689 tanta
598 1649 816 1699 mutatio,
851 1655 900 1688 vt
930 1649 1134 1688 maxima
1162 1648 1267 1688 inde
1294 1647 1394 1687 Deo
1428 1648 1612 1699 Optimo
1642 1647 1846 1687 Maximo

223 1720 373 1772 gloria
394 1720 653 1772 proveniat.
689 1719 1023 1772 praeceptores
1053 1719 1305 1769 doctrinas,
1331 1731 1446 1770 quas
1469 1719 1628 1759 diebus
1659 1718 1848 1758 veneris

224 1797 386 1842 agunt,
424 1796 784 1842 prosequuntur,
821 1803 878 1830 ex
915 1790 1079 1842 quibus
1115 1790 1307 1830 multum
1346 1790 1561 1829 Vtilitatis
1597 1789 1845 1840 colligitur,

225 1861 445 1913 quoniam
467 1861 651 1901 iurandi
672 1862 901 1901 scelerata
924 1861 1211 1902 consuetudo
1233 1861 1279 1900 in
1302 1861 1399 1900 dies
1422 1861 1614 1900 deletur:
1634 1860 1765 1900 cuius
1781 1861 1848 1900 rei

225 1932 325 1972 veri
346 1938 452 1972 sunt
481 1938 622 1972 testes
656 1932 883 1983 magistri,
916 1932 992 1983 qui
1024 1931 1255 1972 affirmant
1286 1943 1493 1971 mensem
1524 1930 1723 1982 effluere,
1759 1942 1849 1982 quo

226 2003 378 2042 nullus
401 2003 457 2042 ob
480 2002 524 2042 id
546 2003 779 2054 puniatur,
805 2003 927 2054 quod
945 2003 1154 2054 profecto
1177 2014 1271 2042 non
1289 2014 1346 2042 ex
1367 2013 1421 2042 eo
1439 2002 1647 2042 nascitur
1664 2001 1785 2053 quod
1802 2012 1850 2041 se

226 2085 317 2113 non
339 2073 539 2113 inuicem
567 2080 787 2113 accusent
819 2073 880 2125 (id
902 2074 1038 2123 enim,
1062 2080 1108 2113 ut
1132 2079 1283 2123 antea,
1308 2074 1373 2113 sic
1396 2079 1439 2112 et
1461 2085 1582 2113 nunc
1605 2072 1849 2123 diligenter

227 2144 431 2195 faciunt),
455 2144 535 2184 sed
557 2144 677 2196 quod
700 2145 855 2185 diuina
877 2145 1197 2185 misericordia
1220 2151 1263 2184 et
1280 2145 1566 2194 benignitate
1586 2144 1727 2195 impia
1745 2155 1850 2184 con-

227 2215 422 2255 suetudo
441 2216 611 2255 sensim
634 2216 872 2255 euellatur.
896 2215 1123 2255 Modestia
1145 2216 1284 2255 etiam
1305 2221 1349 2255 et
1370 2215 1415 2254 in
1439 2216 1606 2266 templo
1629 2221 1673 2255 et
1693 2215 1739 2254 in
1761 2215 1850 2254 uiis

226 2293 403 2326 tantum
427 2286 646 2337 cernitur,
671 2293 720 2326 ut
740 2286 876 2326 facile
905 2287 1053 2326 nostri
1083 2286 1351 2326 scholastici
1373 2287 1428 2325 ab
1460 2286 1575 2336 aliis,
1601 2286 1678 2337 qui
1706 2286 1850 2326 literis

228 2357 274 2397 in
296 2358 441 2397 altera
464 2357 720 2397 Academia
742 2358 943 2407 student,
969 2358 1328 2408 distinguantur.
1351 2358 1524 2397 Eorum
1542 2357 1687 2408 multi,
1711 2363 1755 2397 et
1772 2369 1851 2397 no-

227 2428 357 2479 bileS,
389 2434 432 2468 et
460 2440 574 2479 quos
605 2429 856 2479 magistros
884 2429 929 2468 in
958 2429 1134 2468 artibus
1164 2429 1412 2480 appellant,
1444 2427 1711 2478 praeferunt
1733 2439 1850 2479 quae

228 2500 370 2550 uulgo
392 2499 571 2539 rosaria
594 2499 823 2549 dicuntur,
849 2506 890 2539 et
914 2500 959 2539 in
982 2501 1168 2550 templo,
1193 2501 1344 2552 quiete
1373 2506 1416 2540 et
1438 2507 1487 2540 vt
1515 2500 1663 2550 decet,
1686 2510 1850 2550 preces

231 2571 331 2610 Deo
353 2570 587 2610 adhibent.

255 2648 259 2651 '
310 2640 513 2692 Singulis
534 2642 769 2681 mensibus
791 2643 946 2682 cuncti
967 2648 1159 2694 peccata
1181 2644 1455 2683 confitentur
1472 2649 1532 2692 et,
1554 2642 1706 2693 quoad
1727 2642 1848 2691 licet,

233 2713 548 2763 vnusquisque
563 2718 689 2752 certo
707 2719 751 2752 et
768 2713 1010 2764 designato
1029 2714 1277 2762 sacerdoti,
1298 2725 1493 2765 quorum
1512 2713 1640 2753 multi
1658 2713 1851 2752 decimo-

233 2783 393 2834 quinto
424 2795 606 2834 quoque
638 2783 725 2833 die,
759 2784 849 2831 alii,
881 2785 956 2835 qui
988 2796 1035 2823 se
1067 2785 1386 2824 vehementius
1417 2786 1553 2824 rebus
1584 2784 1752 2824 diuinis
1782 2782 1854 2822 de-

233 2855 360 2903 dunt,
384 2860 551 2893 octauo
574 2854 727 2903 etiam,
752 2860 795 2893 et
817 2855 1160 2894 sanctissimum
1194 2855 1364 2895 Christi
1387 2867 1556 2906 corpus
1579 2854 1851 2905 suscipiunt,

234 2925 326 2976 qui,
364 2936 467 2965 cum
503 2936 615 2976 prae
651 2925 858 2983 caeteris*
882 2924 1075 2966 floreant
1111 2925 1374 2975 virtutibus,
1412 2926 1457 2966 in
1493 2926 1636 2966 literis
1672 2936 1853 2980 quoque

235 3002 451 3037 eminent⁴
