2020 3342
900 252 978 291 Ax.
1011 250 1100 292 1556
1737 252 1806 294 305

172 351 397 402 proximis
416 350 610 404 Jubilaei
631 351 790 391 diebus
816 349 838 400 ¹,
864 358 913 391 ut
936 352 1015 392 uix
1036 351 1217 391 licuerit
1237 350 1332 390 sz'ln‘
1349 350 1362 369 Ξ
1398 363 1480 402 per
1504 358 1685 403 tempus
1716 352 1802 401 (sic

173 421 357 472 dixero)
396 422 630 462 comedere
665 420 692 461 ³.
732 422 787 461 Et
822 428 1149 473 praeterquam
1185 421 1307 473 quod
1341 421 1606 462 huiusmodi
1641 422 1804 462 diebus

175 492 490 533 confitentium
510 498 555 532 et
587 493 1032 533 communicantium
1061 504 1281 534 numerus
1307 492 1525 544 frequens
1547 493 1663 533 solet
1685 505 1802 542 esse,

175 563 276 603 aliis
298 575 479 615 quoque
501 563 662 603 diebus
683 563 722 602 is
743 574 962 603 numerus
990 576 1082 603 non
1110 575 1278 615 parum
1307 571 1518 614 augetur.
1550 563 1668 604 Tum
1697 576 1805 604 con-

174 632 401 674 fitentium
421 634 628 686 plerique
650 634 807 674 testati
827 640 948 681 sunt,
974 634 1122 674 uideri
1144 634 1245 684 sibi,
1271 634 1394 686 quod
1415 635 1589 675 nostris
1610 641 1804 686 peccata

174 716 259 744 sua
280 704 482 745 confessi
509 705 693 755 fuerint,
725 704 969 755 reuixisse,
1002 717 1055 744 ac
1085 717 1108 744 e
1138 711 1288 746 morte
1314 705 1458 745 fuisse
1487 706 1533 746 in
1560 706 1706 747 uitam
1736 717 1804 746 re-

174 775 375 815 stitutos.
401 774 474 815 Ad
495 774 611 816 haec
630 774 770 827 (quod
791 787 883 815 non
905 776 1081 816 minimi
1103 776 1304 816 arbitror
1325 776 1562 827 momenti)
1584 777 1804 827 supersti-

173 846 376 886 tionibus
398 846 703 898 extirpandis,
724 846 888 897 quibus
910 846 1131 897 (malam)
1152 853 1301 887 scatet
1322 847 1440 888 haec
1462 847 1643 898 ciuitas,
1668 854 1798 888 tanta

173 922 364 957 utuntur
381 917 637 968 diligentia,
657 923 831 970 quanta
850 917 941 958 dici
959 917 1076 958 forte
1093 916 1108 936 ⁴
1132 924 1298 969 potest:
1327 918 1385 959 ad
1402 930 1517 970 quos
1534 918 1711 970 scripta
1731 931 1804 959 ue-

172 987 458 1038 neficiorum,
491 994 534 1028 et
561 988 606 1028 id
636 999 784 1039 genus
813 990 1041 1040 permulta
1069 989 1174 1039 alia,
1207 989 1303 1030 fere
1334 989 1538 1041 quotidie
1568 990 1803 1041 perferun-

171 1065 260 1109 tur,
285 1060 472 1112 quaein
494 1060 662 1100 horum
690 1060 927 1100 hominum
959 1060 1125 1100 animis
1153 1068 1353 1111 regnant
1383 1061 1648 1113 plurimum.
1678 1061 1804 1101 Idem

172 1141 355 1182 quoque
377 1130 578 1180 student,
599 1130 723 1183 quod
744 1132 803 1171 ad
819 1131 1105 1171 haereticam
1122 1138 1166 1171 et
1184 1131 1409 1183 perfidam
1425 1132 1803 1183 superstitionem

174 1202 352 1242 attinet.
377 1201 499 1252 Quin
521 1202 580 1242 ad
601 1214 654 1242 ea
677 1201 905 1253 facienda,
930 1215 1049 1254 quae
1071 1215 1151 1254 per
1174 1215 1222 1243 se
1249 1203 1338 1254 ipsi
1368 1203 1523 1243 facere
1552 1203 1566 1222 ⁵
1587 1215 1680 1243 non
1701 1215 1803 1255 pos-

173 1278 294 1323 sunt,
318 1273 565 1313 hortantur
587 1285 667 1313 eos
698 1274 964 1325 praecipue,
998 1274 1074 1324 qui
1104 1274 1386 1324 reipublicae
1416 1280 1655 1326 praesunt:
1689 1286 1805 1326 quos

174 1343 425 1384 admonent
446 1343 598 1384 studio
621 1356 817 1393 summo,
841 1346 879 1385 si
904 1344 1004 1385 fieri
1032 1345 1141 1396 quid
1168 1345 1330 1396 possit,
1365 1344 1487 1396 quod
1515 1350 1560 1384 et
1587 1345 1801 1385 ecclesia-

172 1415 318 1455 sticae
340 1420 384 1455 et
405 1415 530 1455 ciuili
550 1415 617 1455 rei
638 1416 697 1455 sit
719 1416 835 1456 adeo
858 1415 1174 1467 profuturum:
1205 1422 1249 1456 et
1278 1416 1341 1467 (ut
1363 1416 1409 1456 in
1430 1427 1611 1456 summa
1633 1416 1803 1466 dicam)

173 1492 222 1526 ut
249 1486 435 1538 publica
462 1486 642 1537 flagitia
666 1492 710 1527 et
737 1486 949 1527 facinora
982 1487 1296 1539 extirpentur,
1326 1493 1371 1527 et
1400 1498 1424 1526 e
1455 1487 1606 1527 medio
1640 1488 1802 1528 tollan-

174 1564 249 1598 tur
269 1555 300 1599 ⁶.
324 1557 456 1598 Unde
477 1557 698 1609 Episcopi
718 1557 955 1608 Vicarius,
980 1570 1083 1598 cum
1106 1558 1152 1598 in
1172 1558 1259 1609 his,
1284 1569 1402 1609 quae
1431 1558 1490 1598 ad
1516 1557 1670 1599 forum
1699 1570 1802 1598 con-

172 1628 395 1669 scientiae
421 1635 656 1681 spectant,
686 1634 784 1669 tum
812 1629 1014 1669 maxime
1041 1629 1266 1680 pristinae
1294 1629 1553 1680 integritati
1581 1635 1625 1669 et
1650 1629 1804 1681 probi·

171 1699 256 1740 tati
277 1699 459 1751 aliquot
485 1700 736 1751 virginum
757 1700 986 1740 coenobiis
1004 1700 1015 1718 ⁷
1037 1699 1349 1749 restituendis,
1380 1707 1647 1741 nostrorum
1664 1712 1805 1752 opera

172 1777 217 1811 et
244 1771 438 1812 consilio
465 1771 623 1812 utitur.
657 1772 715 1812 Et
745 1783 802 1812 ne
838 1772 1022 1822 longior
1057 1771 1146 1811 hac
1180 1771 1226 1811 in
1262 1783 1312 1811 re
1347 1771 1449 1822 sim,
1487 1778 1532 1812 et
1566 1771 1805 1823 sigillatim

172 1842 328 1882 omnia
349 1854 635 1893 recenseam,
661 1854 780 1895 quae
802 1843 989 1893 singula
1010 1854 1236 1894 persaepe
1258 1843 1486 1893 recensui,
1510 1849 1555 1883 et
1571 1843 1618 1883 in
1635 1844 1805 1884 haben-

172 1913 241 1953 dis
262 1914 579 1963 concionibus,
613 1914 1029 1965 cohortationibus,
1060 1913 1471 1966 admonitionibus,
1504 1921 1548 1954 et
1576 1915 1623 1955 in
1656 1914 1805 1955 uisen-

170 1984 240 2025 dis
262 1985 482 2036 aegrotis,
507 1991 551 2025 et
572 1984 645 2025 his
667 1985 745 2036 qui
766 1985 812 2024 in
834 1985 1036 2025 vinculis
1058 1985 1338 2037 detinentur,
1362 1986 1639 2038 illorumque
1666 1986 1806 2026 saluti

167 2055 412 2107 studendo,
443 2056 568 2096 omni
596 2056 765 2106 studio,
795 2068 923 2107 cura,
958 2056 1216 2107 diligentia,
1250 2068 1407 2108 opera,
1433 2057 1603 2107 officio,
1627 2057 1803 2097 enitun-

168 2134 255 2178 tur,
279 2133 328 2168 ut
349 2127 536 2179 pietatis
557 2133 601 2168 et
622 2128 870 2168 charitatis
892 2128 1086 2178 muneri,
1111 2127 1264 2179 quoad
1287 2127 1384 2168 fieri
1403 2129 1564 2179 possit,
1587 2128 1803 2169 satisfiat.

170 2198 239 2238 Ac
260 2197 316 2238 de
338 2197 557 2239 Patribus
579 2198 712 2239 haec.

246 2269 425 2310 Verum
445 2269 501 2310 de
522 2270 752 2311 bonarum
778 2271 1019 2311 literarum
1046 2271 1211 2310 studiis
1241 2270 1510 2311 domesticis
1537 2277 1581 2311 et
1608 2272 1806 2323 publicis

168 2341 284 2380 haec
307 2341 517 2381 dicenda.
545 2340 794 2382 Orationes
811 2342 953 2382 latine
971 2342 1278 2394 conscriptas,
1299 2348 1343 2382 et
1361 2342 1573 2393 dialogos
1590 2342 1805 2383 uersibus

171 2412 470 2462 compositos,
490 2413 655 2453 haberi
672 2413 854 2464 publice
874 2413 1262 2464 frequentissime,
1286 2424 1467 2453 summo
1486 2425 1590 2453 cum
1608 2414 1806 2454 aliorum

171 2484 414 2534 applausu,
429 2487 480 2523 ut
492 2488 688 2534 praeter
701 2483 961 2524 multorum
974 2484 1241 2534 opinionem
1253 2488 1295 2524 et
1307 2484 1680 2535 expectatl‘onem
1694 2484 1805 2524 haec

169 2559 308 2605 saepe
327 2554 626 2605 contingant.
652 2555 807 2606 Quare
830 2555 887 2595 ad
910 2555 1062 2595 studia
1084 2555 1324 2595 literarum
1345 2556 1514 2596 mirum
1535 2556 1581 2596 in
1613 2557 1804 2596 modum

168 2624 490 2665 accenduntur
517 2625 732 2677 discipuli
760 2627 926 2675 nostri,
956 2626 1034 2677 qui
1066 2626 1139 2665 174
1166 2637 1288 2666 nunc
1317 2632 1438 2677 sunt,
1469 2638 1804 2679 speramusque

229 2786 238 2806 ¹
278 2786 395 2813 diebus
403 2785 559 2821 suerint.
576 2785 624 2813 lo.

223 2833 237 2852 Ξ
277 2833 340 2861 eis.
356 2832 406 2860 10.

222 2879 235 2899 5
275 2880 393 2908 cibum
411 2885 550 2916 capere.
566 2881 614 2909 [D.

222 2929 237 2949 4
277 2929 365 2956 forte
380 2930 451 2956 vix.
472 2929 520 2957 ID.

222 2977 237 2997 ⁵
274 2977 389 3004 facere
407 2976 529 3003 nostri.
546 2975 596 3004 Io.

220 3023 236 3043 ⁸
273 3024 394 3052 sedulo
410 3025 538 3052 curant
553 3024 685 3051 addidit
703 3024 882 3053 Polancus.

222 3071 233 3092 ἰ
273 3071 407 3106 aliquot
431 3072 613 3105 virginum
629 3073 807 3100 coenobiis
822 3073 952 3101 addidit
967 3073 1071 3101 etiam
1088 3074 1266 3104 PolancuS.
