2020 3342
862 247 942 283 AN.
973 245 1063 284 1556
1702 245 1767 282 571

151 339 484 391 misericordia,
507 352 625 392 quae
646 347 832 393 praesto
854 348 924 383 est
945 342 1171 393 omnibus,
1195 343 1260 383 illi
1281 342 1467 383 omnino
1490 353 1581 382 non
1609 340 1768 391 defuit3

149 422 255 451 cum
275 411 398 451 enim
424 413 650 452 niteretur
676 418 884 464 tempora
912 414 1013 465 ipsa
1043 415 1192 455 cultro
1219 413 1511 464 transfigere,
1540 418 1589 452 ut
1617 411 1770 452 nullus

149 482 279 521 locus
315 482 519 522 vulneris
554 484 783 524 curationi
817 485 1176 537 relinqueretur,
1213 486 1434 525 continuo
1469 483 1772 534 (miraculum

149 563 262 592 sane
283 557 603 604 opportunum
602 555 626 604 )
647 554 702 595 de
724 555 937 596 manibus
958 557 1104 597 culter
1126 557 1357 608 delapsUS,
1381 556 1428 596 in
1449 555 1565 595 duas
1595 553 1773 594 diuisus

148 630 217 663 est
239 630 410 675 partes,
434 624 497 664 ita
519 632 568 666 ut
588 637 680 665 non
702 626 932 667 sufficeret
953 628 1152 679 capitale
1174 628 1266 668 iam
1287 627 1457 667 vulnus
1478 625 1664 666 inferre.
1687 624 1772 664 His

149 695 213 735 ita
250 695 469 746 peractis,
504 696 603 747 ipse
625 696 827 748 quadam
856 699 1141 749 poenitentia
1171 699 1352 748 ductus,
1386 698 1463 738 ubi
1491 708 1539 736 se
1568 695 1768 746 collegit,

148 765 386 806 admirans
407 767 661 808 maximam
682 768 769 808 Dei
790 780 903 820 erga
925 781 974 809 se
996 769 1380 820 misericordiam,
1404 779 1628 819 suamque
1649 766 1770 807 dete-

146 842 277 877 stans
316 837 547 879 insaniam
587 844 726 891 atque
762 839 996 891 furorem,
1039 841 1226 881 Patrem
1270 846 1480 881 nostrum
1524 839 1772 879 Rectorem

145 920 286 960 quam
305 910 507 960 primum
523 911 747 951 accersiri
767 910 906 963 iubet;
929 912 1006 964 qui
1027 923 1131 952 cum
1154 913 1382 962 celeriter,
1404 918 1452 951 ut
1474 923 1548 952 res
1569 910 1769 962 postula-

144 979 238 1029 bat,
261 981 559 1031 accurrisset,
583 981 776 1022 crimina
799 983 863 1023 illi
883 995 966 1023 sua
989 983 1163 1023 detexit
1184 994 1356 1034 magno
1388 994 1494 1023 cum
1523 981 1665 1023 animi
1695 980 1772 1021 do-

144 1051 256 1101 lore,
285 1057 507 1103 tantoque
533 1052 619 1092 fuit
645 1052 800 1094 diuino
835 1066 1064 1094 accensus
1098 1066 1279 1104 amore,
1321 1060 1369 1094 ut
1404 1054 1489 1094 etsi
1526 1053 1770 1093 vulnerum

142 1122 279 1172 graui
298 1121 460 1162 dolore
480 1123 792 1174 cruciaretur,
814 1137 997 1176 semper
1027 1131 1182 1166 tamen
1210 1125 1361 1166 Deum
1392 1125 1437 1165 in
1467 1136 1548 1164 ore
1576 1124 1771 1163 haberet

144 1193 409 1245 Christique
429 1194 710 1246 passionem,
735 1196 808 1236 cui
831 1197 1013 1237 animae
1042 1209 1152 1237 suae
1173 1198 1371 1237 salutem
1394 1202 1636 1247 acceptam
1656 1194 1769 1235 refe-

143 1264 288 1305 rebat.
312 1265 522 1306 Tandem
541 1272 646 1318 post
666 1267 882 1318 triduum,
908 1268 1053 1308 alacri
1075 1268 1229 1308 animo
1259 1268 1555 1319 maximaque
1583 1278 1665 1318 spe
1696 1278 1769 1306 scz-

142 1335 260 1376 lutz's
293 1341 528 1387 aeternae,
564 1338 766 1379 animam
802 1340 1039 1380 exhalauit
1074 1351 1234 1380 coram
1268 1339 1317 1380 Ρ.
1355 1346 1516 1380 nostro
1551 1338 1766 1387 Rectore,

142 1419 280 1459 quem
299 1420 538 1460 nunquam
559 1421 585 1449 a
607 1421 692 1450 suo
713 1410 859 1451 latere
879 1410 1119 1451 discedere
1139 1411 1341 1451 volebat:
1370 1411 1620 1462 plurimum
1647 1410 1769 1450 enim

142 1479 395 1520 adiumenti
422 1480 523 1520 eius
550 1482 816 1532 praesentia
844 1482 889 1522 εἰ
912 1481 1159 1531 attulerat,
1188 1482 1284 1534 qui,
1313 1481 1552 1533 proposita
1587 1493 1770 1533 semper

142 1556 250 1590 ante
271 1550 369 1591 eius
385 1552 545 1592 oculos
562 1552 721 1593 diuina
738 1553 1074 1604 misericordia,
1093 1553 1287 1594 abduxit
1305 1553 1537 1593 l107m‘nem
1554 1553 1609 1593 ab
1626 1553 1769 1593 animi

141 1621 484 1673 desperatione,
498 1635 618 1675 quae
635 1624 755 1664 illius
772 1624 925 1665 animo
944 1624 1048 1664 altis
1065 1624 1216 1665 defixa
1230 1625 1467 1665 radicibus
1479 1624 1764 1665 inhaerebat.

220 1692 336 1734 Cum
371 1693 445 1734 hic
479 1695 810 1736 celeberrimus
839 1695 897 1736 sit
931 1702 1105 1747 portus,
1138 1696 1382 1748 facilisque
1411 1697 1457 1736 in
1492 1696 1768 1748 Hispaniam

140 1764 380 1815 transitus,
417 1766 621 1817 quotidie
654 1766 751 1807 fere
785 1766 1089 1819 hispanorum
1124 1768 1332 1820 plerique
1368 1768 1427 1808 ad
1462 1779 1548 1808 nos
1575 1767 1768 1808 veniunt

139 1835 407 1887 flagitantes
441 1837 686 1887 auxilium,
720 1850 841 1878 nunc
877 1839 922 1879 in
958 1839 1096 1879 rebus
1126 1839 1460 1891 spiritualibus,
1496 1851 1621 1879 nunc
1655 1850 1768 1879 uero

139 1907 242 1947 aliis
259 1907 306 1947 in
322 1908 476 1958 rebus,
496 1920 615 1960 quae
633 1909 691 1949 ad
710 1909 885 1950 victum
901 1910 1112 1961 attinent,
1133 1911 1299 1963 quibus
1316 1910 1486 1962 (quoad
1503 1912 1767 1962 possumus)

138 1989 272 2029 opem
293 1978 499 2020 ferimus.
524 1979 625 2030 Qua
647 1980 693 2020 in
714 1992 763 2020 re
785 1988 942 2021 tacere
959 1993 1052 2021 non
1073 1993 1263 2033 possum
1279 1993 1370 2033 quo
1388 1987 1525 2034 pacto
1543 1995 1567 2022 e
1584 1983 1768 2022 daemo—

137 2049 208 2089 nis
229 2050 443 2090 manibus
463 2051 651 2102 quidam
672 2062 852 2102 eornm,
883 2052 974 2091 Dei
992 2053 1181 2102 auxilio,
1205 2058 1294 2104 per
1317 2065 1404 2093 nos
1435 2053 1571 2094 fuerit
1604 2053 1765 2094 libera-

137 2126 224 2160 tus.
263 2120 380 2161 Cum
414 2121 536 2162 enim
571 2122 645 2162 ille
672 2122 846 2164 iamdiu
881 2135 1098 2174 egressus
1125 2131 1247 2165 esset
1275 2136 1334 2164 ex
1361 2124 1765 2167 dominicanorum

136 2192 375 2242 coenobio,
409 2192 482 2233 cui
504 2204 553 2233 se
574 2193 696 2233 uotis
718 2193 1016 2245 astrinxerat,
1039 2195 1290 2236 militarem
1310 2195 1606 2247 disciplinam
1636 2208 1765 2236 exer-

135 2262 323 2313 cuisset,
351 2263 553 2314 tandem,
587 2264 902 2305 conscientiae
932 2265 1130 2306 stimulis
1157 2266 1385 2317 agitatus,
1424 2267 1482 2307 ad
1518 2267 1766 2318 pristinum

137 2333 347 2374 ordinem
368 2335 539 2374 reuerti
560 2335 813 2384 constituit,
839 2335 913 2376 cui
944 2336 1032 2376 hoc
1064 2337 1218 2378 animo
1240 2349 1298 2378 ex
1319 2344 1480 2378 nostro
1503 2339 1765 2389 egredienti

135 2405 348 2455 collegio,
385 2405 542 2445 statim
577 2406 780 2446 occurrit
809 2407 940 2447 miles
966 2407 1168 2458 quidam,
1202 2408 1334 2449 cuius
1370 2409 1687 2450 familiaritate
1719 2411 1766 2450 in

135 2475 252 2516 bello
273 2475 425 2516 fuerat
446 2487 573 2527 usus;
595 2477 672 2528 qui
695 2477 914 2518 miserum
936 2477 1057 2519 hunc
1075 2479 1310 2520 hominem
1327 2481 1372 2520 ui
1390 2480 1448 2520 ad
1467 2481 1680 2521 triremes
1698 2481 1764 2522 ire

134 2547 302 2598 coegit,
332 2553 381 2587 ut
408 2547 470 2588 ibi
499 2548 729 2599 stipendia
761 2548 979 2590 militaria
1001 2557 1215 2601 mereret,
1240 2551 1377 2591 minis
1398 2552 1762 2605 terroribusque,

132 2618 171 2658 si
192 2618 237 2658 id
258 2617 490 2658 facturum
511 2625 721 2669 negaret,
753 2621 1155 2670 perterrefaciens:
1186 2622 1342 2674 itaque
1372 2634 1550 2675 pauper
1580 2624 1669 2672 ille,
1700 2624 1763 2664 in-

131 2689 253 2729 uitus
287 2688 558 2740 aliquandiu
590 2689 637 2729 in
669 2690 936 2731 triremibus
970 2692 1201 2743 detentus,
1230 2694 1527 2734 occasionem
1559 2695 1762 2746 quodam

128 2759 200 2800 die
232 2766 411 2810 nactuS,
435 2760 495 2800 ad
515 2771 600 2800 nos
622 2761 845 2812 confugit.
878 2761 931 2802 R.
956 2762 1004 2803 Ρ.
1035 2762 1222 2814 Rector,
1258 2765 1448 2816 cognita
1470 2766 1592 2806 illius
1615 2772 1762 2817 penu-

127 2830 219 2879 ria,
253 2831 551 2882 eleemosyna
583 2831 690 2871 hinc
718 2832 824 2872 inde
853 2844 878 2872 a
908 2834 1139 2875 nobilibus
1168 2835 1348 2876 ciuibus
1378 2843 1647 2887 corrogata,
1680 2850 1761 2885 Vve-

127 2907 245 2942 stem
267 2902 591 2942 monachalem
612 2903 655 2942 σι’
673 2903 796 2953 emit,
822 2911 961 2956 atque
984 2906 1045 2945 ita
1069 2917 1175 2946 eum
1193 2906 1378 2948 demisit
1401 2907 1459 2948 ad
1482 2908 1761 2950 Generalem

130 2972 200 3012 sui
221 2972 411 3023 ordinis,
434 2986 461 3013 a
483 2985 571 3025 qno
595 2974 643 3014 z'n
663 2985 804 3014 suum
831 2987 1050 3026 gregem,
1079 2982 1130 3018 ut
1154 2978 1275 3025 ouis,
1298 2990 1415 3030 quae
1435 2980 1662 3030 prrserat,
1694 2991 1758 3019 re-

132 3042 303 3082 ductus
323 3047 407 3084 est.
