2020 3342
203 194 249 231 40
710 194 937 231 LITTERAE
960 203 1321 236 QUADRIMESTREs

205 293 414 343 patruele
435 292 595 342 ipsius,
619 291 852 342 Episcopo
873 290 1192 330 familiaritate
1214 300 1268 329 ac
1291 288 1571 339 cognatione
1598 288 1827 328 iunctissi-

204 374 293 412 mo,
325 362 501 412 negotii
530 362 653 413 apud
682 361 966 413 Episcopum
995 360 1199 412 pollicito
1231 358 1556 410 patrocinium,
1586 358 1710 398 haud
1731 370 1825 398 am—

203 433 311 483 bigo
333 433 442 484 quin
464 432 565 472 voti
586 438 823 483 compotes
844 432 1031 471 tandem
1052 430 1269 470 euadant.

283 504 441 554 Itaque
476 509 657 542 tantum
690 502 882 542 honoris
911 501 1084 541 Diuina
1113 500 1336 540 Maiestas
1370 498 1592 539 Societati
1628 499 1822 538 contulit

205 575 292 613 hoc
317 573 482 613 initiali
502 580 689 613 nostrae
717 573 963 623 legationis
992 583 1129 621 anno,
1158 577 1209 611 vt
1241 571 1286 610 in
1317 569 1585 610 Aduentum
1616 569 1826 620 proxime

205 645 413 695 elapsum
435 645 632 693 Biliomi,
656 643 839 695 Ryomi,
871 642 1091 683 Issiodori
1117 641 1399 692 efflagitatus
1426 640 1615 679 fuerim:
1646 640 1693 678 in
1722 650 1826 690 pro-

205 715 379 755 ximam
408 727 522 755 vero
553 714 975 765 Quadi-agesimam
1005 713 1319 759 Claromonte,
1342 710 1526 762 Ryomi,
1560 722 1615 750 ac
1646 709 1827 750 Biliomi

206 785 509 825 desideratus.
542 785 685 836 Atqui
716 796 775 824 ex
809 783 1035 834 suffragio
1070 782 1290 834 Episcopi
1319 781 1670 822 Biliomensium
1703 780 1827 819 votis

205 857 367 896 annuit
388 857 559 896 Diuina
576 855 890 896 Prouidentia.

283 927 527 978 Vigesimo
560 927 709 978 primo
744 924 1028 976 Septembris
1059 937 1085 964 a
1112 924 1225 964 ΚΜ
1246 923 1448 963 Domino
1479 923 1538 962 ad
1568 920 1825 962 sacerdotii

206 997 485 1049 dignitatem
507 1003 697 1037 euectus
716 997 781 1036 fui
802 996 1101 1037 Claromonte
1118 1008 1125 1035 :
1143 994 1368 1046 postridie
1385 993 1569 1034 Biliomi
1584 993 1631 1033 in
1647 1004 1830 1032 summo

206 1070 380 1120 templo
402 1069 603 1120 primum
624 1067 905 1108 sacrificium
926 1067 1025 1106 Deo
1045 1066 1190 1106 obtuli
1210 1077 1315 1106 cum
1333 1071 1461 1105 tanta
1479 1064 1717 1104 hominum
1736 1069 1827 1103 tur-

202 1139 276 1189 ba,
295 1146 345 1179 vt
363 1151 504 1190 supra
525 1145 710 1178 centum
727 1144 858 1178 extra
880 1138 1005 1178 fores
1022 1137 1181 1187 templi
1197 1135 1427 1176 sacrificio
1444 1135 1509 1175 illi
1526 1135 1704 1175 solenni
1721 1134 1827 1174 asti-

203 1211 315 1250 tisse
336 1210 513 1250 seratur
535 1222 560 1250 a
582 1210 732 1249 bonae
753 1208 859 1248 fidei
879 1208 1090 1256 testibus,
1114 1206 1309 1257 Collegii
1331 1206 1663 1246 canonicorum
1691 1205 1827 1245 comi-

202 1288 300 1321 tatu
325 1282 589 1331 decoratus,
613 1281 706 1332 qui,
731 1281 868 1320 domo
890 1291 962 1319 me
986 1278 1216 1318 accersito
1238 1277 1494 1328 eodemque
1515 1277 1722 1326 reducto,
1750 1275 1828 1315 ho-

201 1353 330 1392 noris
351 1353 546 1392 multum
566 1351 678 1391 mihi
700 1351 1023 1391 exhibuerunt.

285 1424 516 1464 Mirantur
537 1434 698 1463 omnes
720 1423 904 1462 diuinae
924 1421 1106 1472 gratiae
1135 1419 1434 1472 praesidium,
1467 1431 1556 1470 quo
1586 1419 1732 1458 fretus
1758 1429 1829 1458 sa-

208 1507 289 1534 cra
310 1495 535 1546 mysteria
557 1493 718 1533 diebus
741 1493 936 1543 singulis
962 1492 1222 1543 frequento,
1253 1502 1307 1530 ac
1337 1490 1675 1541 professionem
1702 1489 1826 1529 theo-

205 1566 411 1616 logicam
433 1565 570 1605 simul
590 1571 634 1604 et
656 1564 924 1604 hebraicam
946 1573 1219 1614 prosequor,
1244 1568 1430 1612 praeter
1446 1561 1549 1611 pias
1566 1560 1828 1611 occupatio-

203 1648 285 1677 nes
315 1636 443 1676 horis
473 1635 731 1676 subseciuis
760 1634 1112 1685 subsequentes,
1143 1644 1258 1683 quas
1288 1632 1333 1671 in
1364 1631 1599 1671 visitando
1627 1629 1827 1670 xenodo-

204 1708 323 1758 chio,
344 1706 536 1747 aedibus
554 1706 904 1757 aegrotantium
922 1704 1161 1751 adeundis,
1182 1702 1551 1742 confessionibus
1568 1700 1825 1751 audiendis,

204 1779 391 1819 casibus
413 1778 728 1818 conscientiae
751 1776 1054 1825 resoluendis‚
1081 1775 1368 1824 caeterisque
1389 1773 1434 1813 id
1455 1784 1603 1823 genus
1620 1784 1678 1812 ex
1695 1783 1826 1812 occa-

207 1850 337 1889 sione
359 1849 669 1889 incidentibus
689 1848 892 1898 negotiis
914 1848 1107 1886 colloco.

287 1920 631 1971 Obstupescunt
655 1931 727 1959 me
749 1919 871 1958 dona
894 1929 949 1958 ac
970 1929 1164 1957 munera
1192 1916 1238 1955 in
1269 1914 1499 1955 sacrificio
1529 1914 1678 1964 primo
1710 1913 1827 1953 refu-

204 1998 345 2041 tasse,
370 2003 503 2042 quae,
529 1991 567 2030 si
590 2002 643 2029 ea
666 1989 910 2029 admittere
931 1988 1200 2037 voluissem,
1224 1986 1403 2025 amicus
1424 1985 1611 2036 quidam
1642 1992 1827 2024 centum

208 2074 353 2113 prope
377 2062 690 2113 capitatorum
716 2066 740 2110 ¹,
776 2061 821 2100 id
851 2066 933 2108 est,
967 2058 1305 2110 quinquaginta
1334 2057 1558 2096 librarum
1587 2055 1831 2096 Turonen-

208 2134 327 2173 sium
350 2134 500 2184 pretio
523 2132 871 2183 redempturum
892 2142 941 2170 se
963 2130 1200 2169 offerebat.

289 2203 523 2244 Ducatum
546 2214 754 2253 aureum,
779 2214 804 2241 a
833 2201 1035 2242 Domina
1065 2200 1237 2240 Montis
1267 2198 1451 2248 Morini,
1484 2198 1674 2237 illustris
1700 2197 1830 2237 fami-

206 2275 311 2324 liae,
346 2275 554 2323 missum,
589 2274 843 2323 remittens,
883 2272 1065 2312 animos
1094 2271 1341 2311 multorum
1377 2269 1599 2309 attonitos
1634 2268 1829 2308 reddidi.

207 2345 343 2386 Certe
376 2345 571 2385 mirifica
600 2343 965 2394 fragrantissimi
996 2341 1152 2382 odoris
1180 2341 1305 2381 fama
1326 2339 1382 2379 de
1404 2339 1634 2380 Societate
1655 2339 1830 2390 passim

206 2415 496 2465 diffunditur,
522 2415 646 2466 quod
666 2414 899 2465 stipendii,
923 2412 1181 2454 ministerio
1204 2411 1336 2451 verbi
1358 2422 1412 2450 ac
1430 2417 1829 2450 sacramentorum

207 2486 425 2537 liturgiae
442 2485 544 2537 jure
566 2485 864 2526 meritissimo
887 2483 1042 2533 debiti,
1067 2481 1279 2523 Societas
1301 2492 1469 2532 expers
1491 2492 1592 2520 esse
1613 2480 1827 2520 voluerit.

292 2556 589 2597 Claromonte
611 2566 791 2595 summo
814 2556 860 2595 in
881 2555 1068 2605 templo,
1100 2559 1344 2603 praesente
1374 2551 1487 2591 R.m0
1516 2551 1742 2600 Domino,
1776 2563 1831 2590 ac

211 2628 313 2667 aliis
337 2627 542 2667 eiusdem
566 2627 710 2675 vrbis,
734 2626 864 2673 locis,
890 2625 1185 2675 Castriponte
1205 2621 1233 2673 ⁴²,
1268 2623 1530 2673 Euscopiae
1554 2621 1581 2670 ⁵,
1611 2622 1773 2662 Brocis
1800 2619 1831 2669 ⁴,

209 2698 333 2749 apud
356 2697 560 2737 Montem
584 2696 831 2742 Morinum.
856 2697 902 2735 in
929 2695 1226 2735 Monasteriis
1253 2693 1557 2743 Marsacensi,
1591 2691 1830 2742 Veinensi‚

262 2859 272 2879 ί
314 2859 514 2893 Capitulum
530 2865 602 2883 esse
618 2858 754 2884 videtur
769 2857 943 2883 dimidium
958 2855 1082 2887 librae,
1097 2855 1183 2889 quod
1200 2855 1439 2888 appellabatur·
1455 2861 1562 2881 marc.

261 2908 274 2926 2¹
313 2907 400 2934 Pont
415 2907 456 2932 de
473 2905 636 2933 Clzateau.
659 2904 744 2932 Vide
760 2912 874 2938 supra,
891 2908 913 2930 t.
930 2911 975 2935 111.
993 2910 1070 2937 pag.
1082 2903 1144 2930 639.

262 2955 274 2973 ³
312 2954 492 2988 Euscopia¹
510 2952 756 2985 Beauregard.

260 3004 274 3022 4
315 3003 358 3028 Le
376 3002 472 3028 Broc,
