2020 3342
890 233 926 268 A
934 243 973 268 N.
1004 230 1093 269 1556
1736 226 1805 263 405

852 681 1141 734 DXXVII

256 910 302 947 Ρ.
323 910 563 949 Ursmarus
585 909 872 957 Goyssonius.

303 974 425 1012 Patri
444 974 615 1022 Ignatio
635 975 687 1012 de
707 974 893 1021 Loyola.

352 1039 512 1087 Praga.
537 1039 579 1076 16
599 1039 703 1086 Julii
724 1039 814 1076 1556
834 1039 858 1074 ¹.

965 1212 1036 1281 J'h.

270 1390 368 1431 Pax
388 1391 496 1442 Xpi.

265 1462 316 1502 In
337 1469 500 1513 questa
522 1467 756 1512 presente,
778 1459 879 1500 R.d0
899 1458 1047 1499 Padre
1064 1450 1172 1508 mio,
1191 1457 1379 1497 intendo
1399 1456 1809 1496 summariamente

182 1533 389 1574 scriuere
410 1533 562 1584 quello
583 1532 668 1572 che
690 1532 732 1571 ci
766 1542 907 1583 passa
943 1536 988 1570 et
1016 1533 1040 1568 e
1071 1534 1261 1580 passato
1297 1528 1343 1567 in
1378 1527 1533 1578 Praga
1568 1527 1625 1567 da
1657 1528 1808 1578 quello

184 1609 340 1655 tempo
362 1604 447 1644 che
468 1604 616 1643 siamo
637 1602 824 1652 ariuati,
848 1601 1238 1652 principalmente
1261 1598 1433 1650 doppoi
1454 1598 1539 1638 che
1555 1598 1701 1638 siamo
1723 1598 1811 1638 soli

183 1675 293 1715 stati
313 1674 360 1714 in
380 1679 542 1726 questo
566 1672 782 1724 collegio,
807 1679 851 1712 et
872 1671 1032 1723 partiti
1060 1671 1090 1710 li
1111 1670 1219 1710 frati
1241 1669 1288 1709 di
1308 1668 1481 1710 Sancto
1503 1668 1760 1709 Domenieo
1778 1673 1808 1708 ²:

182 1751 226 1786 et
247 1751 411 1797 questo
433 1744 635 1785 secondo
657 1744 684 1783 l'
706 1743 867 1783 ordine
890 1742 945 1782 de
962 1743 1005 1781 la
1028 1740 1335 1781 instructione
1371 1740 1455 1780 che
1485 1740 1684 1779 hauemo
1706 1751 1810 1790 por-

181 1823 277 1856 tato
300 1828 388 1856 con
409 1816 486 1855 noi
508 1817 554 1855 in
575 1814 729 1866 Praga
746 1813 775 1863 5;
799 1820 844 1854 et
865 1814 894 1853 il
916 1819 1036 1853 tutto
1059 1824 1085 1852 a
1113 1813 1288 1851 honore
1316 1811 1389 1851 del
1416 1810 1616 1861 Signore
1645 1817 1807 1850 nostro

181 1888 291 1940 Jesu
312 1887 409 1937 X.0,
429 1894 472 1926 et
494 1886 786 1927 edificatione
804 1884 911 1925 delli
932 1885 1081 1924 nostri
1102 1882 1287 1923 fratelli.

259 1958 415 1998 Primo
438 1964 611 2010 quanto
625 1957 715 1997 alla
733 1955 1026 1997 edificatione
1055 1954 1295 2005 spirituale
1315 1953 1388 1993 del
1401 1952 1567 2003 Regno
1591 1959 1633 1992 et
1652 1953 1745 1991 cita
1762 1952 1805 1991 di

181 2029 352 2081 Praga,
376 2028 702 2081 premittendo,
722 2028 753 2067 11
775 2027 993 2066 catholici
1015 2026 1100 2065 che
1122 2025 1167 2064 ui
1185 2036 1314 2074 sono,
1334 2035 1448 2064 sono
1469 2023 1586 2063 bene
1604 2023 1806 2062 edificari

182 2108 226 2141 et
244 2100 450 2141 contenti
472 2111 559 2140 con
576 2099 668 2149 noi,
689 2098 1019 2150 specialmente
1040 2096 1192 2148 quelli,
1213 2094 1287 2134 chi
1309 2101 1493 2135 temeno
1509 2093 1636 2134 Iddio
1655 2100 1698 2133 et
1714 2104 1809 2133 non

181 2172 338 2212 hanno
360 2178 555 2211 curuato
577 2171 607 2210 il
627 2168 907 2221 gionocchio
925 2167 1078 2207 inanzi
1100 2166 1145 2207 di
1165 2167 1285 2216 baal,
1310 2176 1443 2206 come
1460 2165 1490 2204 il
1512 2164 1754 2215 Preposito
1776 2162 1806 2213 ⁴,

178 2244 209 2283 11
225 2243 366 2295 quale
388 2246 413 2283 e
435 2253 565 2282 come
586 2240 977 2291 Archiepiscopo,
1007 2249 1090 2289 per
1117 2237 1202 2277 che
1224 2238 1342 2277 altro
1371 2247 1464 2276 non
1486 2236 1528 2276 ci
1558 2240 1597 2286 e,
1622 2236 1652 2275 il
1673 2236 1808 2286 quale

180 2321 322 2365 tenga
339 2315 382 2353 la
402 2313 627 2353 bandiera
648 2311 695 2352 di
714 2313 759 2351 13
782 2311 941 2351 chiesa
977 2309 1223 2359 catholica,
1255 2308 1390 2348 5111011
1412 2307 1457 2348 S.
1480 2306 1552 2355 R.,
1583 2313 1627 2347 et
1650 2307 1691 2346 61
1712 2306 1758 2346 fa
1781 2319 1806 2345 3

181 2386 259 2425 1101
278 2385 416 2425 molte
438 2385 671 2433 charesse,
697 2389 740 2423 et
761 2393 1000 2434 promoue,
1034 2385 1209 2431 quanto
1232 2391 1258 2419 a
1287 2380 1329 2419 la
1357 2390 1441 2418 sua
1474 2378 1689 2429 capacita
1711 2383 1755 2417 et
1777 2377 1807 2416 11

181 2456 343 2508 spirito
365 2456 450 2495 6116
472 2455 533 2494 113
551 2454 605 2494 de
626 2456 669 2494 13
692 2453 1002 2504 Compagnia‚
1021 2452 1062 2491 le
1080 2462 1187 2490 cose
1205 2449 1277 2490 del
1295 2449 1510 2499 collegio,
1530 2448 1682 2488 dando
1700 2460 1805 2487 con-

233 2616 243 2636 ¹
283 2616 532 2650 Autographae
549 2616 657 2643 tribus
672 2615 774 2646 soliis,
789 2621 843 2641 nn.
859 2614 923 2646 221,
938 2612 990 2639 2¹22
1005 2617 1037 2638 et
1053 2610 1246 2638 223.—Vere
1259 2611 1526 2645 quadrimestres
1541 2616 1605 2636 non
1625 2612 1712 2638 sunt,
1730 2616 1804 2635 cum

179 2671 218 2691 ea
233 2668 395 2690 enarrent
411 2668 553 2697 tantum,
570 2670 654 2697 quae
670 2662 773 2689 trium
788 2661 857 2688 fere
872 2660 1036 2687 mensium
1048 2659 1159 2692 spatio
1171 2658 1305 2692 Pragae
1318 2661 1418 2692 gesta
1429 2657 1533 2690 fuere:
1546 2657 1603 2683 sed
1617 2656 1803 2689 quadrime-

178 2712 300 2738 strium
319 2711 489 2738 desectum
505 2710 631 2745 optime
646 2710 816 2743 supplent.

231 2759 244 2778 2
282 2758 397 2786 Sancti
419 2757 602 2785 Clementis
622 2757 879 2789 monasterium,
904 2754 1085 2784 societati,
1110 2760 1169 2787 pro
1190 2752 1343 2786 Collegio
1366 2751 1589 2783 instituendo,
1616 2750 1803 2783 apostolica

177 2806 384 2833 auctoritate
402 2813 422 2833 a
437 2805 528 2839 Rege
544 2805 773 2831 Romanorum
788 2809 993 2832 concessum,
1010 2801 1203 2828 incolebant
1219 2800 1316 2834 pauci
1333 2799 1370 2826 O.
1392 2799 1428 2826 P.
1449 2798 1612 2832 religiosi.
1634 2797 1720 2824 Vide
1739 2796 1802 2822 Po—

176 2860 276 2880 LANCI
294 2852 496 2884 Chronicon,
511 2856 534 2879 t.
552 2860 584 2885 V,
598 2859 677 2886 pag.
692 2850 754 2884 250,
771 2858 802 2877 n.
817 2849 880 2877 705.

229 2900 244 2920 ³
280 2899 383 2934 “Ogni
396 2907 485 2927 mese
502 2901 534 2926 al
549 2899 605 2933 piu
620 2899 710 2926 tardi
727 2898 753 2926 si
769 2898 884 2925 scriva
900 2904 919 2924 a
935 2896 1053 2929 Roma,
1070 2903 1085 2922 e
1101 2895 1160 2922 alli
1176 2894 1305 2928 Collegi
1321 2894 1351 2920 di
1368 2893 1561 2926 Alemagna
1582 2893 1611 2918 le
1634 2892 1725 2918 volte
1742 2891 1802 2917 6116

178 2948 203 2974 51
220 2947 452 2974 acorderanno
466 2946 519 2973 fra
536 2947 639 2978 loro.„
657 2944 779 2972 Cartas
799 2944 841 2971 de
860 2943 930 2971 San
946 2943 1101 2976 Ignczcz'ol
1116 2946 1139 2968 1.
1160 2949 1204 2975 v1,
1220 2948 1299 2975 pag.
1313 2939 1376 2967 461.

230 2995 244 3014 ⁴
280 2994 466 3022 “Henricus
477 2993 602 3026 (Pisek)
613 2992 819 3026 Scribonius,
832 2991 995 3019 ecclesiae
1008 2989 1293 3024 metropolitanae
1308 2987 1523 3022 praepositus
1534 2992 1565 3013 61
1580 2985 1805 3013 archidioece-

177 3043 225 3069 sis
238 3042 526 3073 administrator.„
543 3042 820 3070 BRAUNSBERGER.
834 3042 855 3067 1.
871 3048 908 3073 6.,
924 3047 1001 3074 pag.
1018 3036 1080 3071 5118,
1093 3043 1206 3065 annot.
1221 3038 1248 3064 3.
