2020 3342
814 257 897 294 AN.
929 257 1021 294 1556
1662 258 1730 296 129

96 356 183 396 bus
203 355 278 395 hic
299 355 487 395 uiuendi
508 354 675 394 modus
696 353 898 393 maxime
919 353 1141 404 probatur
1163 364 1394 404 opereque
1422 352 1724 404 confirmant,

97 438 158 466 ex
179 437 268 477 quo
288 437 382 466 non
402 436 570 476 parum
589 423 886 464 emolumenti
907 423 966 463 ad
987 424 1164 474 reliqua
1195 423 1479 474 reipublicae
1511 424 1727 464 membra

99 502 430 548 peruenturum
453 496 749 535 arbitramur.
769 481 972 534 *Caetera
992 493 1127 533 huius
1148 493 1336 544 generis
1359 499 1621 545 praetereo;
1640 506 1727 534 nec

98 578 467 607 commemorare
501 566 756 617 aggredior
789 576 1035 605 numerum
1069 575 1245 614 eorum,
1283 565 1360 615 qui
1395 564 1613 604 Patribus
1648 576 1730 604 no-

99 638 210 678 stris
232 637 530 686 confitentur,
556 648 662 676 cum
683 636 805 676 enim
826 636 872 675 in
894 636 992 675 dies
1014 641 1213 686 crescat,
1238 635 1329 675 Dei
1358 635 1599 685 beneficio,
1624 647 1730 675 cer-

98 715 174 748 tus
194 719 416 748 numerus
437 707 671 757 assignari
692 719 785 746 non
806 712 971 758 potest.
997 705 1098 746 Hoc
1125 712 1281 745 tamen
1316 705 1596 745 confirmare
1626 717 1730 757 pos—

98 791 222 829 sum,
258 779 304 818 in
336 778 491 818 Natali
525 778 598 817 die
631 776 824 817 Domini
859 777 1084 817 ducentos
1119 776 1348 826 homines,
1386 777 1634 828 pluresque
1670 777 1717 816 in

100 850 273 890 Beatae
293 848 505 900 Virginis
526 848 854 888 Purificatione
874 848 921 888 in
942 847 1156 897 ecclesia,
1181 847 1227 886 in
1255 859 1346 898 qua
1375 848 1524 887 nostri
1553 847 1719 887 Patres

96 920 350 969 celebrant,
374 926 723 959 sacramentum
746 920 754 937 ¹
778 919 1050 970 sumpsisse.

179 990 232 1030 R.
256 991 394 1030 Pater
414 990 498 1030 Dr.
522 990 695 1029 Loarte
722 988 736 1006 ²
763 990 1097 1040 interpretatur
1126 989 1437 1039 Evangelium
1467 989 1573 1028 Diui
1606 988 1732 1029 Mat-

96 1061 225 1101 thaei
259 1062 305 1100 in
339 1062 512 1112 templo
548 1060 723 1100 maiori
754 1059 767 1078 ³
802 1060 938 1100 huius
965 1060 1105 1109 urbis,
1143 1068 1352 1110 ternpore
1386 1060 1730 1111 pomeridiano,

100 1132 305 1171 maximo
337 1143 442 1171 cum
469 1132 714 1182 applausu,
750 1131 923 1182 vixque
951 1130 1043 1170 dici
1071 1137 1224 1181 potest
1252 1137 1450 1182 quantos
1490 1131 1536 1170 in
1566 1130 1733 1170 italica

99 1203 260 1253 lingua
282 1202 442 1242 fecerit
465 1213 745 1253 progressus
765 1214 823 1241 ex
840 1213 894 1241 eo
910 1208 1132 1252 tempore,
1153 1213 1244 1252 quo
1262 1201 1338 1241 hic
1355 1201 1479 1252 apud
1496 1212 1580 1241 nos
1598 1213 1702 1241 com
1720 1224 1732 1230 -

100 1279 324 1322 moratur,
349 1273 465 1312 adeo
495 1279 544 1312 ut
572 1273 709 1312 liceat
737 1271 871 1312 nobis
897 1271 1146 1322 augurari
1167 1270 1182 1290 ⁴
1211 1273 1342 1312 breui
1374 1284 1509 1323 posse
1540 1272 1723 1323 publice

100 1343 387 1393 concionari,
412 1355 695 1394 quamquam
718 1343 762 1382 id
783 1343 923 1382 etiam
944 1354 1067 1382 nunc
1088 1342 1278 1382 efficiat:
1302 1354 1411 1382 nam
1433 1343 1496 1382 ita
1518 1343 1647 1393 legit,
1677 1350 1727 1383 ut

99 1415 237 1454 lectio
259 1415 445 1454 nomine
465 1420 647 1454 tantum
668 1426 695 1453 a
717 1414 942 1453 concione
964 1413 1149 1453 differre
1171 1413 1411 1463 uideatur;
1436 1413 1482 1453 in
1504 1425 1559 1453 ea
1586 1414 1731 1465 siqui-

99 1485 206 1525 dem
236 1486 348 1525 uitia
379 1486 551 1525 acriter
580 1485 852 1533 insectatur,
885 1485 931 1524 in
957 1485 1290 1533 foeneratores,
1323 1485 1401 1536 qui
1429 1485 1614 1535 plurimi
1649 1485 1724 1525 hic

99 1563 221 1607 sunt,
257 1557 557 1596 uehementer
588 1555 845 1606 inuehitur,
883 1554 942 1595 ad
976 1567 1161 1595 morum
1200 1556 1398 1606 denique
1438 1555 1719 1606 probitatem

100 1627 259 1667 omnia
280 1625 294 1644 ⁵
316 1627 490 1677 dirigit.

179 1698 306 1738 Idem
338 1698 565 1738 hactenus
597 1697 718 1747 legit
743 1695 757 1715 ‘³
792 1696 1054 1737 doctrinam
1089 1697 1410 1747 christianam,
1443 1697 1489 1737 in
1526 1698 1724 1749 collegio

101 1776 277 1819 nostro,
301 1769 610 1819 scholasticis,
633 1769 794 1808 diebus
816 1768 1026 1808 veneris:
1048 1767 1186 1807 modo
1209 1774 1379 1818 tamen,
1400 1770 1731 1809 nonnullorum

102 1840 273 1880 ciuium
307 1847 492 1889 rogatu,
525 1839 729 1890 incoepit
763 1838 974 1878 eamdem
1010 1839 1309 1890 interpretari
1345 1839 1391 1878 in
1426 1839 1540 1878 aede
1576 1839 1730 1879 Diuae

102 1909 294 1961 Mariae,
318 1922 437 1962 quae
460 1910 584 1950 haud
605 1910 768 1960 procul
789 1921 815 1948 a
844 1909 1040 1959 collegio
1072 1914 1232 1948 nostro
1265 1909 1423 1958 distat,
1457 1917 1506 1949 ut
1538 1910 1605 1950 sic
1634 1922 1733 1950 non

101 1982 254 2021 solum
274 1982 679 2031 scholasticorum,
702 1992 866 2020 uerum
887 1980 1027 2020 etiam
1049 1980 1267 2031 onmium,
1292 1981 1372 2032 qui
1393 1981 1621 2021 interesse
1648 1993 1732 2022 uo·

101 2053 286 2102 luerint,
309 2052 448 2092 saluti
470 2053 757 2092 consulatur.

181 2122 231 2162 Ρ.
254 2123 458 2175 Joannes
480 2123 493 2141 ⁷
515 2129 685 2162 octauo
706 2134 889 2174 quoque
918 2122 992 2162 die
1024 2122 1329 2162 concionatur
1359 2123 1406 2162 in
1433 2123 1728 2164 xenodochio

101 2194 317 2244 quodam,
340 2194 387 2233 in
409 2205 499 2244 quo
516 2193 656 2233 etiam
674 2205 701 2232 a
718 2193 890 2233 nostris
906 2193 1130 2232 fratribus
1146 2193 1413 2244 frequentes
1429 2193 1543 2234 fiunt
1560 2195 1707 2235 cohor
1721 2217 1735 2224 -

101 2265 316 2314 tationes,
340 2265 419 2316 qui
440 2264 602 2304 diebus
624 2251 885 2313 dominicis,
910 2264 1019 2303 dum
1039 2270 1226 2313 uacant,
1250 2264 1357 2304 illuc
1389 2276 1438 2304 se
1467 2265 1733 2314 conferunt,

100 2335 389 2374 consolaturi
410 2346 641 2386 pauperes
661 2335 778 2384 illos,
803 2334 881 2386 qui
902 2334 1105 2374 maxima
1129 2334 1391 2374 afficiuntur
1409 2336 1601 2386 laetitia,
1623 2337 1735 2376 dum

103 2411 286 2456 tempus
307 2405 708 2456 aegritudinisque
734 2405 958 2455 dolorem,
988 2411 1255 2445 nostrorum
1286 2405 1484 2446 fratrum
1515 2407 1735 2458 spiritali—

104 2476 190 2515 bus
210 2476 453 2527 colloquiis
472 2476 652 2515 fallunt.

160 2635 170 2654 ¹
208 2635 447 2662 eucharistiae
461 2639 726 2663 sacramentum.
742 2636 929 2664 Potmcus.

156 2682 170 2701 ‘-'
207 2683 244 2710 P.
260 2682 395 2717 Gaspar
411 2683 551 2710 Loarte.

156 2729 170 2749 3
206 2730 239 2756 in
253 2737 391 2757 summo
406 2732 543 2765 templo.
561 2731 749 2760 PomNcus.

156 2776 171 2796 ⁴
207 2777 390 2804 coniicere.
406 2777 455 2805 Io.

156 2823 170 2842 ⁵
210 2831 341 2851 omnes.
355 2825 406 2852 Io.

157 2869 172 2889 ⁰
208 2872 412 2905 explz'cauz't.
430 2872 479 2899 Io.

156 2918 170 2938 '¹
206 2918 317 2946 Fuere
331 2919 394 2946 hoc
409 2927 496 2947 anno
512 2920 650 2948 Genuae
666 2922 703 2949 P.
716 2921 863 2955 Joannes
878 2923 1039 2956 Baptista
1056 2924 1159 2952 vlola
1181 2928 1214 2952 et
1230 2925 1267 2952 P.
1288 2925 1433 2957 Joannes
1463 2926 1663 2960 Catalanus,
1678 2926 1735 2961 qui

101 2966 208 2993 >etiam
224 2966 440 2994 Castellanus
461 2968 651 2996 dicebatur.
672 2968 789 2996 Sermo
809 2974 923 2997 autem
937 2971 991 2997 hic
1007 2979 1081 2998 esse
1106 2972 1242 2999 videtur
1257 2973 1295 2999 de
1319 2973 1386 3006 illo;
1409 2974 1462 3000 hic
1484 2974 1573 3000 enim
1601 2975 1738 3001 litteras

106 3013 195 3040 domi
209 3013 362 3046 docebat;
377 3015 433 3041 ille
449 3014 591 3049 Collegii
606 3017 887 3050 superintendens
901 3023 976 3045 erat
993 3024 1025 3045 et
1042 3019 1213 3046 consuetis
1236 3019 1418 3047 Societatis
1444 3020 1645 3048 ministeriis
1662 3029 1739 3055 ope-

109 3067 181 3086 ram
197 3060 313 3087 dabat.

299 3119 348 3156 T.
381 3133 433 3158 1v.
1528 3141 1549 3174 9
