2020 3342
223 218 269 256 64
731 218 956 254 LITTERAE
985 227 1344 259 QUADRIMESTRES

223 315 373 356 Padre
393 315 424 355 il
444 315 492 355 Ρ.
517 315 578 354 Μ.
607 314 803 365 Ignatio,
840 314 1076 365 preposito
1110 315 1303 364 general
1338 314 1459 353 della
1490 313 1773 363 compagnia
1805 313 1852 353 di

224 386 335 440 Jesu
357 398 384 425 a
404 385 492 426 Sta
513 385 663 425 Maria
685 385 802 424 della
827 384 1010 433 strada,
1035 396 1061 424 a
1083 383 1246 423 Roma.

303 457 414 497 Alia
441 466 602 495 mmm:
624 455 999 505 Quadrimestres
1019 455 1258 494 Bononiae
1279 454 1491 507 Januarii
1516 454 1630 494 1556.

304 529 466 568 Manet
492 526 753 576 vestigium
777 525 948 576 sigilli.

860 951 1226 1004 CDLXVIH

298 1183 345 1219 P.
366 1181 662 1229 Hieronymus
682 1180 862 1218 Bassius
881 1178 963 1221 (Le
984 1177 1094 1223 Bas)

347 1247 467 1284 Patri
485 1246 655 1293 Ignatio
675 1246 728 1283 de
747 1244 932 1291 Loyola.

395 1311 718 1355 Claro-Monte,
740 1311 784 1348 15
800 1309 1000 1357 Januarii
1021 1308 1112 1346 1556
1131 1309 1156 1344 ¹.

309 1521 473 1562 Gratia
496 1527 539 1560 et
562 1531 655 1570 pax
676 1518 867 1559 Domini
888 1519 1036 1558 nostri
1057 1518 1170 1571 Jesu
1192 1518 1367 1559 Christi
1388 1528 1571 1568 semper
1594 1515 1794 1556 abundet
1810 1515 1857 1555 in

231 1579 449 1632 cordibus
470 1592 659 1631 nostris.
684 1591 850 1630 Amen.

309 1662 616 1703 Profectionis
638 1668 827 1702 nostrae
849 1662 1079 1701 rationem
1102 1662 1147 1701 in
1175 1661 1458 1701 Aruerniam
1486 1658 1607 1699 R.dae
1645 1658 1697 1699 T.
1730 1658 1852 1698 Ρ.ἴειῒὶ

232 1734 395 1785 paucis
428 1734 759 1784 perstringere,
798 1743 968 1783 operae
998 1732 1198 1783 pretium
1228 1731 1516 1771 existimaui:
1549 1737 1645 1769 tum
1666 1729 1790 1781 quod
1809 1729 1856 1769 id

228 1810 422 1845 sanctae
445 1803 735 1843 obedientiae
758 1803 1015 1842 auctoritas
1036 1814 1107 1842 me
1129 1803 1286 1842 facere
1307 1801 1581 1853 praecipiat,
1606 1807 1703 1840 tum
1730 1800 1854 1851 quod

228 1880 416 1915 nostros
437 1875 797 1925 qualescumque
821 1879 1016 1913 conatus
1038 1873 1246 1922 consilio,
1271 1873 1534 1923 prudentia,
1566 1871 1856 1910 orationibus

228 1945 351 1986 Reae
379 1945 431 1985 T.
456 1944 556 1984 Pstis
583 1950 808 1996 perpetuo
829 1943 984 1995 juuasi
1005 1944 1233 1983 desidero.

306 2016 466 2067 Itaque
487 2015 596 2055 Diui
625 2014 870 2054 Michaelis
899 2014 1135 2054 solemniis
1165 2017 1179 2035 ²
1204 2026 1296 2053 una
1325 2025 1429 2053 cum
1461 2013 1690 2063 Magistro
1718 2012 1855 2052 Petro

230 2087 435 2136 Camenis,
460 2086 604 2126 fratre
624 2093 787 2125 nostro
820 2085 1111 2133 charissimO,
1146 2084 1307 2124 Genua
1338 2085 1515 2133 relicta,
1545 2082 1857 2123 Mediolanum

229 2169 396 2198 versus
418 2157 757 2207 contendimus,
782 2157 926 2196 tutius
949 2168 1004 2196 ac
1027 2155 1260 2195 salubrius
1282 2155 1566 2194 arbitrantes
1587 2155 1751 2194 itinere
1781 2165 1858 2204 pc-

230 2229 372 2269 destri
395 2240 533 2280 quam
560 2227 751 2278 nauigio
780 2227 1036 2278 proficisci;
1066 2226 1252 2266 tandem
1283 2226 1485 2265 maximo
1513 2225 1600 2265 Dei
1634 2223 1856 2265 beneficio

230 2300 332 2340 sani
354 2305 397 2339 et
418 2299 675 2339 incolumes
696 2298 833 2338 ambo
856 2298 940 2337 sub
963 2297 1072 2337 Diui
1092 2297 1248 2337 Lucae
1265 2296 1434 2336 festum
1451 2295 1464 2313 ⁵
1481 2295 1762 2347 Lugdunum
1779 2307 1858 2346 ap-

230 2370 446 2421 pulimus
471 2368 648 2409 Placuit
669 2368 804 2408 fratri
824 2375 1002 2418 nostro,
1026 2367 1380 2419 praetereundo,
1402 2366 1578 2418 jamdiu
1606 2378 1700 2406 non
1726 2366 1856 2406 visos

230 2441 433 2480 inuisere
453 2445 686 2491 parenteS,
711 2439 790 2490 qui
809 2439 892 2478 vix
915 2451 940 2478 a
962 2444 1111 2477 matre
1134 2438 1350 2488 cognitus
1373 2438 1520 2488 (pater
1548 2438 1641 2477 iam
1669 2447 1858 2476 conces—

231 2517 357 2551 serat
393 2510 514 2558 fato)
556 2510 809 2549 maximam
846 2510 893 2549 in
933 2508 1134 2548 Domino
1171 2508 1538 2548 consolationem
1579 2519 1661 2547 sua
1703 2506 1856 2546 attulit

230 2581 511 2632 praesentia.
536 2580 789 2631 Postquam
811 2579 1207 2620 Clarummontem
1226 2579 1523 2629 peruenimus
1552 2576 1579 2625 ²⁴,
1614 2590 1639 2617 a
1667 2576 1771 2617 Rssla
1800 2575 1854 2616 T.

231 2651 360 2691 paam
386 2662 502 2702 quas
523 2651 808 2690 habebamus
830 2651 889 2690 ad
909 2650 1051 2690 D.¹¹¹¹m
1075 2649 1358 2700 Episcopum
1380 2649 1393 2668 ⁵
1415 2649 1574 2688 literas
1601 2646 1630 2698 ⁶,
1662 2648 1703 2687 ei
1730 2648 1856 2687 obtu-

286 2789 295 2807 ¹
336 2787 389 2814 Ex
403 2788 471 2819 vol,
487 2787 564 2813 anni
585 2786 659 2813 1555:
678 2785 914 2819 autographae
931 2785 1055 2818 duplici
1072 2784 1161 2815 folio,
1178 2792 1230 2810 nn.
1246 2784 1299 2810 337
1315 2788 1348 2810 et
1362 2783 1426 2810 338.

284 2836 298 2855 2
334 2834 513 2868 Vigesima
529 2841 616 2860 nona
631 2832 854 2867 Septembris.

284 2881 298 2901 ⁵
335 2881 476 2908 Decima
491 2885 616 2908 octava
632 2879 801 2907 Octobris.

284 2930 299 2949 4
336 2928 571 2955 Pervenerunt
587 2928 754 2961 vigesima
769 2931 867 2953 sexta
885 2926 1051 2953 Octobris.
1068 2925 1242 2952 PoLAxcus
1259 2925 1289 2951 in
1306 2924 1481 2956 Chronico,
1497 2928 1517 2950 t.
1581 2930 1657 2957 pag.
1669 2921 1731 2954 346,
1747 2930 1778 2949 n.
1791 2922 1855 2950 935·-

287 2978 301 2997 5
339 2975 558 3003 Guilielmum
573 2975 615 3002 du
632 2975 727 3001 Prat.

285 3022 300 3043 ὃ
338 3022 406 3049 Eas
420 3022 497 3049 vide
513 3021 545 3050 in
563 3021 687 3049 Canas
702 3022 744 3048 de
761 3021 832 3047 San
850 3020 1004 3054 Ignacio,
1019 3024 1042 3046 t.
1060 3028 1092 3053 ν,
1108 3026 1188 3054 pag.
1204 3018 1257 3046 406
1271 3023 1303 3046 et
1318 3018 1384 3045 324.
