2020 3342
277 234 346 272 334
783 231 1009 269 LITTERAE
1035 239 1391 274 QUADRIMESTRES
1412 259 1420 265 ,

277 330 516 371 manitatis
543 329 737 379 classes,
774 334 869 368 tres
899 327 1051 368 adhuc
1081 327 1325 368 inferiores
1355 327 1693 377 desideremus,
1722 338 1899 368 earum-

277 413 366 453 que
395 402 607 440 lectores.
637 400 797 451 Itaque
823 399 996 440 bonum
1022 399 1121 439 fore
1150 398 1354 449 uidetur,
1383 400 1422 439 si
1447 398 1673 450 quosdam
1702 398 1899 439 Boemos

276 471 609 524 grammaticos
630 471 690 510 ad
709 470 799 510 hoc
819 470 973 510 mittat
995 469 1104 510 R.tia
1124 469 1312 520 Vestra,
1332 469 1409 521 qui
1424 469 1471 509 in
1487 469 1576 509 illis
1593 469 1819 510 classibus
1834 469 1898 509 in-

275 542 521 583 ferioribus
550 541 730 593 possint
758 541 966 581 boemice
996 546 1075 581 aut
1106 541 1375 591 germanice
1408 540 1632 580 lectiones
1658 540 1900 581 inferiores

277 614 531 665 explicare,
556 612 678 664 quod
699 618 970 664 pergratum
999 612 1064 652 eis
1084 611 1215 652 foret.
1245 611 1425 662 Tertio,
1458 622 1634 662 paucos
1663 611 1899 651 auditores

278 697 362 725 nos
392 684 632 724 habituros
662 683 815 723 ferunt
845 689 1200 735 perseuerantes
1222 682 1267 722 in
1288 682 1567 733 Theologia,
1599 681 1899 734 Philosophia

277 762 364 796 etc.
388 755 525 795 Faxit
546 753 674 794 Deus
693 761 742 794 ut
765 754 920 794 omnia
941 753 1052 794 fiant
1074 754 1133 794 ad
1161 754 1361 804 gloriam
1392 759 1436 793 et
1457 754 1681 793 honorem
1707 753 1883 793 sanctis

277 827 381 866 simi
402 825 473 866 sui
494 825 694 865 nominis
715 831 759 865 et
780 825 976 865 salutem
1005 825 1281 865 animarum.

356 896 490 948 Quod
520 896 577 936 ad
604 897 801 936 lectores
831 896 1016 945 attinet,
1050 895 1112 935 M.
1135 895 1366 936 Henricus
1394 894 1405 914 ¹
1426 895 1498 935 bis
1526 895 1709 936 docebit
1737 895 1784 935 in
1811 894 1898 946 die,

277 979 411 1008 mane
460 966 717 1018 Epistolam
765 966 823 1006 ad
870 965 1106 1006 Romanos
1128 998 1136 1017 ,
1183 972 1287 1018 post
1335 966 1584 1018 prandium
1631 965 1901 1006 hebraicam

277 1038 635 1090 grammaticam
663 1049 768 1077 cum
795 1037 956 1078 Veteri
982 1037 1297 1078 Testamento.
1329 1036 1690 1077 Concionabitur
1717 1047 1900 1088 quoque
1946 1056 1951 1071 ι

278 1110 324 1149 in
358 1110 530 1161 templo
564 1114 725 1149 nostro
762 1108 888 1148 circa
921 1108 1089 1148 festum
1125 1108 1483 1159 Penthecostes,
1520 1107 1706 1148 fauente
1744 1107 1899 1159 gratia

276 1179 384 1231 Dei,
408 1180 632 1231 paulatim
659 1191 708 1219 se
728 1180 996 1230 germanice
1018 1178 1295 1220 exercendo.
1325 1179 1444 1219 M.ter
1463 1179 1669 1232 Joannes
1695 1178 1752 1219 de
1780 1177 1900 1218 Tilia

277 1251 613 1303 aliquantulum
648 1251 910 1301 aegrotauit
946 1263 1027 1302 per
1053 1262 1195 1291 unum
1226 1256 1304 1290 aut
1333 1251 1531 1291 alterum
1559 1250 1706 1300 diem;
1735 1260 1901 1290 Verum

278 1323 436 1362 statim
476 1333 557 1373 per
596 1322 800 1372 gratiam
839 1321 926 1362 Dei
966 1322 1216 1362 conualuit.
1254 1321 1453 1362 Videtur
1493 1321 1656 1362 timere
1692 1321 1900 1361 laborem

278 1393 486 1444 legendi,
510 1404 595 1433 nec
624 1392 743 1433 affici
772 1393 831 1433 ad
856 1393 1012 1444 plures
1040 1404 1179 1444 quam
1207 1393 1267 1433 ad
1296 1404 1438 1433 unam
1463 1392 1711 1433 lectionem
1732 1391 1902 1432 facien·

278 1463 404 1504 dam.
442 1464 716 1504 Videbimus
751 1471 906 1504 tamen
946 1464 1177 1515 quomodo
1217 1464 1258 1504 ei
1298 1464 1515 1504 succedet
1555 1462 1583 1504 ².
1620 1462 1902 1514 Scripsimus

276 1547 361 1587 pro
384 1535 529 1575 fratre
557 1542 717 1575 nostro
737 1535 873 1575 Mtro.
902 1535 1133 1588 Joichimo
1160 1534 1197 1585 ⁵,
1231 1535 1310 1587 qui
1337 1543 1406 1575 est
1432 1534 1666 1582 Viennae,
1696 1539 1745 1574 ut
1770 1533 1904 1574 nobis

279 1607 383 1647 aliis
405 1606 631 1647 classibus
657 1605 955 1646 inferioribus
983 1612 1252 1656 succurrat,
1276 1617 1400 1657 cum,
1424 1612 1474 1646 ut
1497 1605 1671 1646 dictum
1691 1610 1782 1655 est,
1806 1605 1901 1657 plu-

276 1689 352 1718 res
387 1678 584 1718 debeant
619 1689 720 1717 esse
754 1678 974 1726 lectores,
1005 1689 1144 1729 quam
1172 1677 1539 1717 intendebamus.
1576 1676 1751 1717 Poterit
1781 1675 1902 1716 enim

275 1749 510 1790 rethorem
533 1759 689 1799 agere,
712 1749 784 1788 uel
806 1748 1104 1788 humaniores
1125 1749 1296 1799 legere.
1320 1747 1492 1788 Siluius
1511 1746 1527 1765 ⁴
1548 1747 1732 1787 uidetur
1747 1747 1902 1798 potius

276 1821 467 1860 moralis
486 1820 730 1870 theologus
751 1830 891 1870 quam
911 1819 1192 1870 rethoricuS,
1223 1825 1302 1859 aut
1328 1823 1487 1870 poeta,
1511 1830 1649 1870 quam
1676 1818 1902 1858 humana-

276 1903 379 1931 rum
413 1891 654 1932 literarum
688 1890 949 1941 professor;
988 1890 1045 1930 ad
1076 1890 1268 1942 quaeuis
1294 1896 1451 1930 tamen
1480 1890 1771 1940 resignatum
1797 1898 1903 1929 eum

274 1962 427 2013 uideo,
452 1968 496 2001 et
517 1962 755 2013 speculum
777 1961 1080 2001 obedientiae.
1104 1961 1242 2001 Faxit
1263 1961 1411 2012 Deus,
1435 1966 1484 2001 ut
1508 1971 1668 2001 omnes
1690 1959 1903 2000 eumdem

274 2033 488 2084 spiritum
510 2032 601 2072 cito
624 2032 864 2072 imbibant.
895 2031 1240 2074 Utinamillum
1268 2032 1567 2072 comitaretur
1598 2031 1746 2071 maior
1775 2030 1902 2070 uiua·

276 2104 392 2144 citas
414 2109 457 2144 et
479 2109 644 2143 sancta
665 2103 900 2154 superbia.
930 2103 1214 2143 Consaluum
1247 2102 1260 2122 ⁵
1286 2103 1481 2144 fecimus
1509 2103 1788 2153 ministrum,
1813 2100 1904 2142 Ga-

275 2186 460 2226 sparem
482 2173 684 2225 Grigher
705 2180 1048 2223 sacrestanum,
1084 2174 1409 2215 Balthasarem
1438 2172 1452 2192 ⁶
1482 2173 1746 2214 infimorum
1773 2183 1903 2224 prae·

276 2252 512 2297 ceptorem
537 2256 811 2296 puerorum,
836 2245 913 2296 qui
933 2256 1035 2285 sese
1057 2246 1149 2285 iam
1173 2250 1359 2285 exercet
1389 2245 1436 2285 in
1463 2243 1727 2284 huiusmodi
1754 2242 1903 2283 officio

276 2327 381 2356 cum
402 2315 678 2367 quibusdam
707 2315 975 2365 iuuenibUS,
1000 2316 1078 2366 qui
1100 2315 1159 2355 ad
1179 2326 1265 2355 nos
1286 2315 1482 2366 singulis
1513 2315 1673 2355 diebus
1692 2314 1900 2362 veniunt,

278 2393 580 2439 expectantes
601 2393 783 2437 tempus
804 2386 1078 2426 studiorum.

329 2620 339 2639 ¹
380 2619 415 2646 P.
433 2619 600 2646 Henricus
616 2619 836 2655 Blyssemius,
858 2620 896 2646 de
913 2627 976 2654 quo
989 2627 1106 2654 supra.

329 2665 343 2684 2
382 2665 552 2692 Successit
569 2670 683 2692 autem
699 2666 727 2692 ei
744 2666 924 2693 infeliciter
941 2667 1035 2699 satis,
1052 2671 1088 2694 ut
1105 2667 1221 2693 videre
1237 2670 1288 2693 est
1305 2666 1394 2700 apud
1409 2666 1570 2700 SCHmDL,
1586 2667 1607 2694 l.
1622 2673 1661 2698 c..
1678 2673 1710 2693 n.
1722 2665 1772 2693 215.

329 2713 342 2732 ⁵
381 2713 476 2740 Hunc
491 2713 585 2740 illum
600 2714 835 2741 existimamus
850 2721 942 2745 esse,
965 2714 1059 2748 cujus
1081 2715 1207 2741 mentio
1229 2713 1323 2742 facta
1339 2718 1389 2741 est
1406 2714 1439 2741 in
1453 2713 1602 2742 ΡοιΑΝεῐ
1625 2713 1805 2747 Chronico,
1822 2717 1848 2741 t.
1868 2719 1904 2746 11,

277 2768 355 2795 pag.
370 2760 431 2794 291,
447 2767 478 2787 n.
493 2760 555 2792 256,
572 2768 648 2794 pag.
662 2760 724 2793 421,
741 2768 772 2788 n.
787 2761 814 2795 7,
829 2765 862 2788 et
877 2768 956 2795 pag.
971 2760 1032 2793 507,
1050 2769 1080 2788 n.
1093 2761 1156 2794 228,
1173 2762 1294 2795 quique
1307 2761 1529 2795 aDELPLACE,
1543 2760 1851 2789 L¹etablissement
1861 2760 1904 2788 de

276 2809 311 2835 la
326 2808 538 2842 Compagnz'e
554 2808 596 2834 de
609 2807 718 2842 ‚Iesus
732 2808 816 2835 dans
832 2809 880 2835 les
896 2808 1080 2844 Pays—Bas,
1096 2816 1175 2843 pag.
1189 2809 1234 2843 3*,
1250 2810 1445 2843 appellatur
1459 2809 1655 2843 Joachimus
1671 2808 1901 2836 Christiaens.

276 2856 308 2883 Is
324 2860 436 2883 tamen
451 2856 659 2889 aegrotabat
674 2855 773 2882 nimis
788 2856 852 2883 hoc
868 2861 1019 2891 tempore
1035 2860 1071 2883 ut
1087 2855 1221 2882 Vienna
1236 2855 1387 2891 Pragam
1399 2856 1552 2884 conferre
1566 2863 1602 2883 se
1616 2856 1763 2883 valeret.

329 2904 344 2923 ⁴
381 2903 502 2930 Petrus
517 2910 584 2930 van
600 2903 662 2929 den
675 2902 805 2930 Bosche
819 2903 994 2938 (Sylvius),
1010 2904 1049 2930 de
1066 2910 1129 2937 quo
1144 2903 1280 2937 saepius
1291 2904 1362 2939 jam
1377 2904 1410 2931 in
1424 2904 1476 2931 his
1491 2902 1639 2931 Litteris
1660 2907 1693 2930 et
1708 2903 1741 2930 in
1755 2897 1904 2930 Poma&

280 2951 455 2979 Chronico.

329 2996 344 3017 ὅ
380 2997 581 3031 Consalvus,
598 2998 652 3024 vel
668 2997 906 3031 Gundisalvus,
924 2998 1082 3026 Calaber.
1098 2998 1257 3033 SCHMJDL,
1273 2999 1294 3026 l.
1310 3006 1349 3034 c.,
1365 3006 1397 3026 n.
1411 2999 1455 3026 27.

330 3043 345 3065 ⁶
381 3045 568 3073 Balthasar
581 3044 729 3078 (Sarum)
744 3052 764 3073 a
781 3045 1035 3073 Psarrkirchen.
1048 3046 1108 3078 lo..
1125 3046 1209 3075 ibid.
