2020 3342
267 226 338 272 498
775 228 999 272 LITTERAE
1026 239 1328 277 QUADRIMESTR
1336 238 1383 271 Es

347 331 418 371 De
449 331 637 382 reliquis
666 331 874 380 negociis
903 331 1074 370 nostris
1099 331 1189 370 hoe
1219 335 1431 382 superest
1465 328 1736 380 dicendum,
1765 327 1888 381 quod

267 404 488 454 templum
509 409 718 441 nostrum
741 401 833 441 iam
855 407 1002 441 totum
1025 401 1290 441 dealbatum
1311 408 1394 451 est,
1418 401 1573 451 ligneo
1596 407 1793 440 stratum
1810 412 1886 452 pa-

267 473 487 522 uimento,
510 472 729 512 sedilibus
750 471 808 511 ad
836 478 1081 522 utrumque
1112 472 1233 511 latus
1262 471 1393 512 chori
1423 470 1686 522 adaptatis,
1706 471 1886 511 cancel-

266 545 342 594 lis,
367 555 482 594 quos
503 543 765 582 balaustros
794 549 984 592 uocant,
1017 542 1192 583 circum
1220 543 1365 582 altare
1396 542 1679 593 sepientibus
1709 548 1754 581 et
1784 541 1885 582 reli-

266 615 369 666 quis
390 614 492 653 aliis
511 613 715 654 scamnis
737 624 818 664 per
840 614 1059 664 templum
1086 613 1253 664 ubique
1277 613 1526 665 appositis,
1550 619 1600 653 ut
1622 623 1743 653 nunc
1776 611 1886 652 illud

267 685 487 736 templum
507 716 514 734 ,
555 684 677 735 quod
716 684 918 724 omnium
959 684 1232 724 uilissimum
1270 684 1513 724 uidebatur
1535 716 1542 734 ,
1583 695 1707 723 nune
1746 683 1887 734 longe

268 756 493 804 omnium,
517 756 766 795 multorum
787 754 977 804 iudicio,
1001 755 1091 795 dici
1110 739 1258 806 possit
1279 755 1665 806 pulcherrimum,
1690 754 1888 794 caeteris

268 833 420 867 tamen
445 826 650 877 paribus,
675 825 782 877 quia
808 824 815 843 '
840 837 931 865 non
953 825 1008 865 de
1030 825 1228 877 superbo
1250 825 1484 875 aedificio,
1507 824 1588 865 sed
1610 825 1666 865 de
1688 837 1888 865 commo-

267 897 409 938 ditate
431 909 606 947 eorum,
631 897 707 948 qui
731 897 802 937 vel
824 897 972 937 sacris
990 897 1290 937 concionibus
1308 897 1546 946 interesse,
1565 896 1640 936 vel
1657 895 1716 936 ad
1734 907 1887 936 sacra-

266 975 419 1009 menta
442 967 747 1008 confessionis
768 980 823 1008 ac
846 969 994 1008 almae
1016 969 1226 1019 synaxis,
1251 967 1475 1008 accedere
1496 967 1745 1008 noluerint.

346 1039 549 1080 Auctum
570 1045 638 1079 est
661 1038 919 1090 Collegium
940 1039 1028 1079 hoc
1050 1038 1363 1090 Tyburtinum
1388 1038 1467 1078 500
1487 1039 1666 1086 aureis,
1691 1049 1890 1090 quorum

265 1110 519 1152 redditibus
545 1116 593 1150 ut
622 1109 768 1149 nostri
802 1110 1062 1159 alerentur,
1093 1109 1213 1149 RduS
1241 1109 1481 1159 sacerdos,
1519 1108 1578 1150 D.
1608 1109 1889 1149 Laurentius

265 1182 425 1222 Uirilis
446 1180 475 1232 ²,
499 1181 718 1221 fundator
740 1180 878 1220 huius
900 1181 1046 1220 nostri
1074 1180 1288 1231 Collegii,
1320 1180 1609 1231 iamdudum,
1641 1186 1889 1231 antequam

265 1252 530 1302 decederet,
554 1257 834 1292 testamento
862 1251 1062 1303 reliquit.
1098 1251 1220 1291 Vere
1247 1251 1321 1291 ille
1349 1250 1436 1291 Dei
1464 1263 1628 1291 seruus
1658 1250 1804 1291 fidelis
1833 1262 1889 1291 ae

264 1324 482 1376 prudenS,
506 1330 641 1375 pater
662 1324 912 1363 multarum
933 1322 1155 1373 gentium,
1180 1334 1297 1374 quas
1319 1323 1580 1363 clanculum
1602 1322 1697 1362 suis
1718 1322 1889 1374 impen-

265 1396 344 1446 sis,
368 1407 449 1447 per
470 1394 610 1434 fidum
631 1394 854 1434 famulum
875 1405 1009 1434 suum
1032 1393 1213 1444 oblatis,
1237 1393 1296 1433 ad
1312 1393 1487 1433 uictum
1504 1393 1783 1433 necessariis
1801 1393 1890 1432 ale-

265 1467 367 1517 bat,
390 1466 514 1518 quod
539 1472 644 1517 post
673 1466 770 1505 eius
801 1473 996 1505 mortem
1025 1464 1267 1504 manifeste
1299 1464 1447 1515 patuit
1476 1476 1535 1504 ex
1563 1463 1891 1516 lachrymabili

266 1544 445 1589 questu,
478 1549 533 1577 ac
561 1536 933 1577 lamentabilibus
964 1535 1177 1585 uocibus,
1202 1542 1246 1575 et
1267 1536 1456 1586 planctu
1485 1546 1655 1585 magno
1685 1534 1891 1575 omnium

265 1608 360 1649 fere
389 1619 646 1660 pauperum
672 1607 806 1648 huius
837 1607 984 1656 urbis,
1019 1618 1124 1646 cum
1153 1606 1211 1646 ad
1239 1606 1337 1646 eius
1367 1606 1571 1646 cadauer
1598 1606 1890 1646 accederent:

266 1680 398 1720 cuius
419 1679 558 1720 etiam
579 1679 715 1719 funus
738 1678 791 1718 R.
816 1677 863 1718 Ρ.
887 1677 1146 1727 Bobadilla,
1171 1677 1395 1717 concione
1413 1677 1469 1717 de
1487 1677 1585 1717 eius
1602 1677 1697 1717 uita
1716 1677 1888 1727 habita,

265 1751 519 1799 decorauit,
543 1750 620 1791 ubi
641 1761 780 1801 quam
800 1749 994 1790 fideliter
1015 1760 1069 1789 ac
1088 1749 1338 1800 prudenter
1356 1760 1462 1788 cum
1478 1749 1664 1788 talentis
1682 1748 1891 1800 acceptis

265 1821 342 1862 diu
364 1821 628 1872 negotiatus
650 1828 794 1871 esset,
824 1826 1061 1860 ostensum
1088 1819 1186 1859 fuit.
1217 1819 1427 1859 Tandem
1454 1819 1499 1859 in
1528 1820 1699 1871 templo
1730 1825 1890 1860 nostro

266 1893 325 1933 ad
346 1892 592 1933 dexterum
613 1892 777 1932 altaris
800 1892 1035 1942 angulum,
1060 1890 1179 1931 inter
1201 1890 1460 1930 sacrarium
1482 1897 1526 1930 et
1548 1891 1711 1940 altare,
1743 1891 1890 1942 sepul·

265 1971 340 2005 tus
361 1970 448 2014 est,
474 1963 549 2003 ubi
571 1975 620 2003 se
642 1964 855 2003 uoluerat
878 1962 1086 2013 sepeliri,
1118 1962 1216 2002 sine
1246 1962 1335 2002 alio
1363 1968 1664 2002 monumento
1695 1973 1892 2002 marmo-

265 2046 360 2085 reo,
385 2035 484 2075 sine
505 2034 576 2074 sui
605 2033 827 2086 laudabili
856 2032 1116 2085 epitaphio,
1151 2032 1249 2073 sine
1276 2033 1432 2073 multis
1464 2033 1566 2073 aliis
1598 2032 1890 2082 ceremoniis,

266 2116 384 2158 quae
418 2105 565 2145 nostri
605 2104 828 2156 temporis
857 2104 1174 2155 semigentiles
1206 2104 1381 2155 xpiani.
1425 2104 1511 2144 sibi
1547 2103 1761 2144 facienda
1789 2109 1894 2155 post

267 2183 463 2217 mortem
484 2177 643 2227 legare
665 2176 828 2226 solent,
855 2175 953 2226 qui,
979 2175 1170 2215 humum
1199 2181 1496 2226 spernentes,
1526 2175 1573 2215 in
1603 2174 1786 2214 sublimi
1815 2186 1892 2214 uo-

266 2249 365 2288 lunt
387 2247 565 2298 extolli,
589 2247 664 2286 ubi
685 2252 972 2298 putrescant,
997 2252 1041 2286 et
1063 2246 1109 2285 in
1130 2245 1219 2286 fine
1241 2246 1299 2286 ad
1328 2246 1418 2286 ima
1449 2258 1595 2298 usque
1620 2252 1800 2286 tartara
1822 2244 1894 2285 de-

266 2319 525 2368 turbentur3
549 2317 656 2370 quia
680 2317 830 2369 quise
856 2316 1077 2356 humiliat
1106 2316 1423 2367 exaltabitur,
1450 2320 1493 2356 et
1525 2316 1607 2368 qni
1632 2328 1682 2355 se
1708 2315 1894 2356 exaltat

266 2389 594 2429 humiliabitur
617 2388 644 2429 ⁵.
669 2388 790 2428 Κόως
810 2388 1071 2440 Episcopus
1092 2399 1197 2428 cum
1222 2388 1435 2428 omnibus
1457 2388 1696 2428 canonicis
1717 2388 1813 2428 suis
1829 2387 1893 2427 in·

267 2460 444 2511 terfuit,
475 2460 583 2500 dum
615 2459 854 2499 efferretur
886 2459 1028 2499 domo
1056 2470 1201 2510 usque
1235 2459 1293 2499 ad
1329 2459 1574 2510 templum,
1603 2458 1685 2499 sed
1719 2459 1774 2499 de
1805 2458 1892 2498 isto

267 2532 360 2572 iarn
381 2532 511 2572 satis.
535 2530 648 2571 Dies
670 2531 768 2570 eius
790 2530 836 2570 in
858 2530 1060 2570 Domino
1084 2530 1437 2570 obdormitionis
1454 2530 1536 2569 fuit
1553 2529 1800 2581 quatriduo
1817 2541 1893 2569 an-

268 2610 455 2654 tequam
476 2601 782 2642 Beatissimus
801 2601 846 2640 in
864 2600 984 2652 Xpo.
1005 2600 1143 2641 Pater
1162 2608 1322 2641 noster
1340 2600 1410 2641 RS
1431 2599 1551 2641 R.d1¹S
1577 2600 1799 2651 Ignatius,
1820 2600 1893 2640 bo-

266 2685 354 2715 nae
377 2673 642 2723 memoriae,
668 2672 795 2722 longi
816 2672 991 2711 laboris
1014 2672 1084 2711 sui
1108 2673 1313 2722 palmam
1342 2672 1536 2723 adeptus
1559 2678 1702 2722 esset,
1735 2671 1896 2712 eadem

268 2745 446 2785 scilicet
468 2743 775 2783 hebdomada.
801 2742 962 2783 Adfuit
985 2754 1168 2794 semper
1189 2743 1230 2782 ei
1251 2742 1303 2783 R.
1329 2742 1377 2782 P.
1402 2742 1574 2783 Rector
1596 2742 1768 2783 ultimis
1797 2743 1895 2782 eius

267 2816 441 2865 diebus,
466 2814 786 2866 spiritualibus
808 2814 940 2853 illum
961 2814 1203 2865 colloquiis
1231 2813 1519 2863 confortans,
1543 2820 1587 2854 et
1617 2813 1733 2854 nihil
1765 2825 1895 2865 prae-

322 2951 331 2971 ¹
372 2951 621 2978 Desiderantur
639 2950 693 2977 hic
711 2950 817 2976 verba
833 2952 997 2977 curatum
1014 2952 1067 2977 est
1082 2954 1140 2977 aut
1159 2950 1229 2977 alia
1244 2951 1381 2978 similia.

318 2998 332 3016 ‘²
370 2999 409 3026 D.
426 2998 632 3026 Laurentius
648 2997 687 3024 de
705 2997 882 3025 Virilibus.
899 2996 986 3024 Vide
1004 2998 1152 3024 Pomnct
1170 2998 1371 3030 Cltronz'con,
1385 3002 1408 3025 t.
1424 3007 1456 3031 V,
1473 3006 1552 3032 pag.
1568 2999 1612 3033 23,
1627 3002 1743 3027 annot.
1762 2999 1788 3026 3.

320 3044 333 3064 5
376 3046 456 3074 Luc.
474 3053 543 3079 mv,
559 3054 591 3072 v.
610 3046 653 3072 11.
