2020 3342
243 182 315 222 584
753 179 978 217 LITTERAE
1004 182 1361 219 QUADRIMESTRES

439 576 686 607 praecedentes
698 573 836 609 joannis
851 571 1017 602 Cambari
1030 571 1169 599 litterae
1184 578 1204 598 a
1220 569 1256 598 P.
1273 569 1418 597 Polanco
1434 566 1634 595 emendatae
1652 564 1677 593 ¹.

1052 709 1079 756 ,Γ

330 862 430 902 Pax
452 860 625 902 Christi
648 864 735 900 etc.

328 934 458 986 Quae
478 931 732 984 praecipua
754 930 815 970 ad
840 929 1097 969 Picentium
1124 927 1222 967 siue
1251 925 1630 966 Marchianorum
1659 920 1871 967 salutem,

251 1012 354 1059 post
394 1006 553 1045 literas
594 1002 978 1055 quadrimestreS,
1016 999 1278 1051 proximas,
1322 1009 1406 1049 pro
1445 995 1732 1047 benignitate
1770 1008 1870 1039 sua.

250 1083 517 1119 nostrorum
537 1076 662 1116 tenui
694 1085 836 1125 opera
871 1078 915 1113 et
949 1072 1119 1123 exiguo
1155 1083 1210 1111 ac
1245 1075 1510 1121 contempto
1545 1069 1870 1112 instrumento,

250 1150 380 1190 Deus
402 1153 620 1200 operatus
654 1152 738 1196 est,
774 1157 829 1185 ea
853 1144 949 1193 tibi,
981 1143 1081 1183 ΗΜ
1111 1142 1178 1192 P„
1201 1141 1364 1193 paucis
1395 1140 1773 1191 significabimus.
1798 1139 1872 1179 Ab

251 1221 306 1262 iis
328 1226 481 1261 autem
504 1228 739 1259 sumemus
759 1216 955 1265 initium,
981 1226 1098 1266 quae
1120 1214 1167 1254 in
1189 1213 1393 1254 finitimis
1415 1217 1548 1263 gesta
1567 1216 1673 1252 sunt
1689 1211 1873 1263 propin-

251 1293 353 1345 quis
374 1291 565 1332 urbibus
587 1295 726 1341 atque
755 1287 951 1340 oppidis.

329 1363 396 1403 Ea
418 1362 604 1414 quidem
622 1367 691 1401 est
708 1360 837 1411 apud
853 1359 1078 1399 Picenses
1095 1356 1150 1397 de
1170 1356 1419 1397 Socz‘etatss
1436 1356 1703 1406 integritate
1720 1354 1874 1395 existi-

251 1435 407 1476 matio:
431 1432 813 1485 z‘dflm'timorum
836 1430 1126 1482 populorum
1153 1428 1254 1468 eius
1280 1429 1408 1479 apud
1428 1440 1478 1467 se
1508 1427 1732 1467 tenendae
1759 1426 1876 1466 desi·

251 1506 451 1553 derium,
473 1511 521 1545 ut
541 1503 765 1544 obtestari
787 1508 925 1554 atque
947 1503 1190 1541 obsecrare
1207 1511 1444 1551 nunquam
1467 1499 1696 1549 desinant,
1720 1501 1772 1538 vt
1795 1497 1878 1537 ali·

252 1578 356 1631 quis
386 1589 443 1617 ex
465 1588 519 1616 ea
562 1576 619 1616 ad
654 1586 702 1615 se
738 1574 960 1614 mittatur.
1000 1572 1224 1613 Omnibus
1259 1582 1372 1611 uero
1407 1570 1623 1611 satisfieri
1653 1582 1679 1610 a
1715 1568 1878 1621 paucis

251 1650 437 1690 omnino
460 1659 565 1688 curn
586 1652 800 1699 nequeat,
830 1645 885 1685 iis
913 1644 1206 1696 potissimum
1242 1642 1576 1683 consulendum
1611 1653 1713 1681 esse
1743 1640 1874 1680 duxi-

250 1733 368 1771 mus,
392 1730 588 1772 quorum
623 1717 772 1758 maior
807 1717 851 1757 id
883 1716 1138 1756 necessitas
1175 1715 1379 1766 exigere,
1417 1713 1586 1765 quique
1625 1711 1872 1752 certiorem

250 1792 605 1842 uberioremque
622 1789 802 1829 fructus
823 1787 1198 1839 expectationem
1218 1785 1426 1836 polliceri
1450 1784 1734 1824 uiderentur.

332 1863 535 1903 Primum
556 1862 714 1912 itaque
736 1872 761 1899 a
788 1859 1025 1899 Macereto
1056 1857 1314 1898 Picentium
1349 1855 1578 1907 auspicati
1613 1854 1876 1905 metropoli,

252 1948 306 1977 eo
328 1941 422 1976 tres
444 1933 641 1985 profecti
681 1944 738 1972 ex
771 1931 958 1980 nostris,
995 1936 1181 1981 praeter
1215 1928 1399 1968 habitas
1433 1938 1595 1968 sacras
1619 1927 1877 1975 contiones,

251 2013 437 2059 praeter
470 2004 710 2046 doctrinae
745 2002 1029 2043 christianae
1064 2012 1149 2052 pro
1181 2012 1308 2040 more
1352 1999 1601 2040 Societatis
1636 1998 1876 2047 lectiones,

252 2084 436 2130 praeter
465 2076 649 2117 auditas
680 2074 967 2114 infirmorum
1004 2073 1335 2123 firmorumque
1371 2071 1542 2111 multas
1577 2070 1633 2110 de
1672 2069 1880 2121 peccatis

252 2149 587 2198 confessiones;
620 2145 878 2197 composita
915 2150 1021 2184 sunt
1055 2144 1174 2183 inter
1203 2142 1448 2182 seditiosos
1478 2141 1739 2180 inueterata
1768 2151 1876 2180 non·
1908 2125 1946 2135 ..

252 2222 377 2261 nulla
411 2218 624 2268 dissidia,
662 2222 931 2268 reparatum
965 2214 1273 2255 diuersorium
1311 2223 1565 2265 pauperum
1604 2211 1703 2251 siue
1742 2223 1881 2251 xeno-

253 2291 484 2340 dochium,
508 2301 590 2341 per
612 2287 840 2328 incuriam
868 2287 1111 2327 ruinosum
1143 2292 1186 2325 et
1216 2286 1455 2324 occlusum
1483 2283 1575 2323 iam
1598 2282 1777 2334 pridem
1807 2293 1882 2321 ae·

252 2363 416 2413 grotis3
453 2362 712 2401 instaurata
759 2365 803 2398 et
849 2363 1013 2398 coacta
1048 2357 1198 2396 denuo
1240 2356 1290 2395 B.
1331 2354 1605 2406 Hieronymi
1651 2352 1881 2405 quaedam

254 2434 477 2481 societas,
515 2442 655 2483 quam
691 2430 924 2481 principes
969 2428 1171 2467 ciuitatis
1213 2427 1334 2466 illius
1369 2426 1496 2466 ciues
1530 2425 1622 2465 iam
1658 2424 1790 2474 olim,
1825 2423 1883 2463 ad

255 2515 476 2555 magnum
505 2507 792 2553 pauperum,
826 2504 923 2540 tam
945 2498 1119 2539 salutis
1155 2503 1406 2548 corporum
1442 2507 1582 2548 quam
1613 2495 1882 2535 animorum

255 2575 555 2628 praesidium,
585 2573 800 2613 inierant:
832 2572 1004 2611 sensim
1032 2582 1143 2610 uero
1171 2570 1365 2609 dissolui
1395 2580 1450 2608 ac
1481 2567 1635 2607 dirimi
1659 2566 1884 2606 sustinue-

256 2653 376 2695 rant,
400 2646 506 2686 talis
528 2645 705 2684 scilicet
727 2643 922 2683 alicuius
940 2642 998 2682 ad
1016 2653 1119 2682 eam
1135 2640 1416 2680 seruandam
1435 2639 1649 2679 authoris
1668 2637 1880 2689 penuria,

257 2718 463 2770 qualium
484 2728 537 2756 ea
560 2716 709 2755 fuerat
731 2713 1013 2754 authoritate
1040 2712 1256 2752 conflata.
1288 2711 1375 2762 Qui
1400 2711 1541 2761 igitur
1564 2710 1609 2749 in
1637 2714 1766 2749 tanto
1789 2708 1884 2759 pie-

258 2790 368 2830 tatis
389 2799 527 2840 opere
549 2793 593 2826 et
614 2786 700 2826 sibi
722 2791 765 2825 et
786 2784 997 2836 pereunti
1018 2783 1230 2835 proximo
1251 2784 1463 2833 deerant,
1497 2792 1667 2832 magno
1690 2780 1734 2820 id
1758 2790 1881 2819 nunc

260 2872 344 2912 pro
375 2865 641 2900 nostrorum
677 2855 965 2907 praescripto
997 2854 1235 2905 religionis
1270 2853 1435 2894 ardore
1470 2858 1699 2903 repetunt,
1737 2856 1884 2890 statas

316 3020 325 3043 ¹
368 3019 497 3053 Omnia,
514 3026 597 3056 quae
610 3018 744 3047 italicis
756 3017 1015 3047 characteribus
1027 3017 1242 3049 exhibentur,
1257 3019 1332 3045 sunt
1343 3022 1441 3044 manu
1456 3014 1559 3048 ipsius
1572 3013 1709 3041 Polanci
1727 3015 1885 3040 exarata.
