2020 3342
871 300 954 337 ΑΝ.
990 298 1080 337 1556
1717 298 1785 335 2Οὸ

168 399 377 439 consiliis
398 405 442 439 et
463 399 674 439 doctrina
701 409 784 448 pro
818 407 979 436 eorum
1009 396 1237 447 spirituali
1268 394 1478 446 profectu
1509 405 1769 434 conseruan

170 470 255 521 dis,
279 481 460 510 necnon
482 469 527 509 in
556 468 717 509 fauore
739 467 805 518 (vt
835 467 959 508 vires
994 466 1184 517 dabant)
1216 465 1351 506 nobis
1379 463 1703 515 impendendo,
1738 472 1786 504 vt

168 553 253 582 nec
273 540 531 582 maledictis
553 539 868 590 conuiciisque
888 538 1107 579 maximis
1126 536 1470 588 frangerentur,
1494 547 1580 575 nec
1610 535 1792 586 pericu-

169 612 223 652 lis
248 623 409 652 eorum
436 611 560 652 vitae
594 609 938 650 imminentibus
973 609 1125 661 (prout
1160 613 1452 648 caeterorum
1487 612 1587 646 erat
1621 605 1789 655 rabies)

167 688 466 732 terrerentur,
498 692 647 733 neque
681 692 708 720 a
743 679 876 720 solita
905 685 1308 720 sacramentorum
1333 677 1620 729 frequentia,
1651 687 1790 728 quam

174 753 285 806 ipsis
305 753 477 806 pluries
499 751 856 793 concionatores
878 749 1019 802 (quod
1039 749 1288 791 dolendum
1309 747 1494 800 quidem
1521 748 1606 796 est)
1639 753 1684 788 et
1714 758 1792 799 pu-

169 824 285 865 blice
306 830 350 864 et
371 823 591 876 priuatim
616 856 622 873 ,
646 834 740 862 non
760 822 859 862 sine
881 833 1043 862 eorum
1078 820 1329 873 opprobrio
1360 825 1404 860 et
1434 818 1715 859 contumelia
1747 824 1791 859 et

170 895 325 947 populi
345 895 392 935 in
412 906 492 935 eos
513 893 840 944 concitatione,
875 892 1154 941 dissuasere,
1188 890 1339 932 averti
1374 890 1605 930 vllatenus
1637 894 1792 941 potue-

168 966 273 1007 rint.
306 966 625 1008 Corroborant
656 965 812 1005 omnia
843 964 974 1015 haec,
999 969 1176 1004 attenta
1197 968 1350 1003 mente
1370 972 1617 1014 perpensa,
1642 960 1792 1001 denuo

170 1037 488 1078 accedentium
512 1036 663 1087 fidem3
686 1047 849 1076 eorum
871 1040 1041 1086 autem,
1066 1034 1143 1086 qui
1164 1034 1210 1075 in
1242 1033 1499 1074 tentatione
1530 1043 1793 1084 permanse-

170 1115 276 1149 runt
302 1109 460 1159 fortes,
494 1108 744 1159 adaugent:
776 1106 996 1154 iniuriae,
1030 1116 1145 1157 quas
1174 1104 1305 1145 nobis
1341 1110 1384 1144 et
1419 1103 1557 1144 exilio
1593 1103 1794 1143 reuersis

171 1180 343 1232 passim
363 1179 636 1229 inferebant,
661 1177 969 1219 contumeliae
991 1183 1034 1217 et
1052 1176 1280 1225 conuicia,
1301 1186 1419 1227 quae
1441 1174 1575 1215 nobis
1592 1185 1674 1226 per
1690 1173 1794 1214 uias

170 1256 214 1291 et
236 1251 414 1302 plateas
435 1250 589 1302 palam
610 1256 654 1290 et
675 1249 862 1300 impune
884 1247 1132 1296 faciebant,
1155 1246 1249 1286 iam
1278 1257 1334 1286 ex
1365 1251 1497 1297 parte
1531 1250 1792 1286 cessarunt:

172 1333 321 1374 neque
343 1322 465 1362 enim
486 1333 602 1362 crux
624 1319 795 1361 Christi
819 1319 1007 1359 omnino
1036 1317 1207 1358 deserit
1238 1328 1339 1357 nos:
1370 1317 1550 1357 vtinam
1580 1316 1678 1368 ejus
1704 1315 1794 1356 fru-

179 1399 281 1434 ctus
301 1392 561 1434 vberrimos
582 1402 898 1444 capessamus.

249 1464 438 1506 Praeter
459 1465 575 1504 haec
597 1463 804 1504 nonnulli
832 1461 1093 1513 spiritualia
1124 1460 1276 1501 fecere
1307 1460 1532 1500 exercitia
1564 1459 1685 1499 intra
1718 1470 1796 1499 no·

170 1542 291 1577 stros
312 1535 527 1588 parietes,
552 1540 596 1575 et
617 1546 739 1575 nunc
761 1533 981 1574 sacerdos
998 1532 1186 1584 quidam
1206 1532 1453 1582 theologus
1485 1543 1539 1571 ea
1573 1530 1697 1571 domi
1728 1541 1796 1570 re-

171 1607 294 1658 cipit,
319 1607 487 1658 aliique
509 1606 671 1646 eadem
692 1604 846 1645 facere
880 1609 1117 1655 exoptant,
1154 1603 1276 1655 quod
1308 1603 1476 1643 mirum
1508 1601 1695 1654 quidem
1728 1606 1797 1642 est

172 1689 256 1729 pro
272 1678 497 1730 temporis
512 1675 694 1728 injuria.
715 1675 914 1727 Quidam
930 1675 1076 1727 recipi
1092 1675 1263 1726 elapsis
1280 1674 1442 1714 diebus
1456 1673 1794 1723 desiderarunt3

173 1755 375 1790 attamen
394 1749 507 1801 ipse,
526 1759 631 1789 cum
651 1759 782 1788 meac
798 1753 908 1788 tunc
930 1753 1084 1787 essent
1102 1752 1275 1798 partes,
1299 1745 1421 1797 (quia
1443 1756 1527 1797 pro
1544 1756 1705 1785 eorum
1722 1755 1798 1784 ex-

172 1820 394 1872 perienda
417 1819 679 1860 constantia
701 1818 763 1858 ita
787 1818 938 1858 Visum
959 1817 1042 1858 fuit
1064 1816 1315 1869 expedire),
1339 1816 1604 1868 ingressum
1626 1814 1797 1855 distuli:

174 1891 380 1932 nonnulli
400 1891 541 1932 etiam
563 1901 685 1930 nunc
713 1889 759 1930 id
788 1888 1058 1941 efflagitant.
1089 1888 1195 1929 Duo
1228 1887 1420 1929 admissi
1445 1893 1570 1937 sunt,
1603 1897 1800 1938 quorum

174 1964 289 2003 alter
312 1963 358 2002 in
379 1961 686 2013 grammatice
709 1967 924 2001 versatus
945 1966 1028 2011 est,
1054 1961 1170 2000 alter
1198 1959 1256 2000 ad
1286 1958 1542 1999 ministeria
1571 1964 1800 2010 tempora-

172 2034 233 2074 lia
254 2033 340 2074 fuit
361 2039 590 2085 receptus,
613 2033 722 2073 licet
743 2031 906 2073 eadem
933 2038 977 2072 et
1005 2031 1182 2083 primus
1211 2042 1394 2082 semper
1422 2030 1576 2070 subire
1609 2035 1802 2081 paratus

173 2105 245 2145 sit.
272 2104 518 2146 Caeterum
538 2103 650 2144 foris
671 2103 843 2144 tradita
870 2104 1012 2143 etiam
1033 2089 1139 2143 sunt
1165 2101 1426 2154 spiritualia
1453 2101 1678 2141 exercitia
1707 2106 1803 2140 tam

173 2176 406 2227 religiosis
427 2187 568 2227 quam
588 2175 734 2224 laicis,
760 2174 878 2214 inter
903 2185 1016 2226 quos
1038 2173 1167 2214 fuere
1184 2173 1274 2213 duo
1290 2172 1462 2212 fratres
1479 2184 1536 2212 ex
1554 2172 1803 2212 obseruan-

174 2248 238 2287 tia
267 2246 399 2287 Beati
426 2245 689 2295 Francisci,
723 2246 800 2298 qui
834 2245 1129 2285 mediocriter
1163 2243 1418 2296 profecere.
1448 2242 1630 2283 Multae
1664 2243 1806 2283 etiam

173 2317 400 2358 moniales
421 2317 662 2357 cuiusdam
683 2316 897 2356 coenobii
918 2315 1050 2356 Beati
1068 2315 1302 2355 Dominici
1321 2314 1462 2366 (quod
1479 2314 1654 2365 primas
1677 2319 1806 2353 tenet

177 2389 222 2429 in
244 2389 333 2429 hac
355 2388 485 2439 vrbe)
514 2389 800 2428 exercitatae
830 2393 952 2427 sunt:
984 2386 1030 2427 id
1058 2386 1186 2438 prius
1215 2398 1241 2426 a
1269 2385 1402 2426 nobis
1431 2396 1592 2425 earum
1613 2384 1804 2425 Provin-

178 2459 283 2500 ciali
317 2459 584 2511 praeposito
622 2458 714 2510 (qui
749 2458 885 2510 signa
913 2457 1175 2498 dilectionis
1205 2456 1337 2496 nobis
1365 2457 1572 2497 maxima
1604 2455 1806 2496 ostendit

176 2527 315 2583 atque
336 2530 455 2570 inter
477 2531 647 2570 collata
676 2529 761 2570 sibi
790 2541 816 2569 a
848 2528 1050 2569 Domino
1078 2533 1263 2579 reputat
1289 2526 1531 2577 beneficia,
1563 2527 1688 2579 quod
1720 2526 1806 2567 sibi

176 2601 388 2642 subditae
409 2601 636 2641 moniales
668 2600 920 2652 aliquando
951 2612 977 2639 a
1009 2599 1228 2651 quopiam
1261 2604 1472 2639 nostrum
1499 2598 1728 2648 visantur,
1761 2604 1806 2638 et

177 2672 224 2712 in
254 2671 572 2725 spiritualibus
603 2672 908 2719 instruantur)
942 2670 1126 2721 magnis
1159 2669 1375 2721 precibus
1415 2668 1722 2720 efflagitante:
1760 2669 1807 2708 in

175 2749 356 2785 tantum
377 2749 532 2783 autem
549 2742 804 2794 spiritualis
827 2741 996 2782 harum
1016 2752 1231 2781 sororum
1252 2739 1490 2792 profectus
1511 2739 1736 2789 excreuit,
1757 2745 1806 2779 ut

177 2820 222 2855 et
241 2814 468 2855 mirentur
490 2813 567 2865 qui
595 2812 640 2853 id
669 2818 855 2861 norunt,
880 2818 924 2853 et
951 2813 1030 2864 qui
1056 2812 1145 2852 illis
1172 2811 1311 2851 Pater
1341 2811 1566 2852 exercitia
1599 2810 1803 2859 tradidit,

179 2896 399 2936 magnam
433 2883 539 2924 inde
575 2884 871 2924 occasionem
904 2881 1197 2934 glorificandi
1227 2881 1518 2922 Altissimum
1554 2881 1802 2933 acceperit3

181 2961 318 3008 atque
340 2967 398 2995 ex
418 2954 506 2995 hoc
526 2953 641 2995 odor
662 2954 863 3006 optimus
880 2954 927 2995 in
943 2953 1106 2994 vrbem
1123 2953 1360 3004 dispersus
1377 2958 1459 2993 est.
1478 2952 1529 2993 In
1547 2952 1649 2993 aliis
1666 2952 1806 2992 etiam

181 3038 395 3068 sororum
412 3025 647 3067 coenobiis
667 3024 939 3077 proficiendi
964 3035 1047 3077 per
1074 3035 1161 3064 nos
1189 3024 1236 3065 in
1271 3023 1588 3076 spiritualibus
1616 3022 1805 3063 faculta-

186 3104 278 3138 tem
298 3097 409 3137 noui
429 3097 677 3138 nonnullas
697 3102 930 3147 expetere;
954 3095 1034 3136 sed
1061 3106 1166 3138 cum
1188 3094 1427 3145 negotium
1450 3096 1554 3144 hoc,
1577 3094 1683 3134 licet
1705 3104 1803 3143 pro-
