2020 3342
288 233 352 271 186
791 234 1017 275 LITTERAE
1042 246 1399 280 QUADRIMESTREs
1436 253 1444 262 ·

539 561 821 592 Praecedentium
838 563 977 591 Antonii
994 562 1151 592 Fontova
1166 549 1359 592 litterarum
1374 563 1483 592 latina
1497 563 1610 592 versio
1627 563 1648 591 ¹.

1021 690 1170 743 Jesus.

365 832 528 873 Gratia
551 838 594 872 et
615 844 710 884 pax
731 832 903 873 Christi
925 838 1010 873 etc.

359 903 695 954 Perstringam,
719 902 820 943 Rfle
845 902 998 955 Pater,
1021 903 1076 943 iis
1096 903 1243 943 literis
1263 903 1484 943 nonnulla
1502 915 1559 943 ex
1576 903 1663 955 his,
1687 914 1808 955 quae
1826 914 1911 955 per

281 973 527 1014 Societatis
548 974 786 1014 ministros
807 973 892 1014 hoc
908 973 921 993 ²
939 973 1268 1026 quadrimestri
1289 974 1336 1014 in
1352 973 1442 1015 hac
1456 974 1569 1015 vrbe
1586 980 1693 1015 sunt
1713 978 1855 1025 gesta
1870 973 1899 1013 ⁵.

362 1043 532 1086 Sumus
544 1045 619 1085 hic
634 1056 794 1085 omnes
806 1044 903 1085 fere
916 1045 1176 1095 duodecim;
1194 1048 1370 1097 septem
1382 1045 1560 1085 Patres
1574 1042 1603 1095 ⁴,
1619 1051 1818 1097 quatuor
1831 1052 1910 1086 aut

283 1117 485 1168 quinque
500 1116 686 1156 fratres.
705 1115 827 1156 R.‘¹¹¹S
851 1115 991 1156 Pater
1006 1115 1233 1168 Baptista,
1253 1114 1425 1156 Rector
1441 1115 1578 1156 huius
1595 1115 1790 1168 Collegii
1807 1127 1912 1157 con·

283 1187 464 1228 cionari
480 1186 644 1227 solitus
674 1193 744 1227 est
774 1187 969 1238 singulis
995 1186 1126 1227 festis
1157 1198 1213 1227 ac
1244 1185 1489 1227 dominicis
1515 1186 1693 1238 diebus,
1724 1192 1911 1239 praeter

284 1259 400 1299 alios
433 1258 800 1310 quamplurimos
835 1269 1090 1308 sermones,
1127 1269 1242 1310 quos
1277 1257 1337 1298 ad
1368 1257 1653 1298 monasteria
1672 1258 1910 1309 virginum

285 1330 457 1370 habere
475 1329 734 1370 consueuit:
758 1329 1074 1381 superioribus
1092 1328 1326 1369 mensibus
1346 1328 1583 1381 profectus
1599 1334 1669 1369 est
1690 1340 1786 1369 vna
1805 1340 1912 1370 cum

285 1400 398 1440 R.¹¹¹0
426 1399 657 1452 Episcopo
678 1399 736 1439 ad
759 1400 972 1440 obeunda
990 1399 1324 1452 lustrandaque
1341 1399 1477 1440 huius
1494 1399 1765 1451 provinciae
1786 1400 1911 1452 oppi-

285 1472 358 1520 da,
384 1471 710 1519 disseminans
741 1483 926 1524 quoquo
953 1470 967 1490 ⁵
991 1471 1077 1511 iter
1100 1470 1288 1521 faceret,
1321 1482 1478 1512 semen
1504 1471 1636 1511 verbi
1650 1470 1795 1512 diuini
1819 1483 1912 1512 non

285 1544 382 1583 sine
406 1542 610 1583 maximo
633 1542 894 1583 animarum
914 1541 1083 1582 fructu:
1124 1541 1228 1582 inde
1249 1553 1467 1582 reuersus
1488 1542 1794 1583 concionatus
1824 1548 1909 1591 est,

288 1614 518 1666 superiori
557 1612 919 1666 quadragesima
947 1620 1146 1666 quatuor
1187 1614 1261 1653 vel
1301 1613 1503 1665 quinque
1538 1613 1585 1653 in
1619 1613 1912 1654 hebdomada

287 1685 399 1735 dies,
419 1695 590 1735 magna
607 1685 762 1736 gratia
780 1690 824 1725 et
842 1684 1181 1736 approbatione
1194 1684 1415 1734 omnium,
1438 1684 1516 1736 qui
1529 1684 1588 1724 ad
1605 1695 1710 1724 eum
1724 1684 1912 1725 audien-

287 1756 395 1797 dum
417 1756 682 1808 frequentes
703 1755 1012 1805 confluebant,
1033 1756 1115 1796 vix
1136 1761 1186 1796 vt
1207 1755 1455 1808 aliquando
1478 1755 1519 1796 ei
1539 1755 1701 1796 liceret
1729 1755 1913 1807 ingredi

286 1828 410 1868 fores
422 1827 595 1879 templi,
609 1827 733 1867 homi
740 1838 849 1867 num
861 1826 1165 1867 multitudine
1181 1827 1399 1867 obsessas
1415 1825 1444 1867 ⁸:
1462 1838 1612 1879 neque
1623 1838 1736 1867 vero
1750 1827 1915 1868 inanes

286 1906 391 1939 sunt
409 1899 507 1939 eius
518 1899 718 1949 labores;
737 1909 822 1938 nos
840 1899 962 1938 enim
980 1899 1150 1938 multas
1170 1897 1375 1950 quotidie
1396 1897 1495 1938 fieri
1516 1909 1698 1938 morum
1714 1910 1771 1939 ac
1787 1898 1913 1938 vitae

285 1970 566 2011 mutationes
587 1969 831 2010 audiendis
853 1969 1224 2010 confessionibus
1246 1969 1571 2020 comperimus,
1602 1969 1744 2010 etiam
1773 1969 1821 2009 in
1840 1968 1912 2009 his

287 2042 364 2094 qui
402 2040 644 2081 duodecim
675 2040 688 2059 ⁷
722 2052 870 2080 annos
910 2041 957 2080 in
998 2040 1311 2081 concubinatu
1351 2041 1584 2081 vixerant.
1627 2029 1913 2081 Mercatores

286 2124 468 2164 quoque
489 2111 712 2161 nonnulli,
737 2112 815 2163 qui
837 2112 1020 2162 magnis
1044 2111 1108 2161 (vt
1129 2112 1401 2163 plerumque
1421 2110 1485 2162 fit)
1513 2111 1750 2151 erroribus
1778 2110 1914 2152 duce-

288 2184 471 2233 bantur,
501 2183 822 2224 existimantes
850 2182 1138 2222 malitiosam
1168 2181 1182 2201 ⁸
1210 2182 1525 2233 ignorantiam
1555 2187 1829 2222 excusatum
1857 2182 1914 2222 iri

288 2255 411 2306 apud
439 2253 606 2304 Deum,
639 2253 809 2294 auditis
836 2253 1012 2305 aliquot
1042 2253 1345 2293 concionibus
1378 2253 1628 2304 agnitoque
1657 2264 1829 2303 errore,
1855 2253 1913 2293 ad

290 2325 475 2366 Patrem
498 2331 833 2375 conuenerunt,
863 2336 969 2364 cum
1005 2336 1058 2364 eo
1079 2323 1135 2364 de
1168 2324 1317 2364 salute
1353 2324 1536 2364 animae
1573 2323 1913 2363 communican-

341 2485 349 2505 ί
394 2485 431 2512 ln
447 2486 527 2513 solio
543 2485 680 2519 duplici,
696 2485 806 2520 primo
822 2492 853 2512 n.
869 2485 931 2518 2111,
948 2486 1057 2512 altero
1072 2492 1135 2511 non
1151 2488 1341 2511 numerato.
1366 2483 1534 2511 Videntur
1550 2483 1654 2511 etiam
1666 2484 1914 2519 autographae.

291 2535 459 2566 quamvis,
475 2533 553 2567 quia
566 2533 726 2560 crassiori
742 2536 888 2560 exarata
902 2536 979 2559 sunt
994 2532 1126 2559 calamo
1142 2535 1174 2558 et
1196 2538 1278 2558 cura
1298 2531 1431 2566 majori,
1446 2531 1597 2559 nonnihil
1618 2531 1727 2566 primo
1738 2535 1879 2566 aspectu
1893 2539 1913 2558 a

292 2580 576 2615 praecedentibus
598 2580 740 2614 hispano
760 2587 914 2607 sermone
936 2579 1089 2606 exaratis
1108 2578 1392 2606 differunt.-Has
1412 2579 1606 2606 emendavit
1628 2579 1808 2612 Polancus,
1830 2579 1915 2606 utin

290 2628 567 2655 annotationibus
583 2627 817 2660 indicabimus;
831 2634 1016 2661 earumque
1030 2627 1078 2654 sic
1091 2626 1350 2654 emendatarum
1364 2630 1414 2654 est
1426 2627 1530 2654 etiam
1542 2627 1778 2661 apographum
1789 2626 1822 2654 in
1836 2626 1915 2654 folio

291 2675 426 2709 duplici,
438 2682 469 2701 n.
485 2674 761 2708 Ala-Quaedam
778 2675 810 2702 in
825 2675 878 2702 his
890 2682 979 2702 nova
990 2675 1051 2701 sub
1066 2673 1163 2701 finem
1179 2674 1296 2701 addita
1311 2677 1399 2708 sunt,
1415 2681 1501 2708 quae
1515 2678 1592 2709 post
1607 2674 1754 2708 scriptas
1773 2672 1917 2701 subscri-

288 2727 434 2756 ptasque
450 2722 613 2757 hispanas
627 2722 764 2749 litteras
779 2729 935 2749 evenere.

341 2770 354 2789 2
391 2769 565 2805 proximo.
581 2769 768 2797 POLANCUS.

393 2825 413 2844 a
430 2817 503 2845 Deo
516 2820 629 2851 gesta.
643 2817 692 2844 Ιι).

395 2865 508 2892 deleta
522 2868 598 2892 sunt
615 2865 700 2891 haec
716 2864 780 2892 duo
795 2865 914 2895 verba.
931 2868 963 2892 et
979 2864 1068 2891 linea
1083 2864 1250 2891 subducta
1266 2867 1318 2890 est
1334 2867 1478 2897 quatuor
1493 2863 1721 2897 sequentibus.

393 2919 668 2946 quoquouersuS.
684 2911 870 2939 POLANCUS.

392 2960 551 2996 conferta
568 2960 783 2988 multitudine
801 2959 1057 2994 occupataslo.

393 3011 504 3043 supra
517 3008 648 3035 decem.
664 3006 713 3036 10.

393 3055 611 3089 affectatam.
626 3055 673 3083 10,

339 2817 355 3077 maome—0!
