2020 3342
836 271 920 309 AN.
951 270 1041 309 1556
1709 257 1757 311 67

208 367 448 408 Hactenus
469 379 561 407 non
580 367 710 418 potui
731 367 922 406 multum
945 366 1185 406 audiendis
1213 366 1583 408 confessionibus
1613 379 1756 408 occu-

118 440 248 490 pari,
278 439 448 490 partim
479 439 537 477 ob
567 436 1153 488 concionesquotidianas,
1185 438 1355 488 partim
1385 438 1509 489 quod
1540 438 1750 479 nondum

117 515 294 550 ¹exacte
316 509 496 548 rudium
518 508 688 548 idioma
712 507 977 559 percipiam.
1001 507 1176 547 Diebus
1198 507 1442 547 dominicis
1463 514 1507 548 et
1528 508 1677 558 festis,
1698 509 1746 549 in

129 579 365 631 parochiis
385 579 576 619 huiusce
598 579 816 628 ciuitatis,
840 578 1112 618 concionem
1137 578 1287 618 habeo
1317 590 1423 618 cum
1452 585 1583 618 tanta
1616 579 1755 620 audi-

128 657 283 691 torum
303 650 636 699 satisfactione,
660 656 709 688 vt
736 649 961 689 Consules
987 648 1327 689 Issiodorenses
1356 661 1382 689 a
1408 648 1610 689 Domino
1639 650 1753 702 Epi-

126 733 272 773 scopo
294 721 600 772 impetrarint,
623 726 674 760 vt
694 720 1125 771 quadragesimales
1146 720 1396 760 conciones
1417 720 1506 759 hac
1534 721 1749 771 proxima

116 791 503 842 Quadragesima
524 792 570 830 in
593 791 762 842 oppido
784 789 1089 830 Issiodorensi
1112 790 1122 809 ¹
1144 801 1384 841 peragam,
1407 802 1604 842 quorum
1627 792 1751 832 votis

116 863 292 902 annuit
326 862 602 914 Episcopus,
638 861 894 901 decernens
928 861 1039 900 mihi
1073 860 1280 901 sodalem
1310 860 1503 901 fratrem
1533 867 1745 903 nostrum

127 933 287 973 ΜΕΝ]ιιίι
312 932 499 973 Petrum
522 932 723 972 Canalis.
748 932 982 983 Expetunt
1003 932 1144 972 etiam
1164 931 1469 972 Biliomenses
1491 939 1542 972 vt
1562 932 1635 973 die
1664 932 1750 973 Pu-

128 1003 401 1044 rificationis
430 1003 548 1043 festo
579 1003 849 1043 concionari
876 1002 1015 1043 velim
1043 1003 1166 1054 apud
1193 1014 1256 1043 se.
1289 1002 1560 1043 Reuerende
1589 1002 1745 1054 Pater,

118 1074 298 1115 ‘mirum
318 1080 386 1114 est
408 1085 547 1125 quam
568 1073 782 1125 experior
804 1073 1092 1113 obedientiae
1114 1080 1306 1113 sanctae
1336 1074 1572 1124 virtutem,
1603 1074 1669 1114 ita
1695 1081 1747 1114 vt

116 1156 315 1185 omnem
336 1156 465 1196 spem
486 1144 747 1195 concipiam
767 1155 840 1183 me
861 1143 1003 1195 probe
1023 1144 1309 1184 ecclesiastis
1330 1155 1520 1184 munere
1542 1144 1648 1195 (nisi
1669 1145 1745 1185 ob-

120 1215 298 1256 stiterit
332 1215 618 1266 ingratitudo
653 1217 771 1263 mea)
807 1215 1074 1255 functurum
1108 1215 1154 1254 in
1184 1221 1435 1266 posterum.
1473 1214 1747 1256 Reuerende

129 1286 282 1337 Pater,
306 1287 396 1326 tuis
417 1286 723 1326 sanctissimis
744 1286 959 1337 precibus
978 1286 1119 1326 talem
1148 1297 1174 1325 a
1201 1285 1333 1325 nobis
1363 1293 1522 1326 auerte
1549 1293 1744 1338 pestem.

129 1356 301 1398 Retulit
322 1357 547 1408 magister
568 1356 732 1397 Petrus
752 1356 1003 1396 Dominum
1023 1356 1305 1408 Episcopum
1326 1356 1485 1396 literas
1513 1355 1572 1396 ad
1598 1356 1750 1398 Tuam

114 1424 452 1469 Reuerendam
473 1427 807 1468 Paternitatem
828 1427 1103 1477 destinasse,
1127 1426 1291 1478 quibus
1312 1428 1518 1477 postulat
1545 1433 1748 1478 quatuor

126 1500 297 1540 fratres
317 1500 364 1539 in
384 1498 508 1539 omni
528 1498 830 1538 scientiarum
850 1509 1022 1549 genere
1044 1498 1185 1549 probe
1206 1505 1422 1537 versatos
1440 1497 1499 1538 ad
1514 1497 1756 1539 instruen-

124 1571 238 1611 dum
271 1571 548 1611 Biliomense
583 1569 841 1620 Collegium
875 1568 902 1609 ².
940 1568 1136 1609 Centum
1163 1580 1347 1620 quoque
1375 1574 1625 1609 coronatos
1656 1581 1744 1621 pro

125 1642 301 1682 viatico
323 1641 475 1682 mittit.
1344 1691 1350 1697 .

207 1712 485 1753 Benedictus
505 1711 733 1752 Dominus
753 1711 882 1751 Deus
903 1722 1087 1763 semper
1107 1711 1154 1751 in
1175 1711 1403 1761 omnibus,
1429 1711 1561 1751 cuius
1581 1711 1743 1764 depre-

119 1795 208 1823 -cor
224 1783 574 1834 benignitatem,
589 1789 640 1822 vt
657 1787 762 1833 post
778 1787 947 1831 tantos,
967 1793 1085 1833 quos
1100 1782 1316 1832 sustines,
1337 1781 1594 1822 exhaustos
1611 1783 1744 1823 labo-

113 1865 217 1905 ures,
241 1865 465 1895 coronam
481 1853 686 1904 justitiae
708 1853 963 1893 retribuere
986 1853 1220 1903 dignetur.

204 1925 277 1965 Ex
297 1923 609 1973 claromonte,
634 1924 978 1975 decimoquinto
1000 1924 1212 1977 Januarii
1238 1924 1338 1964 1555
1360 1923 1389 1962 ³.

593 1994 895 2035 Reuerendae
915 2002 1022 2035 tuae
1043 1995 1343 2036 Paternitatis
1365 1996 1584 2047 indignus
1605 1996 1742 2048 filiuS,

1026 2137 1333 2179 HIERONYMUS
1362 2139 1534 2180 LEssAs.

206 2349 558 2401 Superscrl'ptio
579 2349 628 2389 [ἰ]
650 2353 823 2401 quarta
848 2350 1058 2401 pagl‘ncz:
1086 2349 1187 2389 R.d0
1217 2350 1263 2390 in
1295 2350 1420 2391 Ch.r0
1452 2350 1594 2402 Patri,
1629 2352 1736 2392 D.r¹0

114 2416 306 2471 ‘Ignatio
329 2422 383 2461 de
405 2420 600 2472 Loyola,
620 2421 892 2473 Praeposito
909 2421 1128 2461 Generali
1143 2420 1389 2462 Societatis
1403 2421 1529 2474 Jesu.
1550 2422 1743 2464 Romae.

205 2491 315 2532 Alia
336 2503 506 2531 memus
529 2491 720 2543 Quadri.
745 2491 1030 2532 Claramont.
1059 2491 1175 2542 1555,
1204 2492 1250 2531 15
1272 2492 1408 2545 Janu.
1433 2492 1486 2543 Q.
1517 2493 1575 2534 V.

180 2652 190 2671 ¹
227 2650 361 2685 Issoire,
377 2659 463 2686 quae
478 2652 592 2686 patria
607 2655 682 2679 erat
697 2651 866 2686 Episcopo
884 2651 1161 2680 Claromontano.

176 2698 191 2717 ²
228 2698 316 2726 Vide
332 2699 479 2726 Pomxcx
496 2699 697 2732 Citrom'con,
711 2703 734 2726 t.
752 2706 784 2733 v,
800 2707 878 2733 pag.
892 2699 955 2733 348,
971 2704 1088 2728 annot.
1107 2701 1131 2727 1.

175 2745 190 2765 ³
227 2745 294 2778 Sic,
308 2754 409 2779 more,
425 2747 526 2780 gallis
541 2751 619 2774 tunc
635 2747 667 2774 in
682 2754 754 2781 usu,
771 2754 895 2774 annum
916 2748 1133 2781 computandi
1153 2755 1217 2774 nan
1234 2755 1253 2775 a
1274 2748 1361 2775 festo
1383 2748 1671 2780 Circumcismnis.
1688 2752 1748 2779 scd

113 2798 144 2820 *a
158 2792 330 2820 Paschate
347 2793 628 2822 Resurrectionis.
646 2794 730 2821 Vide
746 2801 859 2828 supra,
876 2799 896 2821 t.
916 2802 935 2828 i,
952 2802 1034 2829 pag.
1050 2795 1099 2821 521
1116 2800 1148 2821 et
1163 2795 1224 2827 513,
1239 2800 1352 2822 annot,
1374 2797 1400 2823 1.
