2020 3342
844 213 927 251 AN.
959 212 1049 251 1556
1683 212 1752 248 530

131 312 223 352 tiae
250 311 600 364 penetralibus,
631 309 874 361 synaxeos
915 310 1187 361 mysterium
1215 308 1524 359 frequentent,
1556 318 1750 357 quorum

132 394 351 422 numerus
373 382 559 422 vberius
581 381 803 432 paulatim
825 380 994 432 accipit
1017 380 1366 420 incrementum.
1391 377 1538 417 Feriis
1562 376 1753 416 Assum-

132 453 300 504 ptionis
324 452 498 492 Mariae
521 451 732 501 Virginis
752 462 893 501 supra
916 450 1252 502 quinquaginta
1275 452 1439 488 nostro
1459 446 1720 486 ministerio
1741 449 1750 468 ¹

132 524 378 563 coelestem
412 523 539 562 illurn
578 533 743 573 panem
771 527 1070 572 exceperunt.
1106 520 1195 560 Res
1223 520 1297 560 hic
1329 525 1428 559 erat
1457 518 1664 558 inaudita
1698 528 1752 556 ac

133 595 267 644 plane
288 594 492 633 insolens
510 598 911 632 sacramentorum
932 591 1256 643 frequentatio,
1280 602 1397 641 quae
1423 589 1662 639 Vtriusque
1686 600 1753 627 se-

134 677 221 705 xus
259 665 481 715 cuiusque
521 663 696 703 ordinis
736 663 998 702 hominibus
1037 662 1188 713 magis
1227 661 1468 712 magisque
1509 659 1755 699 familiaris

134 735 304 775 euadit.

208 805 282 846 Ab
309 807 676 857 aegrotantibus,
714 805 1047 845 consolationis
1083 802 1363 843 adferendae
1399 814 1453 842 ac
1487 802 1754 853 plerumque

129 877 433 917 confessionis
472 876 728 916 audiendae
768 876 951 926 gratia,
992 875 1098 914 hinc
1139 874 1244 913 inde
1279 873 1593 920 accersimur,
1631 871 1754 911 haud

131 949 303 1000 absque
345 954 573 999 prouentu
616 947 811 998 spiritali
853 946 1119 997 neutiquam
1161 943 1451 996 poenitendo.
1491 942 1755 983 Restitutio-

129 1031 210 1058 nes
235 1019 356 1059 haud
379 1019 494 1058 levis
516 1018 732 1070 ponderis
755 1018 926 1067 passim
949 1017 1059 1056 fiunt
1083 1016 1139 1055 ab
1158 1015 1247 1064 his,
1271 1016 1349 1066 qui
1371 1014 1504 1054 nobis
1535 1013 1752 1053 confiten-

131 1097 218 1137 tur,
242 1089 425 1130 Christo
450 1089 649 1130 Domino
672 1095 876 1128 auctore.

211 1161 254 1200 F
252 1160 364 1200 eriis
382 1160 665 1200 Natiuitatis
678 1159 928 1199 Marianae
943 1158 1071 1197 haud
1083 1157 1297 1207 exiguus
1309 1154 1754 1196 communicantium

129 1235 288 1271 coetus
322 1231 547 1271 sacellmn
588 1235 805 1270 nostrum
840 1231 886 1277 (a
922 1228 1158 1268 canonicis
1195 1230 1358 1267 nostro
1394 1226 1609 1266 relictum
1646 1225 1760 1264 vsui

128 1301 374 1352 intelligo)
396 1302 650 1342 decorauit.

209 1373 442 1424 Quantum
473 1374 531 1413 ad
562 1373 803 1423 Euangelii
835 1371 1140 1411 ministerium
1172 1369 1349 1416 attinet,
1381 1368 1562 1408 Biliomi
1594 1368 1756 1408 diebus

128 1445 371 1485 dominicis
393 1456 446 1484 ac
474 1444 599 1484 feriis
630 1442 983 1483 solemnioribus
1014 1447 1092 1481 aut
1124 1439 1325 1480 Domino
1356 1439 1644 1490 Hieronymo
1678 1444 1755 1478 aut

129 1516 239 1555 mihi
278 1516 580 1555 ecclesiastae
619 1525 786 1554 munus
825 1513 1083 1553 iniunctum
1117 1511 1173 1551 ab
1209 1511 1434 1551 alterutro
1469 1516 1752 1561 praestatur.

131 1585 355 1626 Dominus
390 1585 706 1637 Hieronymus
741 1583 1055 1633 Claromonte,
1094 1581 1217 1633 apud
1248 1580 1692 1621 Montemferranum
1725 1579 1752 1628 ²,

131 1657 254 1708 apud
276 1657 498 1697 Sanctum
521 1655 758 1707 Cyricium
781 1653 809 1703 ⁵,
843 1660 886 1693 et
917 1653 1024 1693 alibi
1052 1652 1372 1700 concionatus,
1406 1651 1529 1691 haud
1560 1651 1755 1701 vulgare

128 1728 196 1768 sui
238 1728 420 1778 reliquit
455 1726 750 1767 desiderium.
787 1725 910 1764 Nam
945 1724 1074 1775 apud
1108 1723 1597 1773 Montemferranum,
1622 1721 1754 1771 sesto

129 1798 459 1839 Eucharistiae
494 1797 708 1837 concione
743 1796 914 1845 habita,
947 1795 996 1835 iu
1021 1795 1300 1846 proximam
1335 1793 1755 1845 quadragesimam

127 1870 504 1910 desiderabatur.
530 1869 638 1919 Ego
660 1879 772 1908 vcro
795 1866 808 1885 ⁴
832 1868 875 1907 in
892 1867 1020 1915 vrbe,
1040 1866 1113 1906 cui
1130 1865 1436 1917 Aquasparsa
1485 1875 1653 1904 nomen
1671 1870 1753 1910 est,

131 1942 173 1981 in
197 1941 388 1981 ciuitate
411 1942 778 1988 claromontana,
804 1939 847 1978 in
871 1937 1040 1989 oppido
1062 1936 1352 1978 Cornonensi
1372 1934 1401 1983 ⁶,
1422 1935 1544 1987 apud
1563 1934 1755 1975 Amber-

127 2012 263 2061 tinos,
285 2012 333 2051 in
356 2011 648 2051 Mouasterio
672 2008 898 2049 §telles-isi
914 2012 957 2048 et
977 2007 1026 2047 in
1047 2006 1227 2058 aliquot
1242 2006 1394 2061 pagis
1416 2006 1427 2023 ⁷
1450 2006 1753 2046 concionibus

127 2083 308 2130 habitis,
345 2080 760 2122 manem-Christi
789 2080 941 2131 sparsi
977 2079 1184 2128 odorem,
1220 2078 1287 2117 ita
1332 2081 1383 2117 ut
1417 2089 1444 2116 a
1485 2076 1753 2116 Claromou-

126 2154 352 2203 tens-ibus,
372 2153 427 2193 ab
450 2151 754 2197 Ambertinis,
771 2151 826 2190 ab
848 2148 1243 2201 Aquasparsanis
1265 2148 1278 2165 ⁵
1299 2149 1344 2188 in
1363 2149 1627 2199 proximam
1644 2160 1751 2200 qua-

127 2224 442 2275 dragesimam
464 2223 768 2274 efflagitabar.
795 2221 938 2273 Atqui
956 2221 1045 2260 iam
1064 2227 1171 2259 ante
1189 2231 1361 2259 annum
1379 2231 1405 2259 a
1423 2219 1535 2259 R.m0
1553 2219 1752 2260 Domino

128 2295 347 2336 Praesule
387 2294 752 2335 Claromontano
787 2292 816 2342 ς’,
854 2292 1034 2332 ciuibus
1068 2291 1462 2331 Issiodorensibus
1497 2290 1610 2330 fides
1645 2290 1751 2330 data

127 2366 315 2417 infringi
338 2366 508 2417 nequit.
534 2365 669 2406 Certe
692 2363 885 2404 verbum
916 2361 1002 2402 Dei
1033 2372 1233 2401 vacuum
1262 2360 1321 2401 ad
1351 2373 1435 2401 nos
1466 2361 1653 2402 minime
1686 2373 1750 2401 rc-

128 2437 337 2485 uertitur,
375 2437 485 2488 quin
521 2434 851 2488 penetrabilius
882 2433 1005 2473 omni
1036 2431 1192 2483 gladio
1225 2431 1428 2483 ancipiti,
1464 2432 1623 2472 intima
1657 2443 1755 2472 cor-

183 2641 191 2658 ·
236 2638 330 2674 apud
346 2644 417 2665 nos.
435 2637 622 2664 Pomxcus.

184 2687 198 2706 ‘²
235 2685 478 2715 Montferrand.

178 2734 191 2753 ³
232 2733 483 2770 Saint-Cyrice?
500 2733 627 2762 Verum
642 2734 769 2761 nullum
785 2733 883 2768 hujus
895 2731 1039 2759 nominis
1051 2730 1210 2765 oppidum
1221 2730 1255 2759 in
1270 2729 1405 2758 Billomi
1417 2730 1543 2758 vicinia
1556 2729 1754 2764 reperimus.

181 2782 192 2802 ¹·
234 2781 304 2809 Per
321 2789 374 2807 me
390 2783 509 2809 eliam.
528 2782 714 2809 Potaxcus.

180 2828 193 2846 Ξῖ
234 2829 456 2864 Aigueperse,
477 2829 551 2864 Ρη)ν
567 2828 745 2857 de-Dotne.

178 2874 191 2892 ‘³
231 2875 424 2904 La-Corne?

178 2923 190 2941 '¹
232 2926 265 2950 ct
281 2925 366 2951 aliis
379 2926 414 2951 in
431 2925 524 2952 locis.
540 2924 723 2955 POLANCUS-

178 2970 192 2987 Β
230 2979 369 2999 suavem
388 2971 447 2999 Clu
456 2973 546 2999 istus
562 2973 702 3000 odorem
719 2973 857 3008 sparsit,
876 2975 909 3000 et
925 2973 967 3000 ab
983 2972 1116 3000 eisdem
1126 2971 1210 3007 sere
1225 2971 1401 2998 omnibus·
1417 2970 1464 2998 Io.

179 3016 194 3031 ⁰
233 3019 413 3047 Gnilielmo
429 3021 469 3047 du
487 3020 579 3048 Prat.
