2020 3342
264 247 333 284 150
771 248 994 286 LITTERAE
1023 259 1104 291 Qua
1114 259 1381 286 Dninffisrnsss

343 343 697 396 Supera-reptio
718 345 767 384 2'12
790 345 1193 396 qztartapagsna:
1213 350 1241 393 †
1261 345 1321 385 Al
1342 347 1483 387 molto
1504 346 1605 387 R.d0
1633 347 1680 387 in
1701 346 1887 387 Christo

259 413 308 454 P.
334 415 364 454 il
384 414 487 455 Pre.
511 415 570 455 M.
594 415 776 465 Ignatio
799 416 854 455 de
875 416 1070 466 Loyola,
1097 415 1339 467 Preposito
1360 419 1582 468 generale
1609 418 1728 457 della
1756 417 1890 458 Com-

262 485 435 536 pagnia
457 486 501 525 di
523 486 679 535 GiesU,
704 486 750 525 in
772 486 934 526 Roma.

345 555 456 595 Alia
484 568 645 596 malm:
670 556 784 597 1556.
809 557 1054 597 Fiorenza.
1078 557 1418 608 Quadrimestri
1437 557 1486 598 21
1510 558 1555 598 di
1574 558 1788 599 Febraio.

575 980 857 1008 Praecedentium
873 981 996 1008 Leonis
1010 981 1088 1008 Lilii
1103 981 1299 1007 litterarum
1313 981 1422 1008 latina
1435 982 1548 1008 versio
1566 982 1587 1008 ¹.

353 1191 515 1232 Gratia
539 1201 581 1233 et
603 1194 702 1234 Pax
723 1194 912 1234 Domini
932 1195 1080 1235 nostri
1100 1195 1210 1247 Jesu
1232 1195 1406 1236 Christi
1434 1195 1493 1234 sit
1512 1206 1695 1245 semper
1715 1194 1762 1234 in
1792 1205 1891 1234 cor*

264 1259 399 1302 dibus
420 1265 606 1305 nostris.
631 1265 797 1306 Amen.

345 1332 474 1384 Quae
503 1348 561 1375 ex
582 1336 750 1377 effluxo
777 1338 1107 1390 quadrimestri
1142 1337 1388 1377 scribenda
1415 1336 1708 1385 uidebuntur,
1739 1335 1892 1375 dicam

268 1414 408 1454 quam
437 1406 712 1448 breuissime
738 1415 916 1460 potero:
947 1415 990 1448 et
1015 1409 1214 1460 primum
1241 1407 1426 1459 quidem
1452 1407 1508 1447 de
1534 1407 1775 1446 literarum
1801 1412 1891 1446 stu-

265 1475 360 1527 dio,
385 1483 481 1516 tum
502 1489 613 1517 uero
636 1478 691 1518 de
720 1479 1105 1529 confessionibus,
1139 1478 1441 1519 concionibus
1471 1489 1526 1517 ac
1547 1477 1737 1528 reliquis
1763 1477 1893 1528 spiri-

265 1547 468 1588 tualibus
489 1550 739 1589 exercitiis.
762 1549 852 1589 Pro
874 1550 1136 1590 studiorum
1163 1550 1305 1600 igitur
1326 1549 1645 1596 renovatione,
1679 1547 1738 1587 ad
1759 1558 1893 1599 quas-

270 1617 377 1658 dam
405 1619 452 1658 in
478 1621 838 1670 grammaticam
863 1621 1201 1672 disputationes
1227 1625 1528 1659 accesserunt
1556 1618 1786 1669 colloquia
1815 1624 1894 1657 aut

267 1688 444 1740 dialogi
479 1691 620 1730 latine
648 1691 907 1742 compositi,
937 1691 1104 1742 quibus
1136 1691 1373 1731 auditores
1400 1690 1648 1741 plurimum
1679 1688 1894 1728 delectati

268 1759 468 1800 fuerunt.
492 1760 666 1801 Eorum
687 1773 806 1801 unus
828 1763 872 1801 in
894 1762 1200 1801 christianam
1231 1760 1508 1809 doctrinam,
1534 1761 1718 1810 uulgari
1746 1759 1894 1799 editus

267 1841 496 1880 sermone,
522 1837 701 1871 tantum
722 1832 883 1872 habuit
903 1833 1132 1882 utilitatis,
1156 1838 1205 1871 ut
1225 1832 1357 1871 multi
1378 1832 1476 1871 eius
1497 1830 1736 1881 exemplar
1759 1841 1893 1881 expe-

265 1901 468 1952 tiuerint,
493 1908 630 1953 atque
651 1903 823 1942 hortati
844 1903 935 1942 sint
957 1909 1005 1942 ut
1027 1902 1087 1942 ad
1110 1913 1404 1942 communem
1425 1901 1607 1952 frugem
1638 1900 1893 1952 publicare-

262 1977 352 2012 tur.
376 1971 695 2023 Spectantium
712 1985 824 2013 uero
852 1984 1089 2023 numerus,
1115 1979 1302 2024 praeter
1332 1972 1478 2012 Ducis
1503 1972 1675 2011 liberos
1696 1977 1739 2010 et
1768 1970 1894 2010 nobi-

263 2043 331 2082 les
352 2045 631 2094 complures,
655 2056 892 2095 nunquam
915 2044 1217 2095 frequentior.
1236 2043 1340 2083 Non
1356 2043 1726 2094 praetermittam
1744 2041 1896 2081 hocin

263 2114 384 2162 loco,
410 2114 531 2165 quod
560 2115 618 2154 ad
649 2115 871 2166 pietatem
899 2122 1039 2166 atque
1069 2115 1251 2154 animos
1278 2121 1405 2154 recte
1434 2112 1731 2153 instruendos
1759 2112 1896 2163 pluri-

264 2195 390 2224 mum
413 2185 572 2225 ualuit:
597 2197 689 2224 nan
711 2185 920 2235 uulgaris
938 2186 1116 2236 dialogi
1137 2185 1259 2225 felici
1277 2185 1405 2224 exitu
1426 2184 1666 2234 admoniti,
1690 2183 1895 2223 animum

264 2254 553 2306 induximus,
587 2262 636 2295 ut
671 2257 759 2295 alia
794 2257 960 2296 similia
998 2257 1228 2307 similique
1259 2262 1537 2306 argumento
1572 2254 1896 2294 exhiberemus

266 2327 550 2376 spectacula.
588 2326 748 2377 Itaque
784 2338 920 2367 sacro
957 2327 1291 2378 Conceptionis
1325 2327 1412 2377 die,
1452 2326 1512 2366 ad
1545 2326 1897 2365 immaculatam

270 2395 485 2447 Virginis
521 2396 698 2437 Mariae
738 2397 1104 2448 Conceptionem
1145 2397 1519 2448 approbandam,
1561 2395 1689 2435 feriis
1730 2395 1900 2435 deinde*

271 2465 317 2506 S.
350 2466 544 2518 Joannis
574 2467 918 2519 Euangelistae,
949 2468 1004 2507 de
1035 2468 1193 2508 mundi
1224 2467 1582 2518 contemptione,
1617 2466 1790 2517 aliquot
1818 2477 1895 2505 no-

270 2543 475 2577 strorum
498 2538 830 2589 discipulorum
853 2539 972 2578 inter
995 2550 1043 2578 se
1065 2538 1265 2578 iocunde
1282 2549 1547 2588 magnoque
1565 2538 1792 2588 applausu
1809 2536 1898 2576 dis*

268 2614 506 2659 putarunt3
537 2609 779 2648 multitudo
811 2616 966 2648 autem
996 2616 1125 2648 tanta
1161 2609 1231 2648 rei
1267 2609 1418 2648 accita
1444 2619 1630 2648 rumore
1660 2608 1893 2655 conuenit,

270 2684 319 2718 ut
341 2690 445 2718 eam
465 2680 687 2730 templum
709 2691 801 2719 non
823 2686 1024 2730 caperet.
1050 2679 1283 2719 Numerus
1304 2690 1444 2730 porro
1474 2689 1654 2727 eorum,
1679 2677 1757 2728 qui
1778 2683 1821 2717 et
1850 2677 1899 2716 li-

270 2748 384 2788 teris
405 2749 538 2788 bonis
559 2755 602 2788 et
624 2750 830 2789 moribus
852 2749 909 2789 ad
930 2761 1015 2789 nos
1032 2750 1224 2789 ueniunt
1244 2748 1502 2798 excolendi,
1527 2755 1595 2788 est
1613 2748 1726 2787 satis
1748 2747 1898 2798 copio-

271 2830 365 2869 sus,
390 2819 470 2859 sed
491 2830 603 2870 prae
626 2820 803 2870 reliqua
827 2819 1083 2870 deprauata
1104 2819 1344 2870 juuentute
1366 2819 1518 2858 minus
1543 2824 1806 2869 corruptus.
1829 2817 1901 2858 EX

276 2889 364 2929 hoc
387 2890 775 2929 scholasticorum
797 2901 989 2929 numero
1011 2896 1106 2929 tres
1138 2884 1460 2929 adolescentes
1482 2889 1656 2929 iamdiu
1682 2889 1728 2928 in
1749 2888 1903 2928 Socie-

339 3047 349 3068 ¹
388 3048 637 3082 Autographae
655 3048 777 3082 duplici
795 3048 882 3081 solio,
896 3048 1004 3082 primo
1020 3055 1050 3074 n.
1065 3048 1110 3081 56,
1125 3049 1234 3075 altero
1249 3056 1313 3075 non
1329 3053 1516 3076 numerato.
