2020 3342
216 195 239 231 6
728 197 954 234 LITTERAE
981 208 1336 241 QUADRIMESTRES

218 303 342 332 mum
365 293 629 343 gratularer
654 292 710 333 de
730 293 852 334 felici
873 293 1073 334 filiorum
1094 301 1280 335 tuorum
1301 295 1424 345 apud
1440 306 1525 335 nos
1541 293 1668 335 facta
1684 307 1845 335 acces-v

220 363 363 412 sione,
388 363 501 403 nihil
523 376 577 403 ea
597 375 690 403 una
712 376 762 404 re
778 365 1017 405 honestius
1033 366 1271 416 gratiusue
1288 376 1389 405 esse
1406 365 1695 414 existimans,
1715 366 1843 417 quod*

219 432 346 473 Patri
376 434 581 473 nuntiari
602 440 682 474 aut
712 442 869 486 posset
890 442 969 475 aut
999 436 1201 485 deberet3
1234 441 1278 475 et
1300 447 1405 475 cum
1434 436 1579 476 multa
1601 436 1722 487 apud
1752 448 1837 477 nos

220 509 377 543 extent
404 505 655 555 singularis
689 517 802 556 erga
837 505 1114 546 Societatem
1148 506 1269 546 hanc
1305 506 1489 546 diuinae
1517 507 1837 558 prouidentiae

220 574 480 614 clarissima
519 575 783 615 testimonia
806 608 812 625 ,
855 576 944 615 hoc
983 588 1124 616 unum
1164 577 1283 616 inter
1322 582 1508 616 caetera
1550 578 1848 618 manifestius⁴

221 644 355 695 quasi
390 645 633 696 splendere
673 647 871 696 uidetur,
914 647 1034 698 quod
1073 646 1273 697 undique
1313 658 1392 686 eos
1431 647 1540 698 eligi
1579 647 1835 699 uideamus,

220 726 336 765 quos
357 715 537 755 futuros
559 717 744 756 diuinae
765 718 946 767 gratiae
968 717 1160 757 idoneos
1181 724 1509 768 cooperatores
1529 729 1782 769 speremus.

301 785 533 837 Principio
556 797 668 838 ergo
691 787 779 827 hoc
801 795 1007 839 tempore
1027 819 1034 835 ‚
1058 788 1112 827 de
1134 799 1221 838 quo
1244 788 1475 828 rationem
1496 800 1602 828 sum
1632 789 1839 830 redditu-

221 867 308 895 rus
330 859 357 907 ¹,
382 857 547 907 uiginti
570 869 652 897 sex
670 857 775 897 filiis
793 864 980 898 auctum
997 864 1041 897 te
1058 858 1191 906 scitO,
1214 870 1268 898 ac
1284 859 1477 910 proinde
1496 866 1682 899 auctam
1699 860 1839 900 etiam

220 938 312 966 non
348 927 527 967 modice
561 940 659 968 rem
694 928 879 978 Christi,
918 929 1048 969 cuius
1082 930 1277 969 bonitati
1309 936 1353 969 et
1386 931 1659 970 clementiae
1694 937 1840 971 totum

221 997 308 1037 hoc
331 1004 574 1049 acceptum
596 998 891 1039 referendum
913 1006 1003 1049 est;
1036 1011 1143 1039 nam
1171 1006 1497 1051 praeterquam
1528 1002 1651 1052 quod
1680 1012 1849 1041 omnes

221 1068 278 1107 iis
299 1069 390 1108 sint
410 1069 638 1120 moribus,
669 1070 872 1120 ingenio,
905 1071 1193 1120 artibusque,
1225 1082 1343 1121 quae
1364 1071 1411 1111 in
1441 1070 1675 1112 Societate
1696 1073 1841 1112 multo

221 1139 323 1178 usui
344 1139 402 1179 ad
422 1151 651 1180 summam
672 1140 845 1181 Christi
865 1142 1063 1191 gloriam
1081 1153 1181 1181 esse
1198 1142 1391 1192 possint,
1412 1142 1502 1182 alia
1519 1148 1675 1182 tamen
1692 1154 1840 1194 neque

222 1209 413 1257 incerta,
437 1222 586 1262 neque
606 1211 729 1251 leuia
759 1212 858 1251 eius
887 1212 954 1251 rei
981 1218 1258 1262 argumenta
1287 1212 1506 1262 colligere
1533 1213 1694 1264 liceat,
1718 1213 1840 1264 quod

221 1281 414 1331 egregia
436 1281 635 1332 quadam
658 1282 799 1322 animi
819 1281 1038 1322 firmitate
1059 1281 1340 1322 Societatem
1369 1283 1489 1323 hanc
1516 1283 1648 1323 multi
1667 1284 1714 1323 in
1744 1284 1841 1324 dies

221 1352 498 1402 expetierint
532 1358 810 1404 sanctaque,
842 1359 891 1392 ut
920 1353 987 1392 sic
1014 1353 1233 1404 dixerim,
1263 1353 1513 1393 ambitione
1542 1354 1838 1405 obtinuerint,

222 1427 360 1473 atque
380 1423 426 1462 in
448 1435 501 1462 ea
524 1423 570 1462 in
591 1423 900 1473 abnegatione
922 1424 1110 1474 propria
1132 1424 1176 1463 di
1435 1435 1506 1464 me
1528 1423 1540 1442 ²
1562 1424 1609 1464 in
1630 1425 1842 1464 obedien-

221 1492 284 1532 tia
306 1493 658 1543 diligentissime
683 1499 1006 1533 exerceantur:
1030 1506 1088 1534 ex
1109 1494 1179 1533 his
1201 1494 1290 1534 duo
1314 1501 1447 1534 erant
1472 1495 1694 1545 theologi,
1723 1506 1842 1535 unus

221 1563 446 1613 medicus,
472 1564 562 1604 duo
584 1576 643 1604 ex
662 1563 763 1614 jure
786 1564 1022 1615 pontificio
1043 1564 1057 1583 ³
1083 1597 1090 1613 ,
1115 1571 1219 1604 octo
1241 1565 1471 1614 rhetores,
1496 1573 1674 1616 septem
1694 1578 1751 1605 ex
1773 1577 1841 1605 ar-

219 1633 335 1674 tium
356 1634 614 1674 liberalium
639 1635 869 1675 cursibus:
887 1635 1008 1675 unde
1025 1647 1205 1686 semper
1224 1635 1494 1687 amplissimi
1514 1636 1692 1676 fructus
1709 1636 1843 1677 Chri-

221 1710 291 1745 sto
312 1706 422 1758 Jesu
444 1705 663 1745 obuenire
685 1707 850 1746 solent:
876 1707 1041 1757 reliqui
1058 1717 1154 1756 sex,
1177 1706 1346 1757 partim
1364 1706 1647 1756 sacerdotes,
1671 1707 1839 1758 partim

222 1777 490 1816 ministeriis
526 1777 795 1817 domesticis
831 1777 1053 1817 obeundis
1081 1789 1220 1828 quam
1254 1778 1456 1818 maxime
1496 1778 1666 1827 idonei,
1703 1783 1753 1817 vt
1782 1789 1846 1822 ex*

219 1853 315 1887 tam
337 1847 533 1887 diuersis
555 1849 716 1898 granis
738 1848 908 1888 habeat
928 1848 1015 1888 sibi
1036 1848 1185 1888 bonus
1205 1849 1428 1899 agricola,
1455 1849 1670 1889 Christus
1689 1848 1838 1901 Jesus,

219 1929 332 1958 suae
368 1917 614 1959 Societatis
647 1919 927 1959 foecundum
960 1919 1276 1959 seminarium.
1311 1919 1450 1959 Faxit
1484 1919 1583 1971 ipse
1617 1920 1846 1959 immensa

220 2001 301 2029 sua
332 1989 504 2040 pietate
532 1996 575 2029 et
604 1990 869 2040 clementia,
902 1996 952 2030 vt
979 2001 1119 2041 quam
1152 1990 1348 2030 feliciter
1383 1996 1637 2030 sementem
1663 1989 1839 2041 jactam

219 2060 435 2108 vidimus,
458 2066 553 2100 tam
575 2061 722 2100 laetos
743 2061 882 2100 etiam
908 2061 1084 2111 percipi
1103 2060 1283 2100 fructus
1303 2060 1564 2100 uideamus.

298 2131 418 2170 Huic
439 2142 550 2170 uero
574 2131 792 2182 quoniam
814 2131 947 2171 affine
969 2132 1170 2171 maxime
1191 2139 1274 2182 est,
1299 2143 1380 2171 eos
1407 2131 1489 2171 tibi
1515 2131 1736 2179 referam,
1760 2131 1847 2182 qui

220 2201 326 2241 hinc
357 2202 448 2241 alio
476 2201 713 2241 amandati
743 2209 861 2241 sunt.
900 2201 1144 2242 Sexdecim
1181 2212 1309 2252 ergo,
1340 2208 1436 2241 tum
1467 2213 1525 2241 ex
1553 2201 1624 2251 iis,
1655 2208 1753 2241 tum
1782 2213 1840 2241 ex

220 2271 336 2320 aliis,
361 2272 438 2323 qui
468 2271 619 2312 adhuc
641 2272 763 2323 apud
784 2283 868 2312 nos
890 2273 1172 2323 tyrocinium
1194 2272 1417 2323 agebant,
1448 2271 1692 2312 Simancas
1712 2271 1841 2311 missi

220 2348 326 2382 sunt
350 2342 419 2391 (ea
441 2348 510 2382 est
533 2342 698 2382 domus
720 2343 1007 2393 probationis
1028 2355 1109 2382 seu
1131 2342 1313 2382 officina
1334 2341 1582 2383 Societatis
1612 2341 1658 2391 l⁴).
1682 2343 1753 2382 Ex
1773 2342 1843 2382 his

225 2419 423 2463 quatuor
445 2419 642 2462 tantum,
666 2414 822 2453 multis
845 2412 858 2431 ⁵
879 2414 925 2453 in
946 2426 995 2453 re
1017 2414 1245 2465 spirituali
1264 2413 1401 2453 factis
1421 2398 1760 2464 progressibus,
1783 2412 1847 2457 ad

223 2495 309 2522 nos
336 2484 587 2523 redierunt:
611 2484 774 2534 reliqui
795 2485 963 2534 partim
993 2485 1055 2524 ibi
1081 2485 1231 2524 adhuc
1262 2484 1517 2535 probantur
1545 2484 1844 2534 militiamque

223 2553 399 2594 Christi
419 2554 529 2606 Jesu
552 2553 821 2604 edocentur,
841 2555 1010 2605 partim
1028 2554 1306 2604 Cordubam,
1327 2555 1522 2605 Burgos,
1542 2553 1849 2604 Placentiam,-

223 2624 391 2663 missos
413 2635 514 2663 esse
537 2625 759 2664 certiores
780 2624 890 2664 facti
913 2637 1086 2665 sumus.
1111 2625 1301 2665 Praeter
1322 2625 1423 2675 hos,
1449 2624 1565 2665 duos
1587 2624 1848 2674 Concham,

278 2758 288 2777 ¹
329 2758 459 2789 Verba.
472 2759 608 2785 italicis
623 2758 884 2786 characteribus
899 2765 1030 2791 notata.
1047 2760 1175 2787 addidit
1191 2760 1329 2795 propria
1343 2768 1443 2787 manu
1459 2760 1624 2787 Polaticus
1639 2760 1671 2787 in
1683 2759 1853 2794 margine„

276 2805 290 2824 ἓ
329 2805 465 2832 Attrita
480 2811 513 2832 et
529 2806 683 2832 abscissa
698 2806 752 2833 hic
769 2806 903 2839 charta,
921 2808 1078 2834 vocabuli
1094 2808 1194 2841 hujus
1207 2814 1288 2841 pars
1300 2808 1465 2842 quaedam
1482 2807 1706 2834 desideratur.

276 2852 290 2872 ὅ
330 2852 482 2887 Scilicet,
494 2853 563 2887 juri
580 2852 765 2886 pontificio,
782 2861 841 2880 seu
856 2855 1028 2886 canonico.
1045 2862 1182 2888 operam
1197 2859 1425 2882 navaverant.

278 2901 293 2920 4
330 2899 447 2927 Verba
461 2900 705 2934 praecedentia
721 2900 768 2927 sic
784 2908 803 2927 a
819 2899 964 2927 Polanco
979 2906 1054 2927 sunt
1077 2905 1220 2928 mutata:
1237 2901 1425 2929 Simancas
1440 2901 1494 2935 (ea
1515 2903 1565 2928 esi
1587 2901 1712 2927 domus
1723 2901 1852 2935 proba„

224 2947 344 2980 tionis)
357 2948 462 2974 missi
475 2949 568 2974 sunt.

278 2993 292 3013 ⁵
328 2993 482 3027 Magnis.
498 2994 683 3022 Pomxcus.
