2020 3342
852 249 933 286 AN.
972 249 1062 287 1550
1698 247 1768 284 543

147 347 271 398 quali
293 346 490 386 essendo
513 347 783 386 totalmente
805 346 1054 396 desperati,
1078 351 1122 385 et
1152 355 1269 396 poca
1296 354 1523 393 speranza
1555 342 1707 381 dando
1741 354 1766 381 a

149 417 225 457 noi
246 423 290 457 et
312 417 389 457 alli
416 418 515 457 loro
544 417 725 467 parenti
753 417 809 457 de
844 416 1154 468 megliorarsi,
1191 414 1459 455 finalmente
1496 425 1522 453 a
1552 413 1764 464 meglior'

147 499 374 539 speranza
397 498 545 527 sonno
567 487 752 527 sedutti.
777 487 906 527 Molti
927 487 1036 537 ogni
1057 497 1181 526 mese
1204 485 1242 525 si
1263 483 1540 525 confessano
1563 489 1607 523 et
1631 483 1669 523 si
1695 494 1767 523 co-

149 558 412 607 municano,
437 565 481 598 et
502 569 709 609 pensano
731 557 787 597 de
809 559 985 598 lassare
1007 558 1038 598 il
1058 556 1227 598 mondo
1249 563 1293 596 et
1315 556 1489 596 intrare
1507 555 1553 595 in
1571 555 1768 606 qualche

154 629 378 680 religione
412 641 494 680 per
523 629 700 669 seruire
728 641 752 668 a
783 628 924 669 Iddio.
957 627 1087 669 Oltra
1115 628 1159 668 di
1194 633 1356 679 questo
1390 638 1447 666 ne
1481 637 1629 666 sonno
1663 625 1771 665 stati

151 700 288 740 oferti
310 700 368 740 da
388 701 487 739 loro
508 700 705 751 parenti,
729 700 950 740 accioche
975 700 1034 740 da
1054 699 1131 739 noi
1152 699 1339 739 fusseno
1362 697 1566 738 acettati.
1590 695 1647 736 Et
1666 707 1767 736 son-

149 782 209 812 no
231 770 385 811 alcuni
406 771 527 818 altri,
552 770 630 810 alli
651 770 776 822 quali
797 770 920 811 saria
943 771 1085 810 molto
1112 775 1249 821 grato
1277 775 1401 809 stare
1429 780 1516 808 con
1543 779 1647 808 esso
1673 767 1766 817 noi,

147 853 222 882 ma
245 853 336 882 non
359 841 389 881 li
410 841 659 881 acettiamo
681 841 880 889 subbit0‚
905 840 1124 881 accioche
1147 841 1233 880 col'
1253 840 1535 891 prolongare
1553 838 1767 878 uediamo

149 920 324 963 quanto
346 911 493 951 sermo
516 911 667 951 stiano
690 912 797 952 nelli
819 912 917 951 loro
938 911 1078 951 buoni
1099 910 1341 963 propositi.

228 983 281 1023 Li
303 983 437 1033 segni
458 982 576 1022 della
598 983 855 1023 mutatione
876 981 995 1022 della
1016 984 1116 1022 loro
1137 982 1234 1021 uita
1255 993 1402 1021 sonno
1425 980 1549 1020 assai
1580 980 1766 1020 manife-

147 1054 220 1103 sti,
245 1054 409 1093 concio
431 1054 499 1092 sia
522 1053 606 1093 che
628 1052 747 1093 dalle
768 1064 965 1104 persone
987 1054 1208 1093 riceuano
1231 1052 1356 1091 assai
1377 1052 1558 1102 capelli,
1582 1050 1767 1102 quando

148 1136 298 1165 sonno
319 1124 543 1164 chiamati
565 1124 791 1173 santucci,
816 1124 1002 1175 quando
1025 1123 1256 1175 hipocriti‚
1282 1129 1324 1163 et
1346 1133 1428 1174 per
1448 1121 1566 1162 besse
1594 1121 1639 1161 di
1666 1133 1767 1161 san-

148 1196 233 1236 tita
254 1196 286 1235 li
307 1201 503 1235 toccano
525 1206 657 1235 come
679 1195 886 1246 reliquie,
911 1195 940 1234 il
970 1194 1054 1234 che
1075 1205 1168 1234 non
1189 1193 1383 1233 sarebbe
1406 1193 1443 1233 si
1465 1193 1568 1244 pari
1588 1192 1767 1232 fossero

147 1267 202 1306 de
225 1266 438 1306 costumi.
462 1266 517 1306 Li
538 1265 697 1316 figlioli
719 1266 861 1306 molto
884 1265 999 1305 bene
1021 1265 1264 1316 imparano
1285 1265 1328 1303 la
1351 1263 1534 1304 dotrina
1559 1263 1766 1303 christia-

149 1350 223 1387 na,
248 1344 291 1378 et
312 1338 351 1376 si
372 1336 605 1377 delettano
628 1336 683 1377 de
704 1338 916 1377 cantarla
937 1337 983 1376 in
1005 1348 1116 1377 casa
1137 1343 1180 1376 et
1201 1335 1306 1375 fuor
1328 1335 1372 1375 di
1394 1346 1520 1385 casa,
1541 1341 1584 1374 et
1602 1342 1764 1386 questo

149 1420 239 1448 non
262 1419 400 1448 senza
421 1407 600 1458 grande
620 1408 805 1459 piacere
825 1407 881 1447 de
904 1407 980 1447 chi
1000 1408 1027 1447 l'
1053 1407 1215 1447 odeno.

225 1478 257 1519 Il
279 1491 471 1519 numero
493 1479 597 1519 delli
619 1480 789 1519 scolari
813 1491 960 1519 sonno
983 1478 1107 1518 circa
1134 1477 1221 1528 170,
1247 1484 1290 1517 et
1317 1479 1359 1517 al
1382 1478 1460 1529 piu
1481 1478 1537 1518 de
1565 1477 1764 1517 ducento

150 1563 206 1590 ne
242 1550 576 1599 haueressimo,
607 1561 656 1590 se
684 1561 775 1590 non
806 1549 929 1590 fusse
960 1551 1002 1589 la
1036 1549 1210 1589 inuidia
1246 1549 1301 1589 de
1335 1549 1536 1597 alchuni,
1575 1548 1603 1588 li
1641 1549 1766 1599 quali

145 1633 267 1661 anno
289 1620 515 1661 seminato
537 1621 651 1660 certi
672 1621 834 1661 cattiui
856 1621 1030 1661 rumori
1051 1620 1107 1660 de
1127 1620 1220 1671 noi,
1244 1627 1288 1660 et
1315 1619 1438 1671 posti
1466 1620 1510 1659 in
1539 1619 1704 1659 timore
1736 1619 1767 1658 li

145 1692 372 1742 cittadini,
397 1692 618 1732 accioche
639 1703 729 1731 non
753 1691 972 1732 mandino
994 1691 1024 1731 li
1052 1692 1149 1731 loro
1180 1690 1340 1742 figlioli
1372 1691 1459 1730 alle
1487 1696 1660 1740 nostre,
1692 1702 1764 1730 tna

143 1764 231 1803 alle
253 1764 351 1803 loro
374 1764 510 1802 scole.
534 1761 675 1802 Pochi
697 1774 844 1802 sonno
867 1762 1003 1813 quelli
1025 1762 1110 1802 che
1133 1772 1348 1812 uengono
1369 1763 1457 1800 alle
1480 1760 1700 1812 prediche
1723 1768 1767 1799 et

144 1834 234 1873 alla
256 1833 441 1874 dotrina
473 1833 744 1882 christiana,
775 1839 906 1884 parte
933 1844 1014 1884 per
1042 1844 1170 1873 esser
1198 1844 1308 1873 cosa
1336 1844 1459 1872 noua
1488 1839 1532 1872 et
1560 1832 1764 1879 insolita,

145 1912 277 1956 parte
298 1904 505 1944 anchora
527 1916 618 1944 non
642 1916 764 1944 anno
785 1910 944 1954 potuto
967 1904 1125 1944 uenire
1146 1915 1229 1955 per
1250 1904 1388 1944 esser’
1407 1903 1622 1954 occupati
1639 1903 1765 1942 circa

143 1977 185 2015 la
209 1976 398 2016 recolta.

222 2046 306 2087 Nel
328 2058 452 2087 mese
474 2046 519 2086 di
541 2047 730 2098 Maggio
753 2054 796 2086 et
818 2046 999 2097 Agosto
1021 2046 1149 2086 molti
1181 2057 1228 2085 se
1259 2057 1406 2085 sonno
1438 2045 1690 2085 confessati
1723 2051 1765 2084 et

141 2118 484 2168 communicati,
519 2126 562 2158 et
590 2119 683 2158 mai
711 2129 878 2158 manca
905 2118 951 2157 di
979 2117 1262 2157 confessare.
1296 2116 1388 2156 Alli
1420 2115 1601 2156 infermi
1633 2116 1765 2167 quasi

144 2190 254 2240 ogni
275 2190 442 2240 giorno
466 2190 613 2230 siamo
635 2189 872 2229 chiamati.
902 2187 1031 2228 Molti
1058 2188 1231 2228 inimici
1262 2199 1344 2239 per
1374 2187 1528 2238 gratia
1558 2186 1599 2226 d’
1634 2185 1762 2226 Iddio

149 2260 188 2300 si
210 2271 358 2300 sonno
380 2260 480 2300 fatti
504 2261 655 2311 amici,
679 2260 785 2300 delli
807 2259 932 2311 quali
959 2259 1033 2299 doi
1061 2270 1203 2299 erano
1232 2258 1477 2310 principali
1506 2258 1625 2297 della
1655 2258 1767 2297 citta

152 2331 206 2371 de
228 2330 411 2371 Xacca:
440 2332 466 2371 l'
494 2331 738 2382 hospitale,
769 2331 798 2370 il
833 2331 967 2382 quale
998 2334 1022 2370 6
1053 2341 1245 2381 apresso
1276 2330 1320 2368 al
1355 2329 1551 2379 collegio
1588 2334 1764 2377 nostro,

148 2413 331 2453 sempre
353 2403 394 2442 ci
416 2403 474 2442 da
497 2402 692 2442 materia
724 2402 779 2441 de
807 2401 1097 2441 confessare:
1120 2402 1148 2440 l'
1179 2400 1457 2440 incarcerati
1489 2400 1697 2439 anchora
1727 2399 1768 2439 61

146 2474 301 2513 danno
323 2475 456 2524 gran'
486 2473 756 2524 guadagnio
788 2472 1042 2524 spirituale,
1071 2471 1177 2511 delli
1204 2471 1329 2522 quali
1358 2471 1537 2522 cinque‚
1572 2471 1768 2510 essendo

143 2544 313 2584 menati
337 2556 362 2584 a
384 2544 670 2594 giusticiarsi
695 2542 720 2593 ¹,
743 2543 910 2583 furono
931 2542 1040 2582 dalli
1070 2542 1216 2582 nostri
1245 2541 1490 2591 consolati,
1526 2548 1569 2580 et
1600 2552 1692 2580 uno
1724 2541 1767 2580 di

142 2616 243 2655 loro
280 2615 474 2655 retirato
503 2614 578 2655 dal
605 2615 795 2654 baratro
823 2613 941 2653 della
973 2613 1320 2664 desperatione,
1353 2612 1526 2664 perche
1556 2618 1692 2651 staua
1723 2613 1768 2651 in

147 2693 309 2737 questa
345 2686 572 2726 sententia
609 2686 693 2725 che
722 2686 748 2725 l’
782 2685 937 2725 anima
970 2684 1162 2724 insieme
1193 2685 1266 2724 col
1301 2695 1445 2735 corpo
1481 2683 1679 2723 hauesse
1710 2682 1767 2722 da

144 2757 327 2796 morire.

224 2827 395 2868 Alcuni
417 2827 664 2868 ciarlatani
683 2828 757 2867 nel
779 2827 945 2868 istesso
975 2826 1142 2878 giorno
1170 2826 1289 2866 della
1318 2825 1595 2865 Pentecoste
1624 2836 1767 2865 erano

146 2898 341 2938 montati
375 2897 421 2938 in
448 2898 630 2938 bancho
659 2909 740 2949 per
768 2897 880 2938 dare
908 2898 1066 2949 parole
1102 2898 1145 2936 al
1179 2897 1365 2948 populo,
1405 2896 1435 2935 il
1469 2907 1662 2936 numero
1694 2896 1767 2936 del

199 3011 206 3030 Ι
251 3010 347 3038 Prius
370 3011 535 3044 scriptum
551 3015 626 3038 erat
643 3010 677 3037 al
694 3011 875 3042 martirio:
888 3010 947 3037 sed
962 3014 1019 3038 aut
1035 3009 1152 3037 eadem
1168 3008 1317 3035 Thomae
1331 3030 1336 3041 ‚
1352 3014 1409 3035 aut
1427 3009 1494 3035 alia
1510 3009 1594 3035 satis
1617 3008 1769 3042 antiqua,

144 3064 261 3085 manus
277 3058 307 3085 id
325 3058 531 3086 cancellavit
547 3063 580 3085 et
595 3058 837 3092 superscripsit
853 3065 873 3084 a
888 3058 1122 3091 gz‘nsticzarsz'.
