2020 3342
883 296 965 333 AN.
1003 296 1092 334 1556
1727 300 1798 339 313

174 390 357 440 cessita,
382 397 425 430 et
446 402 494 431 se
516 391 694 432 fossero
725 393 865 433 libere
893 406 918 433 o
948 395 1125 446 potenti
1152 396 1272 435 nella
1303 395 1492 446 faculta,
1524 409 1654 438 come
1683 410 1795 438 sono

175 461 339 501 alcune
359 461 404 502 di
424 462 523 502 loro
545 463 666 503 nella
687 464 879 504 volunta
901 471 944 505 et
966 465 1118 505 buono
1147 466 1400 517 desiderio,
1432 475 1590 519 presto
1611 481 1661 509 se
1689 469 1795 509 libe-

175 532 432 572 rarebbeno
455 533 574 573 della
595 545 776 585 pagura
804 535 876 575 ch’
906 535 1062 577 hanno
1090 537 1162 577 ch'
1192 549 1256 577 vn
1282 538 1447 588 giorno
1475 551 1567 579 non
1597 540 1627 579 li
1649 541 1796 580 siamo

176 602 317 644 leuati
338 603 396 644 da
417 602 616 645 Modena
638 617 720 656 per
750 618 844 646 non
874 606 1034 648 hauer'
1064 608 1199 649 luoco
1233 610 1538 651 conueniente
1567 612 1610 651 al
1638 611 1796 651 diuino

175 675 378 716 seruitio.
402 675 458 716 Et
480 687 506 716 a
527 676 603 717 noi
623 677 659 717 s’
680 679 1041 719 accrescerebbe
1061 680 1088 719 l’
1113 679 1282 731 animo,
1306 686 1351 722 et
1373 682 1521 722 anche
1543 683 1586 722 la
1609 694 1795 734 speran-

174 758 229 787 za
256 746 327 787 ch’
356 746 572 788 hauendo
599 748 676 800 qui
697 749 847 800 luoco,
871 750 909 789 si
939 751 1246 792 mandariano
1281 764 1479 804 persone
1510 754 1594 793 che
1629 754 1798 805 suppli-

175 818 377 858 rebbono
399 818 445 858 in
467 830 606 859 cuose
637 819 679 860 d’
711 819 1019 872 importanza,
1052 828 1096 862 et
1127 822 1172 863 di
1196 823 1376 874 grande
1406 824 1598 865 seruitio
1633 825 1677 865 di
1707 825 1797 865 Dio

172 894 332 929 nostro
353 887 470 940 S.re,
502 901 635 930 come
665 891 872 942 sarebbe,
899 892 973 932 chi
1000 892 1180 944 legesse
1208 893 1442 945 theologia
1466 895 1543 935 alli
1562 894 1653 936 R.di
1675 895 1798 936 Preti

173 959 218 999 di
239 958 452 1009 Modena,
475 960 550 1001 chi
570 960 840 1013 predicasse
862 969 906 1003 et
927 963 1140 1015 leggesse
1168 970 1286 1005 tutto
1308 965 1335 1005 l'
1362 977 1501 1015 annO,
1525 967 1566 1006 le
1597 967 1798 1007 domeni-

173 1030 257 1071 che
288 1037 331 1071 et
365 1030 495 1082 feste,
532 1033 654 1072 nella
688 1032 847 1074 chiesa
880 1035 1163 1086 cathedrale,
1201 1041 1245 1076 et
1281 1036 1434 1087 simili,
1471 1038 1676 1078 secondo
1713 1039 1798 1078 che

172 1102 344 1143 Mons.r
381 1103 412 1142 il
431 1103 652 1144 Vescouo
673 1104 785 1144 R.¹110
806 1105 868 1145 mi
889 1104 988 1146 fece
1018 1106 1098 1157 gia
1127 1107 1335 1148 scriuere
1365 1119 1393 1148 a
1420 1107 1479 1148 V.
1513 1108 1566 1149 R.
1603 1108 1668 1160 P.,
1703 1121 1800 1150 ccr-

173 1174 322 1215 cando
343 1173 413 1215 ch'
443 1176 611 1216 alcuno
638 1176 683 1216 di
710 1176 858 1217 nostri
885 1177 1107 1229 pigliasse
1140 1179 1204 1219 tal
1232 1179 1448 1231 impresa.
1483 1180 1517 1220 ΙΙ
1544 1186 1704 1221 nostro
1733 1180 1796 1221 Si-

171 1257 321 1297 gnore
349 1246 574 1297 adonche‚
604 1247 658 1287 de
686 1248 761 1288 cui
787 1252 811 1288 e
838 1254 955 1289 tutto
986 1249 1016 1289 il
1046 1250 1251 1301 negotio,
1289 1250 1498 1302 proueda
1533 1252 1720 1304 quando
1754 1258 1798 1293 et

172 1329 302 1358 come
325 1318 494 1369 meglio
517 1318 584 1358 sia
607 1319 792 1370 seruito,
816 1326 860 1360 et
881 1332 909 1360 a
936 1320 1013 1361 noi
1034 1320 1110 1361 dia
1130 1322 1288 1372 gratia
1310 1321 1355 1362 di
1377 1334 1559 1374 sempre
1589 1322 1689 1363 fare
1712 1335 1798 1364 sua

171 1389 439 1430 santissima
461 1390 667 1442 volunta,
691 1392 721 1431 il
743 1391 829 1432 che
850 1403 988 1444 spero
1009 1392 1112 1433 fara
1133 1404 1215 1444 per
1232 1405 1315 1433 sua
1337 1394 1681 1446 misericordia,
1706 1406 1797 1436 me-

171 1460 327 1502 diante
347 1462 374 1501 l’
395 1462 598 1502 orationi
618 1461 663 1502 di
684 1461 742 1503 V.
766 1461 820 1503 R.
844 1462 892 1503 Ρ.
918 1469 962 1504 et
983 1463 1090 1504 delli
1107 1464 1372 1505 charissimi
1388 1465 1522 1516 padri
1544 1471 1589 1506 et
1607 1465 1796 1517 fratelli,

175 1533 262 1573 alle
284 1532 408 1584 quali
428 1534 568 1574 molto
590 1534 632 1573 ci
653 1534 1081 1575 raccomandiamo.

250 1603 311 1644 Di
335 1603 534 1644 Modena
556 1617 582 1645 a
598 1604 651 1645 20
670 1604 715 1645 di
736 1605 928 1658 Maggio
954 1606 1068 1647 1556.

250 1674 311 1716 Di
332 1674 390 1716 V.
414 1674 508 1716 Ρ.ῒὲὶ
527 1675 717 1728 figliuol'
741 1677 958 1730 indegno‚
983 1686 1026 1720 et
1047 1680 1237 1721 minimo
1259 1691 1396 1721 seruo
1417 1680 1464 1720 in
1485 1679 1688 1731 Christo,

1058 1822 1274 1865 PHILIPPO
1301 1824 1478 1866 FABRo.

249 2033 681 2086 Superscrz'ptz'om‘s
706 2036 805 2077 loco
836 2037 886 2077 ln
914 2041 1088 2089 quarta
1114 2040 1299 2090 pagina
1327 2051 1471 2080 mama
1499 2041 1658 2081 eadem
1687 2040 1798 2081 llaec

167 2104 349 2157 scripta
388 2109 524 2146 sunt:
565 2105 594 2158 †
631 2107 681 2147 In
721 2108 855 2149 luoco
895 2109 940 2149 di
981 2108 1331 2161 Quadrimestre
1376 2111 1450 2152 del
1495 2111 1702 2163 Collegio
1752 2112 1797 2152 di

173 2175 387 2218 Modena.

249 2247 360 2289 Alia
379 2259 542 2290 manu:
567 2249 681 2291 1556.
702 2250 1054 2304 Quadrimestre
1074 2253 1119 2294 di
1137 2253 1335 2295 Modena
1353 2253 1400 2295 di
1415 2254 1506 2295 XX
1523 2254 1568 2296 di
1585 2254 1791 2307 Maggio.
