2020 3342
835 261 919 297 ΑΝ.
952 259 1042 297 1556
1547 269 1551 274 ’
1696 259 1739 297 81

203 360 293 411 Qui
316 359 485 399 stiamo
507 362 737 409 quaranta
765 361 809 396 et
838 367 932 396 vno
960 355 1080 395 della
1114 354 1431 406 Compagnia,
1461 360 1532 394 tra
1562 354 1593 394 li
1623 355 1747 405 quali

123 442 247 471 noue
269 440 417 470 sonno
438 427 686 476 sacerdoti,
709 426 740 466 il
769 432 895 467 resto
929 425 1147 466 scholari.
1178 424 1283 465 Non
1312 425 1447 464 altro.
1479 424 1651 465 Nostro
1683 423 1750 464 Si-

124 512 272 551 gnore
293 498 506 540 conserui
526 498 571 537 la
593 497 647 538 R.
670 496 720 537 P.
745 496 804 537 V.
828 496 873 536 in
896 507 980 536 sua
1002 495 1297 536 sanctissima
1318 495 1489 545 gratia.

208 570 267 611 Di
288 569 474 619 Loreto,
499 580 524 608 a
546 568 592 608 di
617 566 664 607 16
684 567 731 608 di
756 566 970 608 Gennaio
996 565 1111 606 1556.

207 641 279 681 De
301 640 359 681 V.
383 639 435 679 R.
460 638 508 678 P.
533 638 747 689 indeg.m0
768 638 813 677 in
834 636 917 677 X.0
938 636 1159 688 figliuolo,

1032 778 1255 819 OLIUERIO
1286 778 1537 818 MANAREO.

211 993 566 1046 Sztperscriptz'o
599 992 648 1032 in
683 994 856 1043 quarta
885 991 1106 1042 pagina:
1139 991 1270 1043 jhus.
1307 989 1368 1030 Al
1401 990 1543 1030 molto
1578 988 1680 1030 R.d0
1708 989 1755 1029 in

134 1064 321 1106 Christo
342 1064 493 1104 Padre
514 1064 545 1104 il
565 1062 637 1103 P.e
657 1063 793 1103 Mtro.
817 1061 1000 1113 Ignatio
1024 1061 1079 1101 de
1100 1062 1278 1112 Loyola
1294 1060 1536 1113 Preposito
1553 1059 1755 1100 General

133 1136 253 1177 della
275 1134 566 1186 Compagnia
589 1133 644 1174 de
666 1133 806 1182 Gessi,
830 1133 875 1172 in
903 1132 1066 1172 Roma.

214 1206 325 1247 Alia
347 1216 509 1245 manu:
534 1204 648 1245 1556.
673 1204 859 1244 Loreto.
884 1203 1236 1254 Quadi-imestre
1259 1202 1364 1242 delli
1390 1202 1436 1241 16
1457 1202 1502 1242 di
1529 1202 1756 1243 Gennaio.

225 1276 486 1328 Vestigium
504 1287 635 1315 cerae
655 1275 825 1326 sigilli.

801 1632 1100 1686 ODLXXI

209 1860 256 1896 P.
281 1858 505 1896 Adrianus
527 1858 711 1896 Adriani

255 1924 375 1961 Patri
398 1925 562 1972 ignatio
584 1925 637 1961 de
657 1924 842 1968 Loyola.

304 1990 515 2033 Lovanio,
541 1989 583 2026 17
601 1989 799 2036 Januarii
823 1989 914 2027 1556
935 1988 959 2025 ¹.

901 2113 999 2186 sssis

219 2269 385 2309 Gratia
409 2276 452 2309 et
474 2282 566 2321 pax
588 2270 660 2310 X}
689 2270 947 2310 nobiscum.

220 2340 516 2380 Venerabilis
537 2341 690 2381 Pater.

221 2410 390 2451 Paucis
412 2412 727 2462 perstringam
749 2424 868 2463 quae
889 2413 976 2452 hoc
999 2412 1211 2463 proximo
1234 2410 1561 2463 quadrimestri
1583 2421 1665 2460 per
1682 2420 1770 2448 nos

144 2480 372 2521 Dominus
394 2483 579 2533 operari
602 2483 819 2533 dignatus
843 2489 925 2522 est.
958 2483 1008 2522 In
1035 2483 1197 2534 primis
1225 2482 1305 2521 vix
1331 2482 1500 2521 labitur
1531 2481 1628 2520 dies
1658 2492 1767 2531 qna-

144 2550 401 2602 liscmnqne
422 2552 450 2603 ²,
474 2553 519 2592 in
542 2565 631 2604 quo
653 2565 746 2593 non
770 2560 1013 2593 accrescat
1035 2554 1169 2593 nobis
1190 2564 1338 2592 nouus
1358 2553 1600 2602 Vtriusque
1630 2562 1770 2590 sexus

146 2623 380 2672 confitens
401 2622 428 2663 ⁵.
453 2623 667 2674 Augetur
688 2631 732 2664 et
753 2636 979 2664 numerus
996 2624 1259 2676 frequenter
1277 2622 1721 2663 communicantium
1738 2619 1766 2660 ⁴:

144 2691 234 2732 duo
256 2693 399 2733 etiam
420 2695 598 2734 nobiles
620 2695 829 2745 studiosi,
853 2695 931 2735 filii
954 2695 1148 2735 duorum
1170 2694 1538 2745 praecipuorum
1614 2694 1660 2733 in
1692 2703 1769 2731 no-

198 2827 210 2848 ¹
248 2828 502 2863 Autographae
518 2830 614 2856 unico
630 2830 719 2859 folio.
743 2838 774 2857 n.
793 2830 988 2864 507.-Quae
1005 2831 1187 2857 emendans
1210 2830 1375 2857 Polaneus
1391 2830 1539 2863 sustulit,
1557 2828 1689 2855 italicis
1711 2827 1765 2854 de-

145 2875 334 2909 scribimus;
351 2884 438 2910 quae
455 2884 514 2910 pro
530 2877 673 2904 sublatis
688 2878 876 2911 substituit,
892 2878 934 2905 ad
947 2878 1091 2912 paginae
1108 2879 1237 2905 calcem
1254 2878 1383 2904 damus.

199 2921 213 2941 Ξ
251 2923 393 2956 aliquis
411 2924 597 2953 Pomxccs.

199 2968 214 2987 ⁵
251 2969 496 3004 confitentium
513 2979 694 2999 numerus.
710 2972 759 3000 10.

200 3016 214 3035 Α
250 3016 449 3050 frequenter
465 3020 782 3048 communicantium
800 3021 999 3048 multitudo.
1015 3021 1063 3048 In.

201 3062 216 3082 5
255 3064 437 3093 nobilium.
459 3065 512 3093 ID.

340 3123 388 3160 T.
420 3139 472 3162 ιν.
1557 3127 1579 3159 6
