2020 3342
235 211 304 249 614
329 258 330 263 ¹
752 212 972 248 LITTERAE
999 222 1356 255 QUADR1MESTRES

237 307 367 348 cuius
388 310 486 359 ipse
509 308 784 348 constitutus
807 314 874 348 est
899 308 1084 358 Rector‚
1104 309 1354 360 patientur,
1375 309 1692 361 auspicabitur
1710 309 1861 350 Euan-

237 379 408 429 gelium
429 379 683 418 secundum
706 378 1009 418 Matthaeum.

316 449 430 497 Ego,
469 448 651 488 fauente
680 448 896 498 Domino,
928 461 1032 489 cum
1059 450 1130 489 his
1159 450 1336 490 duobus
1364 451 1504 490 etiam
1532 451 1578 490 in
1609 450 1859 490 Baccalau-

237 531 365 559 reum
395 525 648 570 promotus,
680 525 783 570 post
810 520 1119 571 Epiphaniam
1147 521 1314 560 librum
1343 520 1538 561 Genesis
1575 520 1581 538 ¹
1613 521 1657 560 in
1689 520 1863 561 scholis

237 589 581 639 Theologorum
614 590 846 630 exordiar.
884 589 974 630 Det
1010 590 1237 630 Dominus
1272 591 1514 631 conatibus
1554 591 1726 631 nostris
1761 602 1863 641 pro-

238 671 424 711 sperum
445 672 727 700 successum.
752 660 850 700 Has
879 661 1100 700 lectiones
1129 673 1245 712 opus
1273 668 1341 701 est
1363 667 1412 701 ut
1432 673 1518 700 nos
1539 668 1634 700 tres
1657 672 1862 701 assuma-

239 742 354 780 mus,
378 731 501 782 quod
522 731 567 770 id
589 729 780 771 Senatui
808 732 992 782 placere
1020 732 1249 781 nouimus,
1281 732 1358 783 qui
1385 732 1584 783 idipsum
1613 743 1638 770 a
1666 731 1799 771 nobis
1820 731 1864 771 id

237 801 504 853 postulauit.
530 801 683 852 Quare
705 813 787 853 pro
810 802 964 841 futuro
991 802 1198 853 Collegio
1224 809 1417 854 vterque
1440 802 1759 861 Theodoricus
1790 814 1865 842 ex-

238 872 511 924 pectabitur,
536 872 750 912 Canisius
771 873 988 913 nimirum
1011 879 1054 913 et
1077 873 1478 913 Amstelredamus
1498 873 1526 923 ⁴³,
1552 874 1630 924 qui
1658 873 1864 914 Philoso—

238 943 395 994 phiam
430 943 728 994 profiteatur3
766 943 863 983 fieri
899 944 1021 983 enim
1057 945 1242 995 nequit,
1280 948 1341 984 ut‘
1368 945 1548 996 utrique
1583 951 1628 983 et
1662 943 1864 984 Philoso-

239 1014 402 1064 phicae
438 1021 481 1053 et
517 1013 832 1065 Theologicae
863 1015 1047 1054 lectioni
1078 1015 1243 1066 aliquis
1276 1022 1486 1055 nostrum
1512 1027 1598 1066 par
1625 1021 1694 1054 est
1722 1013 1736 1032 ³
1765 1026 1866 1054 esse

239 1090 392 1135 queat.
417 1084 580 1124 Orauit
602 1084 659 1124 V.
684 1085 799 1124 ΚΜ
821 1085 941 1124 Rdus
979 1085 1027 1124 Ρ.
1058 1086 1332 1125 Leonardus
1360 1086 1676 1137 superioribus
1702 1085 1863 1134 literis,

238 1162 286 1195 ut
307 1156 392 1195 hos
413 1156 527 1195 duos
550 1156 607 1196 ad
629 1168 713 1196 nos
737 1157 903 1206 mittat,
929 1156 1198 1208 profuturos
1220 1156 1458 1204 Coloniae,
1483 1157 1622 1196 immo
1647 1157 1732 1196 toti
1760 1156 1868 1196 infe-

238 1227 348 1267 riori
370 1227 665 1275 Germaniae,
691 1239 782 1267 non
805 1228 849 1266 in
872 1228 1150 1267 lectionibus
1172 1228 1325 1277 modo,
1351 1239 1514 1268 uerum
1534 1228 1580 1267 in
1603 1219 1706 1267 aliis
1728 1238 1866 1278 quam

238 1298 461 1349 plurimis.
511 1297 813 1338 Conducendi
855 1299 987 1338 nobis
1023 1306 1156 1338 erunt
1193 1299 1251 1338 ad
1292 1306 1474 1350 tempus
1514 1298 1864 1350 Praeceptores‚

238 1369 315 1420 qui
336 1369 421 1408 has
440 1370 686 1409 facultates
708 1370 1028 1420 profiteantur,
1054 1370 1200 1410 donec
1228 1370 1289 1409 illi
1320 1370 1546 1409 uenerint.
1579 1369 1788 1421 Cumque
1818 1369 1867 1409 hi

238 1440 463 1489 uenerint,
489 1440 641 1479 studia
663 1441 793 1480 iuxta
814 1452 989 1479 morem
1013 1440 1273 1480 Romanum
1296 1441 1605 1481 instituemus.

316 1510 556 1561 Rogamus
584 1518 826 1561 praeterea
860 1511 912 1550 V.
949 1510 999 1550 R.
1034 1517 1081 1551 ut
1113 1512 1321 1551 uenturis
1351 1512 1438 1551 illis
1468 1510 1575 1561 (sic)
1608 1512 1762 1552 iubeat
1789 1511 1867 1551 ali-

237 1588 348 1632 quot
370 1581 581 1632 dialogos
602 1582 815 1632 Magistri
838 1582 1055 1622 Andreae
1079 1582 1229 1622 Frusii
1254 1582 1480 1632 conferre,
1501 1594 1614 1634 quos
1632 1582 1705 1623 hic
1723 1583 1865 1623 inter-

237 1652 345 1692 dum
366 1653 560 1692 studiosi
582 1653 883 1693 Colonienses
906 1653 1086 1704 publice
1110 1653 1372 1703 exhibeant,
1399 1665 1489 1692 non
1511 1653 1634 1693 enim
1656 1659 1762 1693 sunt
1791 1654 1866 1693 hic

238 1723 360 1774 apud
382 1735 467 1763 nos
487 1723 639 1763 Frusii
660 1724 754 1774 ulli,
778 1724 854 1775 qui
876 1724 1043 1764 similia
1065 1725 1241 1775 possint
1264 1724 1478 1764 condere.

316 1794 449 1845 Quod
478 1801 633 1834 autem
660 1794 717 1834 ad
745 1802 931 1834 nostros
959 1795 1145 1845 attinet,
1176 1794 1336 1834 decem
1364 1802 1407 1834 et
1435 1806 1601 1834 nouem
1631 1806 1791 1835 sumus
1822 1795 1868 1834 in

238 1866 324 1905 hac
348 1865 500 1915 domo,
524 1867 678 1916 plures
700 1866 857 1915 futuri,
882 1866 969 1905 nisi
993 1866 1077 1905 loci
1102 1867 1318 1916 angustia
1339 1866 1618 1917 prohiberet.
1638 1865 1762 1906 Inter
1780 1865 1867 1906 hos

238 1948 356 1976 unus
377 1937 465 1976 hoc
487 1948 645 1976 mense
675 1949 723 1976 se
752 1936 972 1977 Societati
1004 1937 1206 1985 tradidit,
1243 1937 1421 1976 iuuenis
1452 1937 1653 1988 optimae
1682 1936 1866 1987 indolis,

239 2008 498 2059 Gregorius
515 2008 701 2048 nomine
719 2007 747 2058 ⁴,
767 2008 814 2048 21
837 2009 1023 2048 circiter
1042 2020 1284 2057 annorum,
1305 2008 1391 2047 hoc
1409 2008 1663 2048 Februario
1682 2008 1728 2048 in
1745 2007 1870 2048 Arti-

238 2079 321 2118 bus
341 2080 702 2130 promouendus.
727 2079 876 2129 Hunc,
904 2091 1007 2118 cum
1031 2090 1117 2129 ego
1147 2079 1192 2118 in
1215 2079 1413 2130 patriam
1442 2078 1780 2129 proficiscerer,
1811 2090 1867 2118 ne

237 2151 364 2189 locus
387 2151 505 2189 ullus
526 2156 787 2189 remaneret
809 2162 1000 2198 uacuus,
1026 2148 1072 2189 P.
1101 2149 1369 2189 Leonardus
1392 2149 1575 2189 admisit
1607 2155 1656 2189 ut
1684 2149 1729 2188 in
1764 2160 1866 2189 meo

238 2221 450 2260 cubiculo
475 2221 709 2261 Exercitia
732 2221 920 2271 faceret,
946 2221 1112 2272 quibus
1142 2228 1248 2260 ante
1277 2220 1475 2260 reditum
1508 2232 1659 2260 meum
1689 2220 1867 2259 absolu-

238 2293 310 2341 tis,
335 2293 578 2331 nobiscum
601 2292 786 2335 mansit,
810 2304 864 2332 ac
886 2292 1093 2343 quotidie
1116 2292 1160 2331 in
1179 2292 1350 2343 pietate
1373 2292 1534 2342 suique
1552 2291 1868 2342 resignatione

240 2363 408 2403 mirum
448 2364 493 2402 in
535 2363 723 2402 modum
761 2362 971 2413 proficit,
1014 2370 1062 2402 ut
1103 2363 1467 2413 pulcherrimum
1506 2363 1769 2413 exemplum
1809 2361 1869 2401 sit

240 2434 465 2473 omnibus.
500 2433 903 2473 Promovebuntur
932 2445 1036 2473 cum
1066 2434 1141 2473 illo
1173 2446 1230 2473 ex
1258 2434 1429 2473 nostris
1460 2433 1550 2473 duo
1572 2433 1649 2473 alii
1678 2433 1869 2484 ingenui
1896 2474 1897 2477 Ἴ

240 2505 574 2545 adolescentes.
617 2505 790 2544 Verum
827 2505 1036 2556 sequenti
1074 2516 1195 2544 anno
1232 2505 1276 2543 in
1311 2510 1471 2544 nostro
1506 2504 1712 2555 Collegio
1752 2503 1869 2543 alios

241 2577 502 2616 creabimus
525 2577 792 2626 magistros,
827 2576 982 2615 diuina
1017 2588 1117 2626 ope,
1150 2575 1402 2615 Henricum
1423 2583 1636 2614 nostrum
1663 2574 1900 2632 Dionna-v-

299 2735 305 2753 ·
348 2743 516 2768 geneseos
533 2736 619 2769 apud
637 2736 786 2763 His-sex.

296 2784 308 2801 '-'
347 2783 576 2809 'l‘lieodoricu‘s
593 2783 863 2815 Geci·ae1·1s,seu
877 2784 1032 2810 Germ-di-
1051 2788 1149 2810 natu<
1166 2784 1196 2810 in
1213 2785 1293 2810 urbe
1312 2784 1541 2815 Amsterdam,
1557 2790 1653 2817 quem
1667 2789 1780 2810 tamen
1794 2790 1871 2809 non*
1893 2784 1896 2785 ⁷

242 2830 319 2856 dum
334 2830 366 2856 in
382 2836 513 2856 aestate
530 2833 702 2864 sequentis
718 2832 795 2858 anni
814 2832 1005 2858 obtinuerat
1024 2831 1055 2857 l‘.
1077 2831 1281 2857 Leonardus.
1300 2831 1385 2857 Vide
1402 2830 1552 2863 HANSEN,
1569 2837 1645 2864 pag.
1658 2830 1719 2856 289.

296 2877 309 2895 5
348 2878 412 2909 Sic;
432 2878 487 2904 scd
506 2885 533 2904 r«
545 2878 671 2905 dundat
688 2880 748 2905 hoc
765 2881 828 2909 est,
844 2887 903 2905 nce
920 2879 1122 2905 exscribimu-
1138 2887 1156 2905 a
1175 2878 1322 2905 Hmsex.

296 2923 309 2942 ‘¹
349 2926 483 2952 “Sermo
499 2933 572 2952 esse
589 2926 724 2953 videtur
740 2927 779 2952 de
804 2926 970 2960 Gregorio
992 2926 1124 2958 (Fabio)
1146 2926 1354 2958 Dionatensi,
1375 2927 1428 2960 qui
1450 2925 1638 2952 Februario
1657 2933 1768 2952 mense
1790 2925 1868 2952 anni

245 2973 311 3000 1557
332 2973 537 3003 Lz'cclllz‘all',
560 2973 737 3000 Decembri
762 2981 844 3000 vcro
867 2974 1017 3007 ejusdem
1039 2975 1115 3000 anni
1145 2973 1312 3007 Magistri
1336 2973 1373 3000 in
1397 2973 1535 3000 artibus
1556 2972 1700 3006 gradum
1724 2972 1867 3000 obtinuit

245 3020 521 3050 (Deeanatsbuch
539 3020 595 3049 lv.
613 3021 667 3047 fol.
684 3021 744 3053 266,
761 3021 853 3054 269).„
869 3020 927 3051 Io.,
943 3021 1040 3052 ibid„
1054 3028 1133 3054 pag.
1151 3021 1211 3053 231,
1229 3024 1343 3047 annot.
1359 3020 1389 3046 2.
