<?xml version="1.0" encoding="UTF-8"?>
<!DOCTYPE html PUBLIC "-//W3C//DTD XHTML 1.0 Transitional//EN"
    "http://www.w3.org/TR/xhtml1/DTD/xhtml1-transitional.dtd">
<html xmlns="http://www.w3.org/1999/xhtml" xml:lang="en" lang="en">
 <head>
  <title>
</title>
<meta http-equiv="Content-Type" content="text/html;charset=utf-8" />
  <meta name='ocr-system' content='tesseract 3.04.00' />
  <meta name='ocr-capabilities' content='ocr_page ocr_carea ocr_par ocr_line ocrx_word'/>
</head>
<body>
  <div class='ocr_page' id='page_1' title='image "./litteraequadrime16lain_0572.png"; bbox 0 0 2020 3342; ppageno 0'>
   <div class='ocr_carea' id='block_1_1' title="bbox 277 214 1395 256">
    <p class='ocr_par' dir='ltr' id='par_1_1' title="bbox 277 214 1395 256">
     <span class='ocr_line' id='line_1_1' title="bbox 277 214 1395 256; baseline -0.002 -4"><span class='ocrx_word' id='word_1_1' title='bbox 277 214 348 253; x_wconf 79' lang='lat'>566</span> <span class='ocrx_word' id='word_1_2' title='bbox 784 214 1011 252; x_wconf 81' lang='lat' dir='ltr'><strong>LITTERAE</strong></span> <span class='ocrx_word' id='word_1_3' title='bbox 1037 222 1395 256; x_wconf 82' lang='lat' dir='ltr'>QUADRIMESTRES</span> 
     </span>
    </p>
   </div>
   <div class='ocr_carea' id='block_1_2' title="bbox 270 307 1928 3066">
    <p class='ocr_par' dir='ltr' id='par_1_2' title="bbox 275 307 1920 1286">
     <span class='ocr_line' id='line_1_2' title="bbox 279 307 1898 362; baseline -0.001 -11"><span class='ocrx_word' id='word_1_4' title='bbox 279 311 372 362; x_wconf 90' lang='lat' dir='ltr'>bat,</span> <span class='ocrx_word' id='word_1_5' title='bbox 396 311 691 361; x_wconf 90' lang='lat' dir='ltr'>accurrisset,</span> <span class='ocrx_word' id='word_1_6' title='bbox 716 310 911 350; x_wconf 87' lang='lat' dir='ltr'>crimina</span> <span class='ocrx_word' id='word_1_7' title='bbox 936 310 1000 349; x_wconf 92' lang='lat' dir='ltr'>illi</span> <span class='ocrx_word' id='word_1_8' title='bbox 1021 321 1106 350; x_wconf 92' lang='lat' dir='ltr'>sua</span> <span class='ocrx_word' id='word_1_9' title='bbox 1128 309 1303 350; x_wconf 84' lang='lat' dir='ltr'>detexit</span> <span class='ocrx_word' id='word_1_10' title='bbox 1323 320 1497 360; x_wconf 90' lang='lat' dir='ltr'>magno</span> <span class='ocrx_word' id='word_1_11' title='bbox 1521 320 1626 349; x_wconf 90' lang='lat' dir='ltr'>cum</span> <span class='ocrx_word' id='word_1_12' title='bbox 1660 309 1804 349; x_wconf 90' lang='lat' dir='ltr'>animi</span> <span class='ocrx_word' id='word_1_13' title='bbox 1824 307 1898 349; x_wconf 88' lang='lat' dir='ltr'>do·</span> 
     </span>
     <span class='ocr_line' id='line_1_3' title="bbox 278 379 1901 433; baseline -0.001 -11"><span class='ocrx_word' id='word_1_14' title='bbox 278 383 390 433; x_wconf 91' lang='lat' dir='ltr'>lore;</span> <span class='ocrx_word' id='word_1_15' title='bbox 421 388 642 433; x_wconf 89' lang='lat' dir='ltr'>tantoque</span> <span class='ocrx_word' id='word_1_16' title='bbox 668 382 752 421; x_wconf 84' lang='lat' dir='ltr'>suit</span> <span class='ocrx_word' id='word_1_17' title='bbox 780 381 937 421; x_wconf 91' lang='lat' dir='ltr'>diuino</span> <span class='ocrx_word' id='word_1_18' title='bbox 969 392 1197 421; x_wconf 89' lang='lat' dir='ltr'>accensus</span> <span class='ocrx_word' id='word_1_19' title='bbox 1228 392 1411 429; x_wconf 89' lang='lat' dir='ltr'>amore,</span> <span class='ocrx_word' id='word_1_20' title='bbox 1443 386 1506 431; x_wconf 91' lang='lat' dir='ltr'>ut,</span> <span class='ocrx_word' id='word_1_21' title='bbox 1538 379 1626 420; x_wconf 91' lang='lat' dir='ltr'>etsi</span> <span class='ocrx_word' id='word_1_22' title='bbox 1654 381 1901 420; x_wconf 89' lang='lat' dir='ltr'>vulnerum</span> 
     </span>
     <span class='ocr_line' id='line_1_4' title="bbox 278 451 1901 503; baseline -0.001 -10"><span class='ocrx_word' id='word_1_23' title='bbox 278 453 413 503; x_wconf 89' lang='lat' dir='ltr'>graui</span> <span class='ocrx_word' id='word_1_24' title='bbox 435 454 593 493; x_wconf 89' lang='lat' dir='ltr'>dolore</span> <span class='ocrx_word' id='word_1_25' title='bbox 615 452 931 498; x_wconf 69' lang='lat' dir='ltr'>cruciabatur,</span> <span class='ocrx_word' id='word_1_26' title='bbox 962 463 1145 503; x_wconf 84' lang='lat' dir='ltr'><strong>semper</strong></span> <span class='ocrx_word' id='word_1_27' title='bbox 1174 457 1331 492; x_wconf 89' lang='lat' dir='ltr'>tamen</span> <span class='ocrx_word' id='word_1_28' title='bbox 1358 451 1508 492; x_wconf 88' lang='lat' dir='ltr'>Deum</span> <span class='ocrx_word' id='word_1_29' title='bbox 1536 451 1582 491; x_wconf 91' lang='lat' dir='ltr'>in</span> <span class='ocrx_word' id='word_1_30' title='bbox 1603 463 1683 491; x_wconf 92' lang='lat' dir='ltr'>ore</span> <span class='ocrx_word' id='word_1_31' title='bbox 1709 451 1901 491; x_wconf 91' lang='lat' dir='ltr'>haberet</span> 
     </span>
     <span class='ocr_line' id='line_1_5' title="bbox 279 521 1900 575; baseline -0.001 -11"><span class='ocrx_word' id='word_1_32' title='bbox 279 524 543 575; x_wconf 82' lang='lat' dir='ltr'>Christique</span> <span class='ocrx_word' id='word_1_33' title='bbox 565 524 848 575; x_wconf 82' lang='lat' dir='ltr'>passionem,</span> <span class='ocrx_word' id='word_1_34' title='bbox 873 524 947 563; x_wconf 91' lang='lat' dir='ltr'>cui</span> <span class='ocrx_word' id='word_1_35' title='bbox 970 523 1153 563; x_wconf 91' lang='lat' dir='ltr'>animae</span> <span class='ocrx_word' id='word_1_36' title='bbox 1170 534 1283 563; x_wconf 90' lang='lat' dir='ltr'>suae</span> <span class='ocrx_word' id='word_1_37' title='bbox 1304 523 1501 563; x_wconf 93' lang='lat' dir='ltr'>salutem</span> <span class='ocrx_word' id='word_1_38' title='bbox 1522 528 1765 574; x_wconf 83' lang='lat' dir='ltr'>acceptam</span> <span class='ocrx_word' id='word_1_39' title='bbox 1786 521 1900 562; x_wconf 86' lang='lat' dir='ltr'>refe·</span> 
     </span>
     <span class='ocr_line' id='line_1_6' title="bbox 277 593 1899 646; baseline -0.002 -11"><span class='ocrx_word' id='word_1_40' title='bbox 277 596 423 636; x_wconf 90' lang='lat' dir='ltr'>rebat.</span> <span class='ocrx_word' id='word_1_41' title='bbox 448 595 657 635; x_wconf 80' lang='lat' dir='ltr'>Tandem</span> <span class='ocrx_word' id='word_1_42' title='bbox 673 600 778 646; x_wconf 92' lang='lat' dir='ltr'>post</span> <span class='ocrx_word' id='word_1_43' title='bbox 798 594 1018 645; x_wconf 91' lang='lat' dir='ltr'>triduum,</span> <span class='ocrx_word' id='word_1_44' title='bbox 1038 594 1183 634; x_wconf 91' lang='lat' dir='ltr'>alacri</span> <span class='ocrx_word' id='word_1_45' title='bbox 1200 594 1355 634; x_wconf 92' lang='lat' dir='ltr'>animo</span> <span class='ocrx_word' id='word_1_46' title='bbox 1372 594 1670 645; x_wconf 85' lang='lat' dir='ltr'>maximaque</span> <span class='ocrx_word' id='word_1_47' title='bbox 1690 604 1787 644; x_wconf 88' lang='lat' dir='ltr'>spe,</span> <span class='ocrx_word' id='word_1_48' title='bbox 1806 593 1899 632; x_wconf 90' lang='lat' dir='ltr'>ani·</span> 
     </span>
     <span class='ocr_line' id='line_1_7' title="bbox 279 664 1900 716; baseline -0.002 -10"><span class='ocrx_word' id='word_1_49' title='bbox 279 678 402 706; x_wconf 90' lang='lat' dir='ltr'>mam</span> <span class='ocrx_word' id='word_1_50' title='bbox 420 665 659 706; x_wconf 84' lang='lat' dir='ltr'>exhalauit</span> <span class='ocrx_word' id='word_1_51' title='bbox 680 677 840 706; x_wconf 93' lang='lat' dir='ltr'>coram</span> <span class='ocrx_word' id='word_1_52' title='bbox 867 665 1004 706; x_wconf 87' lang='lat' dir='ltr'>Patre</span> <span class='ocrx_word' id='word_1_53' title='bbox 1024 671 1184 705; x_wconf 87' lang='lat' dir='ltr'>nostro</span> <span class='ocrx_word' id='word_1_54' title='bbox 1212 664 1427 715; x_wconf 87' lang='lat' dir='ltr'>Rectore,</span> <span class='ocrx_word' id='word_1_55' title='bbox 1457 675 1592 716; x_wconf 90' lang='lat' dir='ltr'>quem</span> <span class='ocrx_word' id='word_1_56' title='bbox 1614 675 1852 715; x_wconf 88' lang='lat' dir='ltr'>nunquam</span> <span class='ocrx_word' id='word_1_57' title='bbox 1874 675 1900 704; x_wconf 92' lang='lat' dir='ltr'>a</span> 
     </span>
     <span class='ocr_line' id='line_1_8' title="bbox 278 734 1901 787; baseline -0.002 -10"><span class='ocrx_word' id='word_1_58' title='bbox 278 749 361 777; x_wconf 89' lang='lat' dir='ltr'>suo</span> <span class='ocrx_word' id='word_1_59' title='bbox 382 737 528 777; x_wconf 90' lang='lat' dir='ltr'>latere</span> <span class='ocrx_word' id='word_1_60' title='bbox 548 735 787 777; x_wconf 79' lang='lat' dir='ltr'>discedere</span> <span class='ocrx_word' id='word_1_61' title='bbox 808 736 1008 776; x_wconf 83' lang='lat' dir='ltr'>volebat.</span> <span class='ocrx_word' id='word_1_62' title='bbox 1033 736 1156 776; x_wconf 80' lang='lat' dir='ltr'>Nam</span> <span class='ocrx_word' id='word_1_63' title='bbox 1172 734 1243 787; x_wconf 83' lang='lat' dir='ltr'>(ut</span> <span class='ocrx_word' id='word_1_64' title='bbox 1263 747 1430 776; x_wconf 83' lang='lat' dir='ltr'>verum</span> <span class='ocrx_word' id='word_1_65' title='bbox 1440 734 1633 786; x_wconf 78' lang='lat' dir='ltr'>fatear)</span> <span class='ocrx_word' id='word_1_66' title='bbox 1653 734 1901 786; x_wconf 88' lang='lat' dir='ltr'>plurimum</span> 
     </span>
     <span class='ocr_line' id='line_1_9' title="bbox 276 805 1901 858; baseline -0.002 -10"><span class='ocrx_word' id='word_1_67' title='bbox 276 808 354 848; x_wconf 75' lang='lat' dir='ltr'><em>sllz·</em></span> <span class='ocrx_word' id='word_1_68' title='bbox 370 807 623 848; x_wconf 88' lang='lat' dir='ltr'>adiumenti</span> <span class='ocrx_word' id='word_1_69' title='bbox 652 806 816 848; x_wconf 74' lang='lat' dir='ltr'>attulit</span> <span class='ocrx_word' id='word_1_70' title='bbox 848 808 1006 847; x_wconf 72' lang='lat' dir='ltr'>nostri</span> <span class='ocrx_word' id='word_1_71' title='bbox 1032 807 1203 847; x_wconf 74' lang='lat' dir='ltr'>Patris</span> <span class='ocrx_word' id='word_1_72' title='bbox 1225 807 1506 858; x_wconf 88' lang='lat' dir='ltr'>praesentia,</span> <span class='ocrx_word' id='word_1_73' title='bbox 1540 806 1638 857; x_wconf 79' lang='lat' dir='ltr'>qui,</span> <span class='ocrx_word' id='word_1_74' title='bbox 1663 805 1901 858; x_wconf 89' lang='lat' dir='ltr'>proposita</span> 
     </span>
     <span class='ocr_line' id='line_1_10' title="bbox 277 875 1902 930; baseline -0.002 -11"><span class='ocrx_word' id='word_1_75' title='bbox 277 890 461 930; x_wconf 86' lang='lat' dir='ltr'>semper</span> <span class='ocrx_word' id='word_1_76' title='bbox 491 884 597 919; x_wconf 91' lang='lat' dir='ltr'>ante</span> <span class='ocrx_word' id='word_1_77' title='bbox 633 879 731 919; x_wconf 92' lang='lat' dir='ltr'>eius</span> <span class='ocrx_word' id='word_1_78' title='bbox 767 879 927 919; x_wconf 94' lang='lat' dir='ltr'>oculos</span> <span class='ocrx_word' id='word_1_79' title='bbox 963 877 1120 918; x_wconf 89' lang='lat' dir='ltr'>diuina</span> <span class='ocrx_word' id='word_1_80' title='bbox 1155 877 1493 928; x_wconf 83' lang='lat' dir='ltr'>misericordia,</span> <span class='ocrx_word' id='word_1_81' title='bbox 1527 889 1644 927; x_wconf 75' lang='lat' dir='ltr'>quae</span> <span class='ocrx_word' id='word_1_82' title='bbox 1671 888 1764 917; x_wconf 88' lang='lat' dir='ltr'>non</span> <span class='ocrx_word' id='word_1_83' title='bbox 1796 875 1902 916; x_wconf 79' lang='lat' dir='ltr'>vult</span> 
     </span>
     <span class='ocr_line' id='line_1_11' title="bbox 277 948 1901 1001; baseline -0.001 -11"><span class='ocrx_word' id='word_1_84' title='bbox 277 954 475 990; x_wconf 80' lang='lat' dir='ltr'>mortem</span> <span class='ocrx_word' id='word_1_85' title='bbox 507 949 794 1001; x_wconf 69' lang='lat' dir='ltr'>peccatoris,</span> <span class='ocrx_word' id='word_1_86' title='bbox 829 950 911 989; x_wconf 82' lang='lat' dir='ltr'>sed</span> <span class='ocrx_word' id='word_1_87' title='bbox 945 953 997 989; x_wconf 80' lang='lat' dir='ltr'>nt</span> <span class='ocrx_word' id='word_1_88' title='bbox 1031 953 1341 989; x_wconf 74' lang='lat' dir='ltr'>comtertatur</span> <span class='ocrx_word' id='word_1_89' title='bbox 1375 952 1418 989; x_wconf 90' lang='lat' dir='ltr'>et</span> <span class='ocrx_word' id='word_1_90' title='bbox 1452 948 1613 997; x_wconf 74' lang='lat' dir='ltr'>vt&#39;nat,</span> <span class='ocrx_word' id='word_1_91' title='bbox 1648 948 1839 988; x_wconf 83' lang='lat' dir='ltr'>abduxit</span> <span class='ocrx_word' id='word_1_92' title='bbox 1874 959 1901 987; x_wconf 86' lang='lat' dir='ltr'>a</span> 
     </span>
     <span class='ocr_line' id='line_1_12' title="bbox 277 1018 1899 1073; baseline -0.002 -12"><span class='ocrx_word' id='word_1_93' title='bbox 277 1021 481 1073; x_wconf 75' lang='lat' dir='ltr'>quadam</span> <span class='ocrx_word' id='word_1_94' title='bbox 499 1021 641 1061; x_wconf 89' lang='lat' dir='ltr'>animi</span> <span class='ocrx_word' id='word_1_95' title='bbox 662 1021 1003 1072; x_wconf 79' lang='lat' dir='ltr'>desperatione,</span> <span class='ocrx_word' id='word_1_96' title='bbox 1028 1032 1146 1072; x_wconf 90' lang='lat' dir='ltr'>quae</span> <span class='ocrx_word' id='word_1_97' title='bbox 1167 1020 1288 1060; x_wconf 89' lang='lat' dir='ltr'>illius</span> <span class='ocrx_word' id='word_1_98' title='bbox 1311 1020 1466 1060; x_wconf 90' lang='lat' dir='ltr'>animo</span> <span class='ocrx_word' id='word_1_99' title='bbox 1489 1020 1594 1059; x_wconf 92' lang='lat' dir='ltr'>altis</span> <span class='ocrx_word' id='word_1_100' title='bbox 1609 1018 1761 1059; x_wconf 86' lang='lat' dir='ltr'>defixa</span> <span class='ocrx_word' id='word_1_101' title='bbox 1781 1019 1899 1059; x_wconf 89' lang='lat' dir='ltr'>radi-</span> 
     </span>
     <span class='ocr_line' id='line_1_13' title="bbox 277 1091 1920 1143; baseline -0.001 -11"><span class='ocrx_word' id='word_1_102' title='bbox 277 1092 408 1132; x_wconf 83' lang='lat' dir='ltr'>cibus</span> <span class='ocrx_word' id='word_1_103' title='bbox 430 1092 723 1132; x_wconf 76' lang='lat' dir='ltr'>inhaerebat:</span> <span class='ocrx_word' id='word_1_104' title='bbox 747 1092 832 1131; x_wconf 75' lang='lat' dir='ltr'>hoc</span> <span class='ocrx_word' id='word_1_105' title='bbox 851 1092 973 1131; x_wconf 79' lang='lat' dir='ltr'>enim</span> <span class='ocrx_word' id='word_1_106' title='bbox 992 1091 1085 1131; x_wconf 71' lang='lat' dir='ltr'>sibl</span> <span class='ocrx_word' id='word_1_107' title='bbox 1095 1094 1427 1143; x_wconf 67' lang='lat' dir='ltr'>persuaserat,</span> <span class='ocrx_word' id='word_1_108' title='bbox 1454 1094 1638 1131; x_wconf 79' lang='lat' dir='ltr'>tantam</span> <span class='ocrx_word' id='word_1_109' title='bbox 1667 1102 1769 1130; x_wconf 84' lang='lat' dir='ltr'>esse</span> <span class='ocrx_word' id='word_1_110' title='bbox 1796 1101 1920 1139; x_wconf 71' lang='lat' dir='ltr'>szto-v</span> 
     </span>
     <span class='ocr_line' id='line_1_14' title="bbox 277 1161 1901 1213; baseline -0.001 -10"><span class='ocrx_word' id='word_1_111' title='bbox 277 1174 383 1203; x_wconf 70' lang='lat' dir='ltr'>rum</span> <span class='ocrx_word' id='word_1_112' title='bbox 414 1162 645 1203; x_wconf 74' lang='lat' dir='ltr'>scelernm</span> <span class='ocrx_word' id='word_1_113' title='bbox 674 1163 1034 1213; x_wconf 74' lang='lat' dir='ltr'>innnanz&#39;tcztem,</span> <span class='ocrx_word' id='word_1_114' title='bbox 1068 1166 1119 1202; x_wconf 80' lang='lat' dir='ltr'>ut</span> <span class='ocrx_word' id='word_1_115' title='bbox 1148 1162 1223 1202; x_wconf 79' lang='lat' dir='ltr'>uel</span> <span class='ocrx_word' id='word_1_116' title='bbox 1251 1162 1464 1202; x_wconf 71' lang='lat' dir='ltr'>diuinam</span> <span class='ocrx_word' id='word_1_117' title='bbox 1494 1162 1635 1202; x_wconf 70' lang='lat' dir='ltr'>etiam</span> <span class='ocrx_word' id='word_1_118' title='bbox 1661 1161 1901 1202; x_wconf 70' lang='lat' dir='ltr'>lenitatem</span> 
     </span>
     <span class='ocr_line' id='line_1_15' title="bbox 275 1234 1164 1286; baseline -0.002 -12"><span class='ocrx_word' id='word_1_119' title='bbox 275 1239 413 1286; x_wconf 73' lang='lat' dir='ltr'>atque</span> <span class='ocrx_word' id='word_1_120' title='bbox 434 1234 845 1274; x_wconf 68' lang='lat' dir='ltr'>mansuetudinem</span> <span class='ocrx_word' id='word_1_121' title='bbox 865 1237 1164 1285; x_wconf 67' lang='lat' dir='ltr'>superarent.</span> 
     </span>
    </p>

    <p class='ocr_par' dir='ltr' id='par_1_3' title="bbox 270 1304 1902 2638">
     <span class='ocr_line' id='line_1_16' title="bbox 355 1304 1898 1356; baseline -0.002 -10"><span class='ocrx_word' id='word_1_122' title='bbox 355 1305 470 1346; x_wconf 89' lang='lat' dir='ltr'>Cum</span> <span class='ocrx_word' id='word_1_123' title='bbox 497 1305 572 1345; x_wconf 90' lang='lat' dir='ltr'>hic</span> <span class='ocrx_word' id='word_1_124' title='bbox 604 1305 934 1345; x_wconf 87' lang='lat' dir='ltr'>celeberrimus</span> <span class='ocrx_word' id='word_1_125' title='bbox 963 1305 1021 1344; x_wconf 89' lang='lat' dir='ltr'>sit</span> <span class='ocrx_word' id='word_1_126' title='bbox 1050 1310 1226 1356; x_wconf 86' lang='lat' dir='ltr'>portus,</span> <span class='ocrx_word' id='word_1_127' title='bbox 1264 1304 1508 1356; x_wconf 86' lang='lat' dir='ltr'>facilisque</span> <span class='ocrx_word' id='word_1_128' title='bbox 1542 1304 1589 1344; x_wconf 90' lang='lat' dir='ltr'>in</span> <span class='ocrx_word' id='word_1_129' title='bbox 1625 1304 1898 1355; x_wconf 81' lang='lat' dir='ltr'>Hispaniam</span> 
     </span>
     <span class='ocr_line' id='line_1_17' title="bbox 277 1375 1901 1428; baseline -0.001 -12"><span class='ocrx_word' id='word_1_130' title='bbox 277 1377 525 1425; x_wconf 81' lang='lat' dir='ltr'>transitus,</span> <span class='ocrx_word' id='word_1_131' title='bbox 562 1377 769 1428; x_wconf 89' lang='lat' dir='ltr'>quotidie</span> <span class='ocrx_word' id='word_1_132' title='bbox 803 1376 899 1416; x_wconf 86' lang='lat' dir='ltr'>fere</span> <span class='ocrx_word' id='word_1_133' title='bbox 933 1376 1238 1428; x_wconf 87' lang='lat' dir='ltr'>hispanorum</span> <span class='ocrx_word' id='word_1_134' title='bbox 1274 1376 1482 1427; x_wconf 88' lang='lat' dir='ltr'>plerique</span> <span class='ocrx_word' id='word_1_135' title='bbox 1508 1375 1567 1415; x_wconf 89' lang='lat' dir='ltr'>ad</span> <span class='ocrx_word' id='word_1_136' title='bbox 1596 1387 1682 1415; x_wconf 90' lang='lat' dir='ltr'>nos</span> <span class='ocrx_word' id='word_1_137' title='bbox 1709 1375 1901 1416; x_wconf 86' lang='lat' dir='ltr'>veniunt</span> 
     </span>
     <span class='ocr_line' id='line_1_18' title="bbox 274 1446 1901 1498; baseline -0.001 -10"><span class='ocrx_word' id='word_1_138' title='bbox 274 1448 561 1498; x_wconf 82' lang='lat' dir='ltr'>flagitantes,</span> <span class='ocrx_word' id='word_1_139' title='bbox 598 1459 722 1487; x_wconf 93' lang='lat' dir='ltr'>nunc</span> <span class='ocrx_word' id='word_1_140' title='bbox 759 1448 806 1488; x_wconf 92' lang='lat' dir='ltr'>in</span> <span class='ocrx_word' id='word_1_141' title='bbox 840 1448 979 1487; x_wconf 93' lang='lat' dir='ltr'>rebus</span> <span class='ocrx_word' id='word_1_142' title='bbox 1015 1446 1333 1498; x_wconf 86' lang='lat' dir='ltr'>spiritualibus</span> <span class='ocrx_word' id='word_1_143' title='bbox 1369 1446 1608 1490; x_wconf 84' lang='lat' dir='ltr'>auxilium.</span> <span class='ocrx_word' id='word_1_144' title='bbox 1638 1458 1761 1486; x_wconf 92' lang='lat' dir='ltr'>nunc</span> <span class='ocrx_word' id='word_1_145' title='bbox 1789 1457 1901 1486; x_wconf 89' lang='lat' dir='ltr'>uero</span> 
     </span>
     <span class='ocr_line' id='line_1_19' title="bbox 274 1518 1902 1570; baseline -0.001 -11"><span class='ocrx_word' id='word_1_146' title='bbox 274 1519 377 1559; x_wconf 90' lang='lat' dir='ltr'>aliis</span> <span class='ocrx_word' id='word_1_147' title='bbox 398 1519 444 1559; x_wconf 91' lang='lat' dir='ltr'>in</span> <span class='ocrx_word' id='word_1_148' title='bbox 465 1519 624 1570; x_wconf 89' lang='lat' dir='ltr'>rebus,</span> <span class='ocrx_word' id='word_1_149' title='bbox 649 1530 769 1570; x_wconf 91' lang='lat' dir='ltr'>quae</span> <span class='ocrx_word' id='word_1_150' title='bbox 801 1519 858 1559; x_wconf 89' lang='lat' dir='ltr'>ad</span> <span class='ocrx_word' id='word_1_151' title='bbox 886 1519 1064 1559; x_wconf 85' lang='lat' dir='ltr'>victum</span> <span class='ocrx_word' id='word_1_152' title='bbox 1091 1518 1310 1567; x_wconf 82' lang='lat' dir='ltr'>attinent,</span> <span class='ocrx_word' id='word_1_153' title='bbox 1342 1518 1509 1569; x_wconf 91' lang='lat' dir='ltr'>quibus</span> <span class='ocrx_word' id='word_1_154' title='bbox 1536 1518 1714 1569; x_wconf 91' lang='lat' dir='ltr'>(quoad</span> <span class='ocrx_word' id='word_1_155' title='bbox 1740 1529 1902 1569; x_wconf 90' lang='lat' dir='ltr'>possu-</span> 
     </span>
     <span class='ocr_line' id='line_1_20' title="bbox 273 1590 1901 1642; baseline -0.001 -12"><span class='ocrx_word' id='word_1_156' title='bbox 273 1591 390 1641; x_wconf 88' lang='lat' dir='ltr'>mus)</span> <span class='ocrx_word' id='word_1_157' title='bbox 413 1602 549 1642; x_wconf 89' lang='lat' dir='ltr'>opem</span> <span class='ocrx_word' id='word_1_158' title='bbox 569 1590 775 1630; x_wconf 84' lang='lat' dir='ltr'>ferimus.</span> <span class='ocrx_word' id='word_1_159' title='bbox 800 1590 902 1641; x_wconf 86' lang='lat' dir='ltr'>Qua</span> <span class='ocrx_word' id='word_1_160' title='bbox 924 1590 970 1629; x_wconf 92' lang='lat' dir='ltr'>in</span> <span class='ocrx_word' id='word_1_161' title='bbox 993 1601 1042 1629; x_wconf 90' lang='lat' dir='ltr'>re</span> <span class='ocrx_word' id='word_1_162' title='bbox 1064 1596 1223 1629; x_wconf 89' lang='lat' dir='ltr'>tacere</span> <span class='ocrx_word' id='word_1_163' title='bbox 1252 1601 1345 1629; x_wconf 92' lang='lat' dir='ltr'>non</span> <span class='ocrx_word' id='word_1_164' title='bbox 1375 1601 1566 1641; x_wconf 92' lang='lat' dir='ltr'>possum</span> <span class='ocrx_word' id='word_1_165' title='bbox 1587 1600 1677 1641; x_wconf 94' lang='lat' dir='ltr'>quo</span> <span class='ocrx_word' id='word_1_166' title='bbox 1707 1594 1845 1641; x_wconf 91' lang='lat' dir='ltr'>pacto</span> <span class='ocrx_word' id='word_1_167' title='bbox 1877 1602 1901 1629; x_wconf 91' lang='lat' dir='ltr'>e</span> 
     </span>
     <span class='ocr_line' id='line_1_21' title="bbox 273 1661 1901 1713; baseline -0.001 -11"><span class='ocrx_word' id='word_1_168' title='bbox 273 1662 513 1703; x_wconf 89' lang='lat' dir='ltr'>daemonis</span> <span class='ocrx_word' id='word_1_169' title='bbox 548 1662 761 1702; x_wconf 88' lang='lat' dir='ltr'>manibus</span> <span class='ocrx_word' id='word_1_170' title='bbox 801 1662 990 1713; x_wconf 90' lang='lat' dir='ltr'>quidam</span> <span class='ocrx_word' id='word_1_171' title='bbox 1030 1661 1264 1712; x_wconf 68' lang='lat' dir='ltr'>hispanus</span> <span class='ocrx_word' id='word_1_172' title='bbox 1305 1664 1472 1700; x_wconf 76' lang='lat' dir='ltr'>nostra</span> <span class='ocrx_word' id='word_1_173' title='bbox 1512 1665 1685 1711; x_wconf 77' lang='lat' dir='ltr'>opera,</span> <span class='ocrx_word' id='word_1_174' title='bbox 1723 1661 1901 1712; x_wconf 81' lang='lat' dir='ltr'>Dez&#39;que</span> 
     </span>
     <span class='ocr_line' id='line_1_22' title="bbox 272 1731 1900 1784; baseline -0.002 -10"><span class='ocrx_word' id='word_1_175' title='bbox 272 1734 446 1774; x_wconf 81' lang='lat' dir='ltr'>auxilio</span> <span class='ocrx_word' id='word_1_176' title='bbox 484 1733 813 1784; x_wconf 74' lang='lat' dir='ltr'>intercedente,</span> <span class='ocrx_word' id='word_1_177' title='bbox 849 1732 988 1773; x_wconf 89' lang='lat' dir='ltr'>fuerit</span> <span class='ocrx_word' id='word_1_178' title='bbox 1023 1733 1263 1773; x_wconf 88' lang='lat' dir='ltr'>liberatus.</span> <span class='ocrx_word' id='word_1_179' title='bbox 1295 1731 1413 1774; x_wconf 91' lang='lat' dir='ltr'>Cum</span> <span class='ocrx_word' id='word_1_180' title='bbox 1447 1731 1570 1772; x_wconf 89' lang='lat' dir='ltr'>enim</span> <span class='ocrx_word' id='word_1_181' title='bbox 1603 1732 1693 1782; x_wconf 89' lang='lat' dir='ltr'>ille,</span> <span class='ocrx_word' id='word_1_182' title='bbox 1727 1731 1900 1772; x_wconf 90' lang='lat' dir='ltr'>iamdiu</span> 
     </span>
     <span class='ocr_line' id='line_1_23' title="bbox 271 1803 1899 1856; baseline -0.001 -11"><span class='ocrx_word' id='word_1_183' title='bbox 271 1817 490 1856; x_wconf 90' lang='lat' dir='ltr'>egressus</span> <span class='ocrx_word' id='word_1_184' title='bbox 525 1817 582 1845; x_wconf 88' lang='lat' dir='ltr'>ex</span> <span class='ocrx_word' id='word_1_185' title='bbox 618 1805 1022 1845; x_wconf 87' lang='lat' dir='ltr'>dominicanorum</span> <span class='ocrx_word' id='word_1_186' title='bbox 1057 1804 1304 1855; x_wconf 90' lang='lat' dir='ltr'>coenobio,</span> <span class='ocrx_word' id='word_1_187' title='bbox 1335 1804 1411 1844; x_wconf 91' lang='lat' dir='ltr'>cui</span> <span class='ocrx_word' id='word_1_188' title='bbox 1441 1815 1490 1843; x_wconf 91' lang='lat' dir='ltr'>se</span> <span class='ocrx_word' id='word_1_189' title='bbox 1520 1803 1642 1843; x_wconf 91' lang='lat' dir='ltr'>uotis</span> <span class='ocrx_word' id='word_1_190' title='bbox 1673 1803 1899 1843; x_wconf 84' lang='lat' dir='ltr'>astrinxe-</span> 
     </span>
     <span class='ocr_line' id='line_1_24' title="bbox 271 1874 1898 1927; baseline -0.001 -11"><span class='ocrx_word' id='word_1_191' title='bbox 271 1884 357 1926; x_wconf 88' lang='lat' dir='ltr'>rat,</span> <span class='ocrx_word' id='word_1_192' title='bbox 395 1876 643 1916; x_wconf 89' lang='lat' dir='ltr'>militarem</span> <span class='ocrx_word' id='word_1_193' title='bbox 676 1875 972 1927; x_wconf 85' lang='lat' dir='ltr'>disciplinam</span> <span class='ocrx_word' id='word_1_194' title='bbox 1006 1876 1309 1925; x_wconf 84' lang='lat' dir='ltr'>exercuisset,</span> <span class='ocrx_word' id='word_1_195' title='bbox 1348 1875 1551 1925; x_wconf 90' lang='lat' dir='ltr'>tandem,</span> <span class='ocrx_word' id='word_1_196' title='bbox 1582 1874 1898 1915; x_wconf 90' lang='lat' dir='ltr'>conscientiae</span> 
     </span>
     <span class='ocr_line' id='line_1_25' title="bbox 271 1946 1896 1999; baseline -0.001 -11"><span class='ocrx_word' id='word_1_197' title='bbox 271 1948 470 1988; x_wconf 89' lang='lat' dir='ltr'>stimulis</span> <span class='ocrx_word' id='word_1_198' title='bbox 492 1948 713 1999; x_wconf 85' lang='lat' dir='ltr'>agitatus,</span> <span class='ocrx_word' id='word_1_199' title='bbox 739 1947 798 1987; x_wconf 88' lang='lat' dir='ltr'>ad</span> <span class='ocrx_word' id='word_1_200' title='bbox 818 1947 1067 1999; x_wconf 92' lang='lat' dir='ltr'>pristinum</span> <span class='ocrx_word' id='word_1_201' title='bbox 1089 1946 1298 1987; x_wconf 86' lang='lat' dir='ltr'>ordinem</span> <span class='ocrx_word' id='word_1_202' title='bbox 1326 1946 1501 1987; x_wconf 91' lang='lat' dir='ltr'>reuerti</span> <span class='ocrx_word' id='word_1_203' title='bbox 1529 1946 1783 1996; x_wconf 86' lang='lat' dir='ltr'>constituit,</span> <span class='ocrx_word' id='word_1_204' title='bbox 1807 1946 1896 1996; x_wconf 92' lang='lat' dir='ltr'>cui,</span> 
     </span>
     <span class='ocr_line' id='line_1_26' title="bbox 271 2017 1899 2069; baseline -0.001 -10"><span class='ocrx_word' id='word_1_205' title='bbox 271 2019 359 2059; x_wconf 91' lang='lat' dir='ltr'>hoc</span> <span class='ocrx_word' id='word_1_206' title='bbox 383 2019 537 2059; x_wconf 90' lang='lat' dir='ltr'>animo</span> <span class='ocrx_word' id='word_1_207' title='bbox 560 2031 617 2059; x_wconf 83' lang='lat' dir='ltr'>ex</span> <span class='ocrx_word' id='word_1_208' title='bbox 638 2021 799 2058; x_wconf 84' lang='lat' dir='ltr'>nostro</span> <span class='ocrx_word' id='word_1_209' title='bbox 821 2018 1079 2069; x_wconf 83' lang='lat' dir='ltr'>egredienti</span> <span class='ocrx_word' id='word_1_210' title='bbox 1100 2018 1322 2069; x_wconf 90' lang='lat' dir='ltr'>collegio,</span> <span class='ocrx_word' id='word_1_211' title='bbox 1346 2017 1505 2058; x_wconf 91' lang='lat' dir='ltr'>statim</span> <span class='ocrx_word' id='word_1_212' title='bbox 1534 2017 1738 2057; x_wconf 89' lang='lat' dir='ltr'>occurrit</span> <span class='ocrx_word' id='word_1_213' title='bbox 1768 2017 1899 2057; x_wconf 86' lang='lat' dir='ltr'>miles</span> 
     </span>
     <span class='ocr_line' id='line_1_27' title="bbox 271 2088 1899 2142; baseline -0.001 -12"><span class='ocrx_word' id='word_1_214' title='bbox 271 2090 473 2142; x_wconf 89' lang='lat' dir='ltr'>quidam,</span> <span class='ocrx_word' id='word_1_215' title='bbox 498 2091 630 2130; x_wconf 90' lang='lat' dir='ltr'>cuius</span> <span class='ocrx_word' id='word_1_216' title='bbox 650 2089 968 2130; x_wconf 88' lang='lat' dir='ltr'>familiaritate</span> <span class='ocrx_word' id='word_1_217' title='bbox 999 2089 1045 2129; x_wconf 89' lang='lat' dir='ltr'>in</span> <span class='ocrx_word' id='word_1_218' title='bbox 1074 2090 1192 2129; x_wconf 88' lang='lat' dir='ltr'>bello</span> <span class='ocrx_word' id='word_1_219' title='bbox 1224 2089 1376 2129; x_wconf 87' lang='lat' dir='ltr'>suerat</span> <span class='ocrx_word' id='word_1_220' title='bbox 1406 2099 1537 2138; x_wconf 88' lang='lat' dir='ltr'>usus;</span> <span class='ocrx_word' id='word_1_221' title='bbox 1571 2089 1648 2140; x_wconf 92' lang='lat' dir='ltr'>qui</span> <span class='ocrx_word' id='word_1_222' title='bbox 1678 2088 1899 2128; x_wconf 90' lang='lat' dir='ltr'>miserum</span> 
     </span>
     <span class='ocr_line' id='line_1_28' title="bbox 272 2159 1899 2212; baseline -0.002 -10"><span class='ocrx_word' id='word_1_223' title='bbox 272 2162 393 2202; x_wconf 90' lang='lat' dir='ltr'>hunc</span> <span class='ocrx_word' id='word_1_224' title='bbox 416 2162 649 2202; x_wconf 88' lang='lat' dir='ltr'>hominem</span> <span class='ocrx_word' id='word_1_225' title='bbox 671 2162 715 2201; x_wconf 90' lang='lat' dir='ltr'>ui</span> <span class='ocrx_word' id='word_1_226' title='bbox 738 2161 796 2201; x_wconf 88' lang='lat' dir='ltr'>ad</span> <span class='ocrx_word' id='word_1_227' title='bbox 817 2161 1032 2201; x_wconf 88' lang='lat' dir='ltr'>triremes</span> <span class='ocrx_word' id='word_1_228' title='bbox 1053 2161 1118 2200; x_wconf 86' lang='lat' dir='ltr'>ire</span> <span class='ocrx_word' id='word_1_229' title='bbox 1147 2160 1326 2212; x_wconf 82' lang='lat' dir='ltr'>coegit,</span> <span class='ocrx_word' id='word_1_230' title='bbox 1356 2166 1404 2200; x_wconf 91' lang='lat' dir='ltr'>ut</span> <span class='ocrx_word' id='word_1_231' title='bbox 1433 2160 1494 2199; x_wconf 91' lang='lat' dir='ltr'>ibi</span> <span class='ocrx_word' id='word_1_232' title='bbox 1525 2159 1756 2211; x_wconf 89' lang='lat' dir='ltr'>stipendia</span> <span class='ocrx_word' id='word_1_233' title='bbox 1790 2159 1899 2199; x_wconf 90' lang='lat' dir='ltr'>mili-</span> 
     </span>
     <span class='ocr_line' id='line_1_29' title="bbox 270 2231 1895 2283; baseline -0.002 -10"><span class='ocrx_word' id='word_1_234' title='bbox 270 2233 390 2273; x_wconf 89' lang='lat' dir='ltr'>taria</span> <span class='ocrx_word' id='word_1_235' title='bbox 413 2239 627 2283; x_wconf 90' lang='lat' dir='ltr'>mereret,</span> <span class='ocrx_word' id='word_1_236' title='bbox 650 2233 787 2272; x_wconf 88' lang='lat' dir='ltr'>minis</span> <span class='ocrx_word' id='word_1_237' title='bbox 808 2232 1172 2283; x_wconf 89' lang='lat' dir='ltr'>terroribusque,</span> <span class='ocrx_word' id='word_1_238' title='bbox 1198 2231 1237 2271; x_wconf 91' lang='lat' dir='ltr'>si</span> <span class='ocrx_word' id='word_1_239' title='bbox 1255 2231 1299 2271; x_wconf 87' lang='lat' dir='ltr'>id</span> <span class='ocrx_word' id='word_1_240' title='bbox 1316 2231 1549 2271; x_wconf 82' lang='lat' dir='ltr'>facturum</span> <span class='ocrx_word' id='word_1_241' title='bbox 1566 2237 1776 2281; x_wconf 80' lang='lat' dir='ltr'>negaret,</span> <span class='ocrx_word' id='word_1_242' title='bbox 1796 2242 1895 2282; x_wconf 91' lang='lat' dir='ltr'>per-</span> 
     </span>
     <span class='ocr_line' id='line_1_30' title="bbox 270 2302 1897 2355; baseline -0.001 -11"><span class='ocrx_word' id='word_1_243' title='bbox 270 2303 585 2354; x_wconf 88' lang='lat' dir='ltr'>terrefaciens;</span> <span class='ocrx_word' id='word_1_244' title='bbox 607 2304 762 2355; x_wconf 89' lang='lat' dir='ltr'>itaque</span> <span class='ocrx_word' id='word_1_245' title='bbox 782 2315 957 2355; x_wconf 84' lang='lat' dir='ltr'>pauper</span> <span class='ocrx_word' id='word_1_246' title='bbox 975 2303 1064 2352; x_wconf 89' lang='lat' dir='ltr'>ille,</span> <span class='ocrx_word' id='word_1_247' title='bbox 1084 2302 1257 2342; x_wconf 91' lang='lat' dir='ltr'>inuitus</span> <span class='ocrx_word' id='word_1_248' title='bbox 1275 2302 1543 2353; x_wconf 89' lang='lat' dir='ltr'>aliquandiu</span> <span class='ocrx_word' id='word_1_249' title='bbox 1561 2302 1607 2342; x_wconf 87' lang='lat' dir='ltr'>in</span> <span class='ocrx_word' id='word_1_250' title='bbox 1630 2302 1897 2342; x_wconf 89' lang='lat' dir='ltr'>triremibus</span> 
     </span>
     <span class='ocr_line' id='line_1_31' title="bbox 270 2372 1893 2425; baseline -0.001 -10"><span class='ocrx_word' id='word_1_251' title='bbox 270 2376 502 2425; x_wconf 85' lang='lat' dir='ltr'>detentus,</span> <span class='ocrx_word' id='word_1_252' title='bbox 546 2375 844 2415; x_wconf 90' lang='lat' dir='ltr'>occasionem</span> <span class='ocrx_word' id='word_1_253' title='bbox 879 2373 1082 2425; x_wconf 91' lang='lat' dir='ltr'>quodam</span> <span class='ocrx_word' id='word_1_254' title='bbox 1117 2374 1190 2414; x_wconf 92' lang='lat' dir='ltr'>die</span> <span class='ocrx_word' id='word_1_255' title='bbox 1225 2380 1414 2423; x_wconf 89' lang='lat' dir='ltr'>nactus,</span> <span class='ocrx_word' id='word_1_256' title='bbox 1453 2373 1512 2413; x_wconf 87' lang='lat' dir='ltr'>ad</span> <span class='ocrx_word' id='word_1_257' title='bbox 1547 2384 1632 2413; x_wconf 91' lang='lat' dir='ltr'>nos</span> <span class='ocrx_word' id='word_1_258' title='bbox 1668 2372 1893 2424; x_wconf 78' lang='lat' dir='ltr'>confugit.</span> 
     </span>
     <span class='ocr_line' id='line_1_32' title="bbox 270 2443 1897 2496; baseline -0.002 -9"><span class='ocrx_word' id='word_1_259' title='bbox 270 2447 322 2486; x_wconf 91' lang='lat' dir='ltr'>R.</span> <span class='ocrx_word' id='word_1_260' title='bbox 347 2447 395 2487; x_wconf 84' lang='lat' dir='ltr'>P.</span> <span class='ocrx_word' id='word_1_261' title='bbox 420 2446 605 2496; x_wconf 87' lang='lat' dir='ltr'>Rector‚</span> <span class='ocrx_word' id='word_1_262' title='bbox 632 2446 820 2496; x_wconf 89' lang='lat' dir='ltr'>cognita</span> <span class='ocrx_word' id='word_1_263' title='bbox 841 2446 962 2485; x_wconf 89' lang='lat' dir='ltr'>illius</span> <span class='ocrx_word' id='word_1_264' title='bbox 984 2445 1275 2495; x_wconf 76' lang='lat' dir='ltr'>necessitate,</span> <span class='ocrx_word' id='word_1_265' title='bbox 1297 2445 1593 2495; x_wconf 87' lang='lat' dir='ltr'>eleemosyna</span> <span class='ocrx_word' id='word_1_266' title='bbox 1616 2444 1724 2484; x_wconf 92' lang='lat' dir='ltr'>hinc</span> <span class='ocrx_word' id='word_1_267' title='bbox 1746 2443 1851 2484; x_wconf 91' lang='lat' dir='ltr'>inde</span> <span class='ocrx_word' id='word_1_268' title='bbox 1871 2456 1897 2484; x_wconf 92' lang='lat' dir='ltr'>a</span> 
     </span>
     <span class='ocr_line' id='line_1_33' title="bbox 272 2515 1897 2567; baseline -0.002 -10"><span class='ocrx_word' id='word_1_269' title='bbox 272 2517 503 2557; x_wconf 89' lang='lat' dir='ltr'>nobilibus</span> <span class='ocrx_word' id='word_1_270' title='bbox 525 2517 706 2557; x_wconf 88' lang='lat' dir='ltr'>ciuibus</span> <span class='ocrx_word' id='word_1_271' title='bbox 732 2522 1006 2567; x_wconf 86' lang='lat' dir='ltr'>corrogata,</span> <span class='ocrx_word' id='word_1_272' title='bbox 1036 2522 1215 2556; x_wconf 85' lang='lat' dir='ltr'>Vestem</span> <span class='ocrx_word' id='word_1_273' title='bbox 1244 2516 1568 2556; x_wconf 88' lang='lat' dir='ltr'>monachalem</span> <span class='ocrx_word' id='word_1_274' title='bbox 1599 2515 1729 2566; x_wconf 90' lang='lat' dir='ltr'>emit,</span> <span class='ocrx_word' id='word_1_275' title='bbox 1759 2520 1897 2566; x_wconf 88' lang='lat' dir='ltr'>atque</span> 
     </span>
     <span class='ocr_line' id='line_1_34' title="bbox 272 2586 1893 2638; baseline -0.002 -10"><span class='ocrx_word' id='word_1_276' title='bbox 272 2589 336 2628; x_wconf 89' lang='lat' dir='ltr'>ita</span> <span class='ocrx_word' id='word_1_277' title='bbox 360 2600 463 2628; x_wconf 92' lang='lat' dir='ltr'>eum</span> <span class='ocrx_word' id='word_1_278' title='bbox 482 2588 679 2636; x_wconf 86' lang='lat' dir='ltr'>demisit,</span> <span class='ocrx_word' id='word_1_279' title='bbox 710 2599 799 2638; x_wconf 78' lang='lat' dir='ltr'>qno</span> <span class='ocrx_word' id='word_1_280' title='bbox 822 2588 881 2627; x_wconf 91' lang='lat' dir='ltr'>ad</span> <span class='ocrx_word' id='word_1_281' title='bbox 903 2587 1181 2627; x_wconf 87' lang='lat' dir='ltr'>Generalem</span> <span class='ocrx_word' id='word_1_282' title='bbox 1209 2586 1279 2626; x_wconf 92' lang='lat' dir='ltr'>sui</span> <span class='ocrx_word' id='word_1_283' title='bbox 1301 2586 1477 2626; x_wconf 91' lang='lat' dir='ltr'>ordinis</span> <span class='ocrx_word' id='word_1_284' title='bbox 1492 2586 1893 2638; x_wconf 72' lang='lat' dir='ltr'>proficisceretur.</span> 
     </span>
    </p>

    <p class='ocr_par' dir='ltr' id='par_1_4' title="bbox 272 2656 1928 3066">
     <span class='ocr_line' id='line_1_35' title="bbox 351 2656 1897 2710; baseline -0.002 -11"><span class='ocrx_word' id='word_1_285' title='bbox 351 2659 487 2699; x_wconf 85' lang='lat' dir='ltr'>Pater</span> <span class='ocrx_word' id='word_1_286' title='bbox 523 2666 680 2698; x_wconf 88' lang='lat' dir='ltr'>noster</span> <span class='ocrx_word' id='word_1_287' title='bbox 707 2658 879 2699; x_wconf 89' lang='lat' dir='ltr'>Rector</span> <span class='ocrx_word' id='word_1_288' title='bbox 907 2658 978 2698; x_wconf 91' lang='lat' dir='ltr'>bis</span> <span class='ocrx_word' id='word_1_289' title='bbox 1007 2659 1053 2698; x_wconf 88' lang='lat' dir='ltr'>in</span> <span class='ocrx_word' id='word_1_290' title='bbox 1085 2656 1376 2697; x_wconf 88' lang='lat' dir='ltr'>hebdomada</span> <span class='ocrx_word' id='word_1_291' title='bbox 1407 2657 1713 2710; x_wconf 85' lang='lat' dir='ltr'>concionatur</span> <span class='ocrx_word' id='word_1_292' title='bbox 1745 2659 1810 2706; x_wconf 93' lang='lat' dir='ltr'>(ut</span> <span class='ocrx_word' id='word_1_293' title='bbox 1841 2657 1897 2697; x_wconf 91' lang='lat' dir='ltr'>de</span> 
     </span>
     <span class='ocr_line' id='line_1_36' title="bbox 272 2727 1895 2782; baseline -0.001 -12"><span class='ocrx_word' id='word_1_294' title='bbox 272 2731 590 2782; x_wconf 81' lang='lat' dir='ltr'>frequentibus</span> <span class='ocrx_word' id='word_1_295' title='bbox 625 2729 1050 2779; x_wconf 76' lang='lat' dir='ltr'>exhortationibus,</span> <span class='ocrx_word' id='word_1_296' title='bbox 1079 2740 1197 2780; x_wconf 91' lang='lat' dir='ltr'>quas</span> <span class='ocrx_word' id='word_1_297' title='bbox 1222 2727 1344 2780; x_wconf 89' lang='lat' dir='ltr'>apud</span> <span class='ocrx_word' id='word_1_298' title='bbox 1376 2728 1615 2777; x_wconf 87' lang='lat' dir='ltr'>mulieres,</span> <span class='ocrx_word' id='word_1_299' title='bbox 1644 2739 1761 2780; x_wconf 91' lang='lat' dir='ltr'>quas</span> <span class='ocrx_word' id='word_1_300' title='bbox 1791 2739 1895 2768; x_wconf 92' lang='lat' dir='ltr'>con-</span> 
     </span>
     <span class='ocr_line' id='line_1_37' title="bbox 272 2798 1928 2851; baseline -0.002 -10"><span class='ocrx_word' id='word_1_301' title='bbox 272 2813 434 2841; x_wconf 89' lang='lat' dir='ltr'>uersas</span> <span class='ocrx_word' id='word_1_302' title='bbox 457 2802 598 2851; x_wconf 84' lang='lat' dir='ltr'>uulgo</span> <span class='ocrx_word' id='word_1_303' title='bbox 621 2807 808 2851; x_wconf 78' lang='lat' dir='ltr'>vocant,</span> <span class='ocrx_word' id='word_1_304' title='bbox 832 2800 985 2849; x_wconf 88' lang='lat' dir='ltr'>habet,</span> <span class='ocrx_word' id='word_1_305' title='bbox 1020 2800 1205 2840; x_wconf 86' lang='lat' dir='ltr'>interim</span> <span class='ocrx_word' id='word_1_306' title='bbox 1233 2799 1432 2849; x_wconf 92' lang='lat' dir='ltr'>taceam)</span> <span class='ocrx_word' id='word_1_307' title='bbox 1462 2799 1624 2839; x_wconf 87' lang='lat' dir='ltr'>diebus</span> <span class='ocrx_word' id='word_1_308' title='bbox 1652 2798 1897 2839; x_wconf 89' lang='lat' dir='ltr'>dominicis</span> <span class='ocrx_word' id='word_1_309' title='bbox 1919 2802 1928 2811; x_wconf 68' lang='lat'>²</span> 
     </span>
     <span class='ocr_line' id='line_1_38' title="bbox 272 2869 1895 2922; baseline -0.002 -10"><span class='ocrx_word' id='word_1_310' title='bbox 272 2880 315 2912; x_wconf 86' lang='lat' dir='ltr'>et</span> <span class='ocrx_word' id='word_1_311' title='bbox 337 2873 482 2922; x_wconf 79' lang='lat' dir='ltr'>festiS‚</span> <span class='ocrx_word' id='word_1_312' title='bbox 507 2883 690 2911; x_wconf 88' lang='lat' dir='ltr'>necnon</span> <span class='ocrx_word' id='word_1_313' title='bbox 712 2872 873 2911; x_wconf 90' lang='lat' dir='ltr'>diebus</span> <span class='ocrx_word' id='word_1_314' title='bbox 903 2871 1112 2918; x_wconf 83' lang='lat' dir='ltr'>veneris,</span> <span class='ocrx_word' id='word_1_315' title='bbox 1141 2870 1273 2910; x_wconf 89' lang='lat' dir='ltr'>cuius</span> <span class='ocrx_word' id='word_1_316' title='bbox 1304 2870 1518 2910; x_wconf 87' lang='lat' dir='ltr'>doctrina</span> <span class='ocrx_word' id='word_1_317' title='bbox 1547 2881 1639 2909; x_wconf 90' lang='lat' dir='ltr'>non</span> <span class='ocrx_word' id='word_1_318' title='bbox 1668 2870 1805 2920; x_wconf 90' lang='lat' dir='ltr'>pauci</span> <span class='ocrx_word' id='word_1_319' title='bbox 1836 2869 1895 2909; x_wconf 86' lang='lat' dir='ltr'>ad</span> 
     </span>
     <span class='ocr_line' id='line_1_39' title="bbox 273 2939 1893 2993; baseline -0.002 -10"><span class='ocrx_word' id='word_1_320' title='bbox 273 2944 443 2983; x_wconf 89' lang='lat' dir='ltr'>bonam</span> <span class='ocrx_word' id='word_1_321' title='bbox 465 2955 513 2982; x_wconf 94' lang='lat' dir='ltr'>se</span> <span class='ocrx_word' id='word_1_322' title='bbox 534 2942 763 2993; x_wconf 89' lang='lat' dir='ltr'>recipiunt</span> <span class='ocrx_word' id='word_1_323' title='bbox 784 2942 980 2993; x_wconf 86' lang='lat' dir='ltr'>frugem.</span> <span class='ocrx_word' id='word_1_324' title='bbox 1007 2941 1125 2981; x_wconf 88' lang='lat' dir='ltr'>Nam</span> <span class='ocrx_word' id='word_1_325' title='bbox 1153 2946 1482 2992; x_wconf 87' lang='lat' dir='ltr'>praeterquam</span> <span class='ocrx_word' id='word_1_326' title='bbox 1510 2939 1633 2991; x_wconf 89' lang='lat' dir='ltr'>quod</span> <span class='ocrx_word' id='word_1_327' title='bbox 1653 2939 1893 2980; x_wconf 90' lang='lat' dir='ltr'>scholasti-</span> 
     </span>
     <span class='ocr_line' id='line_1_40' title="bbox 275 3010 1894 3066; baseline -0.002 -12"><span class='ocrx_word' id='word_1_328' title='bbox 275 3015 340 3054; x_wconf 89' lang='lat' dir='ltr'>cis</span> <span class='ocrx_word' id='word_1_329' title='bbox 362 3014 611 3066; x_wconf 90' lang='lat' dir='ltr'>plurimum</span> <span class='ocrx_word' id='word_1_330' title='bbox 632 3014 841 3065; x_wconf 86' lang='lat' dir='ltr'>prodest,</span> <span class='ocrx_word' id='word_1_331' title='bbox 866 3014 903 3053; x_wconf 88' lang='lat' dir='ltr'>si</span> <span class='ocrx_word' id='word_1_332' title='bbox 925 3012 1033 3063; x_wconf 89' lang='lat' dir='ltr'>quid</span> <span class='ocrx_word' id='word_1_333' title='bbox 1056 3013 1102 3052; x_wconf 90' lang='lat' dir='ltr'>in</span> <span class='ocrx_word' id='word_1_334' title='bbox 1123 3012 1322 3052; x_wconf 91' lang='lat' dir='ltr'>lectione</span> <span class='ocrx_word' id='word_1_335' title='bbox 1344 3011 1529 3051; x_wconf 87' lang='lat' dir='ltr'>veneris</span> <span class='ocrx_word' id='word_1_336' title='bbox 1549 3011 1747 3061; x_wconf 85' lang='lat' dir='ltr'>dicatur,</span> <span class='ocrx_word' id='word_1_337' title='bbox 1771 3010 1894 3062; x_wconf 90' lang='lat' dir='ltr'>quod</span> 
     </span>
    </p>
   </div>
  </div>
 </body>
</html>
