2020 3342
899 275 982 314 AN.
1020 276 1111 315 1556
1747 279 1818 317 ‘217

272 372 503 414 Industria
538 386 721 426 quoque
755 374 961 415 eiusdem
999 375 1086 415 hac
1126 375 1305 415 ratione
1341 376 1706 427 comprehensus
1748 383 1814 416 est

195 445 472 485 haereticus.
506 444 710 486 Aduenit
738 445 812 486 ille
842 446 1030 486 domum
1058 452 1290 497 nostram,
1320 453 1364 486 et
1392 447 1510 486 inter
1537 447 1816 497 loquendum

197 515 242 556 Ρ.
266 515 455 557 Rectori
477 517 595 556 male
617 517 672 557 de
694 516 780 557 fide
803 517 1035 558 catholica
1057 518 1229 557 sentire
1250 518 1380 557 visus
1403 524 1487 557 est.
1511 518 1814 558 Aduenerant

195 595 304 627 tunc
325 588 546 639 temporis
568 588 713 628 Roma
738 599 901 628 recens
918 588 1087 628 fratres
1104 588 1284 638 flandri,
1304 588 1532 628 Ludouici
1551 588 1816 638 Goncalues

195 658 321 708 socii,
347 669 461 710 quos
483 658 541 698 ad
563 670 666 698 eum
689 659 732 698 in
755 658 856 698 foro
882 659 1119 699 sedentem
1140 658 1299 698 habitu
1317 659 1564 711 peregrino
1582 659 1720 699 misit.
1741 659 1815 699 Al-

193 729 333 769 locuti
354 736 461 770 sunt
482 730 714 770 hominem
739 731 954 770 nocentia
978 731 1156 770 semina
1178 732 1236 770 ad
1258 742 1336 770 eos
1356 730 1627 770 inficiendos
1655 730 1814 770 diffun-

184 800 391 858 xdentem.
415 800 657 841 Fratribus
679 801 867 841 domum
888 802 1104 852 reuersis,
1135 802 1416 853 Episcopus,
1445 801 1599 841 Patris
1627 802 1812 851 nunciO,

193 871 479 911 haereticum
499 871 545 911 in
566 872 755 912 vincula
778 872 1120 912 coniiciendum
1142 872 1340 912 curauit.

270 942 479 982 Audiunt
501 943 648 982 nostri
670 950 714 982 et
736 943 946 994 aliorum,
971 943 1124 995 quoad
1146 944 1252 983 licet
1273 955 1354 995 per
1376 944 1711 995 occupationes
1729 945 1815 984 col-

193 1013 314 1064 legii,
339 1012 672 1054 confessiones:
697 1014 801 1054 odia
825 1014 1098 1055 dissoluunt:
1121 1014 1424 1054 morientibus
1443 1015 1626 1055 adsunt:
1647 1021 1690 1054 et
1708 1015 1813 1064 alia,

180 1085 237 1123 in
266 1084 431 1136 quibus
458 1091 620 1124 nostra
650 1083 862 1125 Societas
893 1097 942 1125 se
970 1091 1178 1134 exercet,
1210 1085 1458 1137 diligenter
1488 1093 1735 1137 peragunt.
1767 1086 1816 1125 In

192 1156 362 1206 templo
384 1163 544 1195 nostro
566 1156 763 1207 singulis
780 1156 943 1196 diebus
961 1157 1205 1196 dominicis
1223 1163 1470 1197 enarratur
1488 1157 1814 1206 Ecclesiastes,

193 1237 283 1278 quo
304 1226 451 1276 finito,
475 1227 630 1278 aliqua
652 1226 709 1267 D.
734 1226 866 1267 Pauli
888 1227 1082 1279 epistola
1104 1227 1432 1268 declarabitur.
1465 1227 1603 1268 Pater
1629 1228 1815 1268 Franci-

192 1308 298 1337 scus
320 1296 578 1338 Rodericus
599 1298 688 1337 hoc
711 1310 878 1339 munus
901 1305 1038 1339 antea
1059 1299 1253 1350 pulchre
1276 1299 1556 1339 sustinebat:
1585 1298 1666 1338 sed
1696 1298 1741 1338 id
1772 1300 1814 1338 in

192 1368 369 1408 Indiam
392 1369 627 1420 profectus
646 1369 863 1419 deseruit,
886 1370 958 1410 cui
975 1376 1071 1410 tam
1087 1370 1269 1410 felicem
1288 1376 1462 1410 sortem
1479 1381 1614 1410 nemo
1636 1370 1721 1410 suit
1740 1371 1816 1422 qui

193 1451 282 1479 non
304 1440 536 1491 inuiderit,
560 1441 879 1493 imprimisque
902 1441 950 1481 Ρ.
975 1440 1159 1489 Rector,
1184 1441 1261 1492 qui
1283 1453 1331 1481 se
1363 1453 1415 1481 eo
1446 1442 1538 1481 iam
1566 1442 1814 1493 aliquando

191 1511 360 1551 iturum
391 1512 683 1563 opinabatur.
715 1513 909 1552 Externi
936 1524 1048 1553 vero
1075 1513 1174 1553 eius
1208 1512 1498 1564 profectione
1532 1525 1624 1553 non
1652 1513 1815 1553 leuiter

191 1581 450 1622 doluerunt.
486 1581 534 1622 P.
572 1582 806 1623 Antonius
841 1582 1016 1624 Correa
1047 1584 1088 1624 ei
1120 1584 1360 1633 successit,
1399 1595 1535 1635 quem
1573 1596 1816 1636 speramus

190 1653 341 1704 magis
361 1653 408 1693 in
429 1652 527 1693 dies
550 1654 837 1695 auditoribus
858 1655 1152 1706 placiturum.
1177 1655 1226 1695 In
1249 1655 1608 1707 quadragesima
1628 1655 1814 1695 habitae

191 1730 298 1773 sunt
325 1723 351 1763 4
377 1725 650 1775 conciones,
681 1725 761 1765 sed
793 1738 819 1765 a
847 1726 1045 1766 diuersis
1073 1726 1416 1776 sacerdotibus,
1448 1725 1570 1777 quod
1599 1725 1739 1765 etiam
1771 1727 1815 1766 in

190 1795 389 1845 gloriam
405 1795 579 1836 Christi
599 1796 839 1837 successit.

269 1865 353 1906 His
369 1865 395 1905 4
410 1867 644 1907 mensibus
662 1867 862 1919 ingressi
878 1874 985 1908 sunt
1002 1868 1219 1920 permulti
1234 1868 1280 1908 in
1298 1868 1592 1918 Societatem,
1617 1880 1813 1920 quorum

191 1937 331 1988 aliqui
352 1937 508 1977 Ebora
536 1944 579 1978 et
609 1937 920 1990 Olyssippone
952 1950 978 1978 a
1006 1939 1289 1980 Prouinciali
1316 1939 1445 1979 missi
1476 1946 1595 1980 sunt.
1625 1939 1698 1979 Ex
1728 1939 1815 1978 hoc

191 2015 349 2048 nostro
371 2008 578 2060 Collegio
601 2008 691 2050 duo
715 2010 890 2062 recepti
912 2016 1045 2061 sunt,
1069 2023 1190 2051 Vnus
1212 2010 1504 2061 dialecticus,
1535 2012 1651 2050 alter
1679 2010 1815 2050 diale-

190 2079 337 2119 cticus
359 2086 402 2120 et
423 2080 662 2132 physicus,
688 2081 781 2121 iam
802 2081 847 2121 in
870 2094 924 2122 eo
945 2093 1117 2132 genere
1140 2083 1299 2122 laurea
1321 2082 1542 2132 donatus,
1567 2082 1741 2132 ingenii
1772 2089 1815 2121 et

190 2151 402 2202 corporis
425 2150 607 2191 dotibus
630 2158 837 2202 ornatus
863 2159 906 2193 et
928 2153 1047 2194 inter
1069 2154 1349 2205 praecipuos
1370 2154 1716 2205 condiscipulos
1736 2165 1814 2193 nu-

190 2222 454 2262 merandus.
473 2221 628 2274 Nepos
645 2224 853 2275 theologi
872 2224 1047 2264 ordinis
1064 2224 1377 2275 Dominicani,
1399 2225 1478 2276 qui
1494 2224 1815 2275 pomeridiano

190 2299 397 2344 tempore
432 2294 719 2345 theologiam
747 2296 955 2347 exponit,
985 2297 1247 2336 rhetoricae
1276 2297 1349 2336 hic
1385 2308 1576 2347 operam
1603 2295 1733 2345 dans,
1770 2295 1816 2334 in

190 2376 433 2405 numerum
454 2364 653 2406 fratrum
675 2367 917 2417 successit,
941 2367 1067 2408 facta
1089 2368 1216 2419 prius
1240 2368 1295 2407 ab
1320 2368 1550 2408 auunculo
1568 2373 1815 2419 potestate:

191 2443 234 2476 ct
269 2448 551 2488 quamquam
584 2438 857 2478 coenobitae
886 2438 1013 2478 illum
1041 2439 1341 2490 expetebant,
1372 2440 1630 2478 auunculus
1661 2445 1816 2478 tamen

192 2507 537 2548 adolescentem
559 2509 787 2560 propositi
808 2515 1022 2550 tenacem
1050 2510 1312 2561 admonuit,
1337 2522 1393 2550 ne
1416 2510 1695 2550 sententiam
1723 2521 1814 2548 mu-

191 2584 326 2618 taret.
350 2578 482 2619 Alius
505 2580 583 2631 qui
603 2580 867 2620 rhetoricae
889 2580 1056 2629 studet,
1079 2582 1151 2621 cui
1170 2593 1261 2621 non
1278 2582 1385 2621 licet
1405 2582 1525 2621 idem
1542 2581 1695 2621 facere
1714 2592 1815 2631 pro-

191 2657 289 2700 pter
309 2656 543 2701 parentes,
568 2651 772 2692 maximo
794 2653 1003 2692 locorum
1020 2653 1266 2692 interuallo
1286 2652 1561 2701 disiunctOS,
1585 2658 1813 2702 aegrotat,

189 2721 325 2771 quod,
348 2727 397 2761 ut
419 2721 517 2773 ipse
538 2728 750 2773 testatur,
775 2735 868 2763 non
890 2724 1160 2775 recipiatur.

268 2791 352 2832 His
374 2793 690 2843 superioribus
713 2793 874 2834 diebus
900 2795 1024 2834 venit
1048 2794 1201 2839 Porto,
1227 2807 1344 2846 quae
1362 2801 1430 2834 est
1447 2794 1614 2834 ciuitas
1636 2794 1815 2834 Lusita-

191 2863 306 2911 niae,
330 2862 521 2914 quidam
543 2864 690 2904 bonus
712 2866 848 2915 plane
870 2866 944 2905 vir
966 2878 1123 2906 secum
1146 2866 1305 2917 filium,
1337 2867 1414 2917 qui
1436 2868 1476 2906 ei
1507 2872 1606 2905 erat
1633 2866 1814 2915 vnicus,

190 2933 425 2973 adducens
460 2933 696 2975 Societati.
730 2935 832 2975 Non
860 2937 1127 2987 expectauit
1164 2949 1404 2988 quousque
1441 2949 1555 2988 puer
1597 2936 1642 2975 14
1670 2948 1815 2975 annos

190 3006 464 3055 compleret,
493 3005 616 3056 quod
647 3007 783 3046 vellet
817 3019 922 3047 eum
957 3008 1045 3047 hac
1074 3017 1225 3048 aetate
1255 3020 1355 3048 esse
1384 3020 1489 3048 cum
1518 3009 1813 3058 ingressurus

192 3082 312 3115 esset
336 3075 382 3116 in
404 3076 665 3126 collegium.
690 3076 868 3119 Verum
889 3078 1137 3130 impeditus
1154 3078 1284 3119 festis
1302 3079 1460 3120 nescio
1479 3079 1658 3130 quibus,
1683 3079 1727 3117 in
1751 3078 1815 3119 iti-
