2020 3342
904 275 987 312 AN.
1019 275 1108 313 1556
1748 277 1812 314 ‘221

837 761 1162 816 ODXGVII

262 1022 309 1059 Ρ.
332 1023 490 1061 Petrus
509 1023 721 1062 Martinez

311 1088 429 1126 Patri
450 1088 618 1137 Ignatio
639 1090 692 1128 de
712 1091 898 1138 Loyola.

356 1153 610 1201 Methymna
631 1156 797 1203 Campi,
820 1156 866 1194 30
884 1157 1052 1204 Aprilis
1075 1157 1164 1195 1556
1186 1158 1208 1193 ¹.

939 1347 1068 1436 jh†us·

268 1579 406 1622 Pater
428 1582 474 1622 in
495 1581 578 1622 X.⁰
600 1582 850 1637 admodum
868 1582 967 1623 R.de

269 1651 368 1692 Pax
390 1652 497 1704 Xpi.

270 1722 404 1773 Quod
426 1736 483 1764 ex
504 1724 574 1764 his
596 1725 741 1765 literis
762 1726 844 1766 tibi
876 1727 1255 1777 cognoscendum
1282 1740 1331 1768 se
1361 1729 1507 1780 offert,
1542 1736 1611 1770 est
1642 1730 1813 1770 incolu-

189 1794 275 1833 mis
298 1794 433 1846 (Xpo.
456 1796 626 1846 gratia)
655 1796 847 1838 Patrum
874 1797 1163 1850 fratrumque
1196 1800 1431 1841 valetudo.
1462 1800 1590 1852 Quae
1618 1813 1731 1841 vero
1755 1802 1814 1842 ad

188 1863 276 1904 Dei
298 1866 470 1906 cultum
492 1873 720 1919 spectant,
756 1875 807 1908 vt
829 1869 1161 1921 confessiones,
1199 1882 1317 1922 quae
1349 1871 1394 1910 in
1430 1878 1588 1912 nostro
1626 1874 1811 1924 templo,

188 1936 493 1977 xenodochiis
527 1945 571 1978 et
606 1940 830 1979 custodiis
865 1940 1062 1991 publicis
1089 1940 1215 1990 fiunt,
1258 1948 1563 1994 caeteraeque
1599 1943 1644 1983 id
1665 1954 1814 1994 genus

186 2007 560 2060 exercitationes,
585 2011 736 2061 magis
759 2011 1000 2063 magisque
1023 2011 1068 2051 in
1096 2011 1192 2052 dies
1229 2019 1459 2053 crescunt.
1494 2013 1597 2054 Huc
1630 2015 1812 2055 accedit

184 2078 570 2120 scholasticorum
592 2081 827 2131 profectus
849 2089 944 2122 tam
966 2083 1124 2133 literis,
1148 2095 1287 2134 quam
1309 2096 1519 2135 numero,
1540 2085 1709 2136 quippe
1729 2086 1811 2137 qui

190 2148 265 2189 170
285 2157 367 2191 est.

263 2221 428 2262 Frater
444 2222 759 2275 Hieronymus
777 2223 968 2274 Acosta,
989 2225 1182 2265 Antonii
1201 2226 1404 2266 Acostae
1421 2226 1555 2277 filius,
1573 2234 1615 2267 et
1630 2228 1668 2267 is
1684 2229 1812 2279 quin-

186 2303 274 2342 que
294 2291 506 2344 fratrum,
531 2295 608 2345 qui
641 2307 733 2335 vna
768 2307 873 2335 cum
909 2308 962 2336 eo
998 2308 1047 2335 se
1079 2296 1152 2336 hic
1188 2295 1410 2337 Societati
1441 2298 1676 2347 addixere,
1700 2307 1812 2340 natu

187 2364 432 2414 maximus,
455 2367 599 2405 multa
621 2372 665 2406 et
685 2367 931 2417 praeclara
959 2366 1115 2406 diuino
1142 2369 1264 2407 cultu
1294 2375 1431 2420 atque
1464 2370 1533 2409 sui
1566 2371 1812 2410 vocatione

186 2433 327 2485 digna
348 2434 540 2486 faciens,
564 2448 613 2476 se
634 2437 864 2488 insignem
886 2438 1086 2478 exhibet.
1110 2438 1177 2479 Ita
1200 2439 1304 2479 huic
1327 2446 1546 2491 parentes
1565 2440 1812 2482 affixerant

188 2507 360 2557 ocuIOS,
385 2513 433 2546 Vt
456 2514 577 2547 totus
599 2510 811 2560 populus,
835 2520 940 2548 cum
967 2509 1187 2561 perspicit
1222 2522 1363 2561 quam
1397 2511 1535 2551 hilari
1568 2511 1689 2552 facie
1708 2511 1809 2553 Deo

187 2576 314 2616 illum
335 2577 667 2629 dedicauerint,
699 2580 968 2620 admiretur.
1002 2579 1135 2620 Alter
1163 2580 1307 2620 frater
1338 2582 1474 2622 simul
1502 2594 1607 2623 cum
1637 2595 1708 2634 e0,
1733 2596 1810 2624 no-

187 2648 308 2687 mine
329 2647 514 2700 Gaspar
536 2649 738 2699 Xuarez,
770 2658 813 2690 et
847 2651 1001 2691 latinis
1038 2658 1232 2703 vterque
1266 2653 1412 2692 literis
1447 2654 1560 2693 satis
1583 2654 1807 2700 eruditus.

187 2719 419 2759 admissus
450 2727 532 2760 est.
566 2720 758 2772 Doctor,
796 2733 931 2773 quem
964 2722 1191 2773 proximis
1222 2723 1367 2763 literis
1396 2722 1618 2764 Societati
1647 2725 1739 2766 iarn
1761 2739 1809 2766 se

186 2789 432 2830 deuouisse
468 2791 808 2842 praedixeram,
846 2793 1016 2832 missus
1050 2805 1075 2832 a
1111 2793 1245 2832 nobis
1281 2800 1350 2833 est
1384 2793 1709 2845 Septimancas
1733 2797 1811 2837 vbi

186 2861 476 2912 probationis
493 2862 682 2903 domum
699 2864 821 2903 colit.
841 2864 928 2903 Hic
946 2864 1184 2904 Bononiae
1203 2876 1418 2916 supremo
1434 2878 1665 2907 canonum
1684 2867 1809 2907 fasti-

187 2932 263 2983 gio
280 2932 527 2984 insignitus
545 2940 627 2983 est,
653 2941 696 2974 et
731 2933 1020 2986 Segobrigae
1051 2942 1195 2987 ortus,
1222 2937 1296 2976 cui
1317 2949 1375 2977 ex
1396 2939 1688 2988 regressibus
1710 2938 1808 2978 red-

242 3094 252 3114 ¹
291 3095 536 3129 Autographae
553 3095 676 3130 duplici
692 3095 782 3130 folio,
798 3097 906 3130 primo
922 3105 951 3124 n.
967 3097 1029 3131 374,
1047 3098 1154 3125 altero
1170 3105 1234 3125 non
1250 3102 1438 3127 numerato.
