2020 3342
243 262 312 304 ‘244
735 264 961 304 LITTERAE
987 276 1346 310 QUADRIMESTRES

242 362 288 401 in
309 361 408 402 dies
417 362 591 412 fecerit
618 363 957 412 accessionem,
988 363 1324 403 accumulando
1351 368 1544 414 peccata
1566 363 1788 414 peccatis,
1820 369 1864 404 et

241 438 394 473 tamen
415 444 498 484 per
518 433 837 484 longissimum
861 433 1052 484 triginta
1070 445 1298 474 annorum
1319 434 1521 485 spatium
1536 433 1752 474 confessa
1769 445 1861 474 non

239 503 317 544 sit.
340 503 469 544 Haec
488 503 578 544 z'm't
599 504 657 545 ad
678 505 926 557 quemdam
947 517 970 545 e
998 504 1171 545 nostris
1192 505 1402 556 patribus
1428 510 1644 556 peccata,
1676 505 1750 545 uel
1770 504 1860 545 uir-

239 579 358 615 tutes
379 575 554 626 potius‚
579 587 695 628 quas
716 576 985 625 simulabat,
1009 576 1064 616 de
1095 587 1223 617 more
1247 576 1542 627 confessura;
1567 575 1647 616 sed
1668 575 1860 626 factum

237 648 308 685 est
327 648 396 694 vt,
417 645 634 686 misertus
657 646 886 687 Dominus
907 646 1042 687 huius
1063 647 1268 697 animae,
1290 646 1494 698 gratiam
1515 647 1561 686 in
1582 646 1858 687 confessarii

238 716 374 756 labiis
394 716 671 768 dszuderz’t,
693 718 771 769 qui
792 718 855 757 ita
877 729 925 757 se
945 717 1091 768 gessit
1113 718 1159 757 in
1180 718 1268 758 hac
1291 717 1584 758 confessione
1607 716 1855 767 audienda,

237 793 286 826 ut
305 786 443 827 fuerit
465 799 595 828 ouem
619 788 740 828 hanc
761 788 991 839 perditam
1011 789 1218 829 lucratus
1239 788 1456 839 Domino,
1480 789 1623 828 multo
1643 799 1749 828 cum
1764 787 1857 828 foe-

236 869 348 898 nore
370 870 427 898 ex
448 859 653 910 peccatis
676 865 930 910 reportato.
954 859 1078 899 Sane
1108 859 1190 911 qui
1217 870 1494 900 conuersum
1521 859 1582 899 ad
1604 859 1859 898 Dominum

234 928 354 968 hanc
383 928 625 970 mulierem
656 929 1027 980 animaduertat,
1055 931 1219 971 merito
1252 930 1426 971 dubitet
1449 941 1557 970 num
1579 929 1728 969 maior
1757 929 1859 969 soli-

234 999 425 1051 diorque
446 1000 505 1041 sit
525 1000 661 1041 modo
682 1001 830 1042 uirtus
851 1001 971 1052 eius,
1004 1012 1143 1052 quam
1154 1001 1348 1051 suerint
1375 1006 1618 1042 anteactae
1645 1000 1769 1041 uitae
1791 1000 1859 1040 vi-

233 1070 483 1111 tiositates.
506 1071 656 1112 Tanta
677 1071 799 1112 enim
821 1072 918 1113 eius
940 1072 1144 1113 animum
1165 1083 1356 1113 suorum
1377 1077 1677 1124 peccatorum
1697 1071 1850 1123 poeni-

233 1141 342 1182 tudo
364 1142 517 1193 subiit‚
548 1148 596 1183 ut
625 1143 706 1184 vix
732 1143 901 1194 Pater,
931 1143 1008 1195 qui
1036 1155 1139 1184 eam
1168 1142 1463 1184 confitentem
1491 1142 1749 1194 audiuerat,
1779 1153 1856 1194 po·

232 1213 371 1253 tuerit
392 1213 433 1253 ei
454 1214 679 1255 obsistere
700 1215 811 1266 quin
828 1222 910 1266 per
931 1215 1062 1255 uicos
1083 1222 1125 1255 et
1147 1216 1327 1267 plateas
1348 1214 1530 1266 publice
1551 1220 1745 1266 peccata
1766 1225 1852 1255 sua

233 1285 561 1334 proclamaret.
596 1285 780 1326 Vtinam
802 1297 879 1326 res
901 1286 1029 1337 haec,
1058 1289 1286 1338 quantum
1314 1286 1362 1325 in
1383 1297 1432 1325 se
1453 1289 1539 1336 est,
1567 1284 1643 1326 uel
1662 1284 1856 1325 mmz'ma

231 1366 295 1396 ex
307 1359 451 1407 parte
464 1361 630 1408 posset
651 1358 958 1409 exaggerari
975 1357 1290 1409 (quodfieret,
1311 1357 1357 1397 sl?
1383 1357 1564 1397 diutius
1584 1356 1855 1396 immorare-

231 1438 340 1466 mur
368 1427 417 1467 in
437 1428 538 1468 eius
558 1431 658 1469 tum
679 1429 813 1469 uitiis
833 1429 1061 1480 antiquis,
1092 1432 1192 1468 tum
1220 1428 1495 1478 uirtutibus,
1518 1427 1683 1479 quibus
1708 1439 1737 1467 a
1757 1427 1856 1467 Deo

230 1499 367 1538 modo
389 1499 565 1540 donata
587 1504 674 1551 est,
695 1500 1033 1551 recezszsendis),
1053 1499 1360 1551 ingeneraret
1382 1511 1496 1539 sane
1525 1498 1575 1538 in
1596 1497 1856 1538 multorum

230 1569 406 1610 am'mz's
426 1582 656 1621 magnam
677 1572 725 1611 in
747 1571 950 1612 Domino
972 1570 1217 1611 laetitiam.

309 1640 386 1683 Ad
413 1643 636 1683 exercitia
665 1643 925 1695 spiritualia
956 1650 1063 1683 sunt
1086 1642 1275 1683 admissi
1303 1641 1434 1682 multi
1461 1640 1730 1682 scholastici
1759 1640 1853 1680 alii-

233 1725 319 1766 que
340 1714 558 1765 generosi
578 1714 687 1764 uiri,
712 1714 774 1754 ita
797 1724 845 1754 vt
875 1715 1045 1754 nullum
1079 1721 1261 1765 tempus
1288 1714 1468 1765 lapsum
1490 1712 1570 1761 sit,
1601 1712 1647 1752 in
1668 1723 1758 1763 quo
1780 1712 1854 1752 uel

229 1785 431 1837 quinque
457 1786 529 1826 uel
551 1797 653 1836 sex,
682 1791 726 1825 et
753 1785 808 1825 iis
836 1785 1113 1837 quandoque
1143 1786 1319 1837 plures,
1349 1795 1441 1824 non
1470 1783 1561 1823 sint
1591 1782 1850 1823 exercitati.

229 1855 362 1907 Quod
383 1857 421 1897 si
441 1868 527 1897 nos
548 1856 954 1908 occupationibus,
979 1856 1145 1908 quibus
1167 1856 1476 1907 implicamur,
1502 1853 1728 1895 relaxare
1747 1865 1849 1906 pos-

230 1939 397 1979 semus,
421 1927 845 1968 z'ntromitteremus
867 1928 991 1968 haud
1012 1927 1147 1967 dubie
1168 1928 1311 1968 multo
1326 1927 1496 1979 plures:
1517 1931 1718 1978 quantos
1739 1936 1851 1965 uero

228 1999 466 2051 profectus
492 2000 539 2040 in
565 1999 799 2040 exercitiis
824 1999 1018 2040 fecerint
1045 1998 1259 2049 exerciti,
1287 2004 1604 2050 quantumque
1639 1996 1852 2049 spiritum

229 2070 334 2111 inde
356 2070 609 2121 hauserint,
633 2071 922 2111 demonstrat
942 2081 1137 2120 summa,
1162 2081 1252 2122 qua
1270 2068 1408 2110 modo
1430 2074 1551 2119 sunt,
1571 2078 1683 2119 erga
1701 2067 1850 2109 Deum

232 2141 396 2193 pietas,
419 2153 475 2183 ac
495 2142 679 2182 denuus
698 2141 913 2193 ipsorum
934 2140 1089 2181 feruor
1110 2140 1157 2180 in
1178 2140 1363 2181 diuinae
1384 2140 1501 2191 legis
1523 2138 1850 2180 obseruatione

232 2213 447 2265 omnique
480 2213 650 2253 uirtute
681 2212 925 2261 sectanda,
957 2219 1007 2252 vt
1039 2212 1116 2264 qui
1147 2211 1292 2252 vitam
1328 2216 1689 2264 consequentem
1727 2215 1849 2251 ante-

230 2289 363 2324 actae
394 2290 656 2335 comparet,
679 2283 814 2324 facile
840 2282 1069 2332 intelligat
1096 2282 1301 2323 diuinam
1320 2282 1382 2323 ibi
1404 2281 1608 2322 adfuisse
1629 2281 1850 2322 dexterae

227 2354 411 2394 Excelsi
431 2354 748 2395 mutationem.

305 2425 380 2466 Ad
401 2425 680 2466 Societatem
701 2425 892 2466 admissi
913 2431 1033 2476 sunt,
1057 2431 1257 2477 quatuor
1278 2425 1333 2465 iis
1355 2424 1602 2473 mensibus,
1628 2429 1847 2476 quatuor-

226 2496 375 2537 decim
405 2497 685 2547 scholastici,
718 2503 904 2548 praeter
924 2497 1170 2536 nonnullos
1201 2496 1331 2546 alios,
1361 2496 1438 2547 qui
1459 2507 1559 2535 eam
1591 2495 1844 2547 postulant,

225 2579 308 2608 suo
330 2574 537 2619 tempore
564 2567 870 2619 recipiendos.
895 2567 985 2618 Qui
1007 2566 1197 2607 admissi
1219 2572 1340 2617 sunt,
1364 2566 1419 2606 iis
1441 2566 1626 2606 dotibus
1647 2573 1754 2606 sunt
1776 2577 1843 2605 or-

225 2639 336 2688 nati,
362 2645 409 2678 ut
430 2649 651 2689 magnam
673 2639 727 2678 de
751 2650 799 2678 se
826 2637 1164 2678 commoneant
1190 2637 1322 2677 nobis
1345 2637 1716 2689 expectationem
1728 2636 1845 2686 fore

225 2707 498 2759 aliquando,
519 2708 749 2748 adiutrice
770 2709 934 2748 dimna
955 2708 1138 2759 gratia,
1159 2708 1477 2748 snsmtmenta
1499 2708 1745 2758 quaedam,
1755 2712 1844 2758 per

224 2789 340 2830 quae
360 2780 491 2819 Dens
512 2779 560 2819 z’n
581 2779 840 2820 multorum
858 2780 1106 2819 animabus
1126 2778 1276 2819 multa
1297 2783 1532 2830 operetur.
1552 2779 1608 2818 Et
1629 2778 1735 2818 licet
1751 2789 1843 2818 ma·

225 2851 336 2891 ioris
358 2850 600 2891 breuitatis
620 2851 774 2902 gratia
795 2855 957 2901 (qnam
979 2850 1092 2890 adeo
1112 2850 1161 2889 sn
1184 2849 1270 2889 lmc
1291 2849 1490 2900 epistola
1518 2861 1587 2889 me
1608 2849 1759 2889 Pater
1778 2848 1842 2888 vi-

223 2922 298 2961 det
309 2922 531 2971 fortasse
545 2921 661 2972 plus
682 2922 806 2961 insto
828 2921 1083 2971 affectare)
1105 2921 1215 2960 illud
1232 2927 1304 2960 sat
1320 2932 1421 2960 esse
1443 2919 1561 2960 mz‘ln'
1577 2919 1841 2969 videbatur,

226 2993 263 3032 si
282 2992 547 3033 summatim
567 2992 770 3032 dicerem
792 2993 877 3032 hos
894 3003 1054 3032 omnes
1070 2992 1391 3035 scholasticos.
1415 2996 1565 3042 nuper
1585 2990 1836 3040 admissos,

224 3064 363 3103 ruisse
384 3075 564 3114 semper
587 3063 704 3103 inter
725 3063 901 3113 primos
922 3063 1059 3102 huius
1080 3061 1363 3102 Academiae
1385 3068 1694 3112 computatos;
1728 3061 1836 3112 quia
