2020 3342
816 254 898 291 AN.
936 255 1027 293 1556
1664 255 1732 292 497

111 351 185 392 hic
225 350 252 401 ¹,
283 362 386 391 cum
414 351 523 402 quid
553 357 690 391 uacat
718 352 954 402 temporis,
987 351 1387 402 domioccupatur
1418 351 1463 391 in
1494 352 1580 402 his,
1615 364 1731 403 quae

113 433 228 474 opus
249 428 355 462 sunt
376 422 435 462 ad
455 428 665 462 nostrum
687 423 893 462 omnium
914 434 1090 463 curam.

193 492 264 533 De
298 492 462 533 studiis
493 492 682 542 nostris,
719 493 833 533 meis
859 494 1050 541 scilicet,
1087 493 1260 545 aliquid
1294 493 1530 543 dixissem,
1567 493 1606 533 si
1640 505 1731 545 qua

114 569 290 613 essent,
321 574 438 614 quae
473 570 662 615 possent
696 563 880 615 exponi,
917 565 1024 616 quia
1059 566 1183 604 nulla
1219 571 1338 604 sunt:
1374 571 1556 615 tempus
1591 564 1730 612 enim,

115 634 238 686 quod
261 634 349 674 illis
371 640 492 674 esset
511 634 885 686 impendendum,
904 635 1195 676 imbecillitas
1212 636 1392 687 capitis,
1415 641 1459 675 et
1475 635 1617 675 totius
1634 646 1731 675 cor·

113 705 239 756 poris
260 705 408 745 debile
428 706 570 745 robur
591 705 677 744 sibi
698 705 871 745 inuicto
889 706 1044 746 animo
1062 706 1293 757 uendicat,
1313 717 1461 757 neque
1480 705 1603 746 aliud
1619 712 1731 747 tunc.

114 776 336 827 temporis
356 775 463 816 sinit
484 787 569 816 nos
590 775 804 816 meditari
826 777 914 817 nisi
935 777 1098 817 leuiter
1119 789 1408 829 percurrere,
1433 777 1617 828 quando
1639 788 1733 817 ma-

115 847 237 886 xime
273 857 389 897 opus
416 852 498 895 est,
533 845 769 887 Aeneidos
804 847 1070 898 lectionem,
1108 853 1152 888 et
1179 848 1408 900 quaedam
1437 849 1527 888 alia
1556 848 1732 888 leuiora

115 918 339 968 scribere,
372 929 516 969 quae,
543 917 601 957 ad
622 918 901 959 erudiendos
923 930 1092 969 pueros
1113 919 1317 967 faciliUS,
1350 920 1504 960 facere
1533 931 1626 960 non
1656 931 1733 971 pa-

114 1000 216 1028 rum
237 988 467 1028 uidentur.

194 1058 326 1110 Quod
347 1071 458 1100 uero
480 1060 538 1099 ad
559 1061 813 1111 spiritalem
836 1062 1097 1101 animarum
1118 1061 1375 1113 profectum
1397 1062 1611 1113 pertinet,
1631 1074 1733 1114 pro-

118 1136 218 1181 pter
252 1130 446 1170 istorum
481 1138 740 1182 temporum
780 1132 1121 1182 calamitatem,
1160 1133 1238 1172 uix
1272 1140 1495 1184 possunt,
1532 1133 1609 1184 qui
1643 1133 1735 1173 iam

115 1201 341 1253 principia
364 1202 585 1253 spiritalis
607 1203 744 1251 uitae,
776 1204 820 1243 id
849 1209 917 1243 est
944 1204 1160 1255 xpianae.
1185 1204 1439 1254 religionis,
1463 1204 1736 1255 degustasse

120 1272 411 1323 uidebantur,
435 1273 639 1323 retineri,
664 1274 773 1324 quin
795 1275 949 1326 aliquo
980 1275 1115 1315 modo
1137 1274 1468 1324 disturbentur,
1493 1282 1536 1315 et
1567 1275 1625 1315 ad
1646 1276 1736 1315 alia

117 1343 304 1394 negotia
325 1343 660 1384 distrahantur:
683 1351 863 1385 tantum
885 1345 1036 1393 abest,
1060 1352 1108 1386 ut
1136 1346 1251 1386 alios
1272 1358 1395 1385 nunc
1417 1346 1639 1396 temporis
1661 1347 1735 1386 ad·

118 1414 285 1454 ducere
320 1415 551 1465 possimus
586 1415 645 1455 ad
679 1416 1097 1467 frequentationem
1132 1424 1534 1457 sacramentorum
1573 1429 1737 1458 sacrae

119 1485 426 1526 confessionis
447 1493 490 1525 et
513 1487 871 1538 communionis,
895 1494 944 1527 ut
962 1488 1085 1528 uitae
1102 1488 1296 1528 mutatio
1318 1488 1365 1528 in
1388 1489 1625 1528 meliorem
1642 1488 1735 1529 fiat.

116 1556 164 1596 In
193 1562 353 1596 nostro
381 1558 551 1608 templo
579 1557 871 1609 confitentur,
904 1565 947 1598 et
977 1559 1174 1609 singulis
1202 1559 1362 1599 diebus
1395 1560 1524 1600 festis
1554 1571 1737 1600 sacram

117 1628 460 1669 Eucharistiam
482 1628 731 1679 accipiunt,
755 1630 941 1670 circiter
962 1630 1014 1670 25
1034 1631 1108 1670 uel
1127 1630 1193 1670 30:
1218 1631 1360 1671 multo
1382 1632 1539 1683 plures
1555 1631 1738 1671 maiori-

117 1700 203 1739 bus
222 1698 369 1749 festis3
393 1699 513 1744 licet.
538 1706 585 1740 ut
616 1700 789 1741 dictum
819 1708 908 1749 est,
939 1702 1104 1741 horum
1136 1708 1397 1754 temporum
1424 1703 1738 1754 occupationi-

122 1771 208 1810 bus
229 1782 319 1810 non
344 1770 407 1810 ita
428 1769 693 1823 frequentes
715 1773 957 1813 accedant.

198 1840 525 1892 Superioribus
547 1842 709 1883 diebus
731 1843 924 1894 accidit,
947 1851 995 1884 ut
1017 1844 1069 1885 R
1102 1845 1150 1885 P.
1182 1807 1392 1885 Rector-
1414 1852 1664 1885 uocaretur
1681 1845 1739 1885 ad

118 1912 488 1953 reconciliandos
509 1913 707 1954 duorum
730 1916 924 1965 animOS,
951 1916 1008 1956 ab
1031 1923 1136 1956 octo
1159 1917 1293 1961 annis
1314 1917 1434 1956 inter
1454 1929 1503 1957 se
1525 1917 1588 1957 ita
1610 1916 1738 1956 dissi-

119 1983 294 2033 dentes,
320 1990 368 2023 ut
391 1995 627 2035 nunquam
650 1997 731 2036 per
752 1985 798 2026 id
819 1987 1042 2038 temporis
1069 1998 1171 2027 sese
1202 1995 1360 2027 mutuo
1388 1988 1561 2039 alloqui
1586 1989 1739 2028 uolue-

117 2054 223 2103 rint;
248 2055 324 2105 qui
347 2055 535 2095 tandem
556 2068 694 2102 nunc,
718 2056 806 2097 Dei
826 2058 995 2107 gratia,
1021 2058 1066 2098 in
1088 2058 1361 2110 pristinam,
1386 2071 1504 2110 quae
1536 2059 1740 2099 maxima

116 2124 282 2175 fuerat,
307 2126 560 2166 amicitiam
583 2128 976 2180 concordiamque
994 2136 1345 2170 consenserunt.
1364 2130 1490 2170 Idem
1507 2130 1553 2170 in
1571 2131 1741 2182 templo

117 2201 278 2235 nostro
300 2202 404 2247 post
426 2208 648 2249 uesperas
668 2199 906 2249 xpianam.
931 2200 1228 2252 prosequitur
1255 2200 1518 2241 doctrinam
1546 2201 1742 2252 singulis

119 2266 364 2307 dominicis
385 2267 561 2308 diebus:
587 2269 668 2310 sed
689 2270 873 2311 interim
894 2270 1001 2311 dum
1023 2271 1078 2311 R.
1102 2271 1151 2311 P.
1175 2271 1353 2312 Doctor
1374 2272 1614 2313 Bobadilla
1630 2271 1644 2290 ⁷²
1665 2272 1741 2313 hic

120 2337 244 2388 apud
272 2349 358 2378 nos
390 2338 495 2389 fuit,
532 2341 777 2381 lectionem
812 2342 1060 2382 intermisit
1096 2342 1360 2393 doctrinae,
1398 2355 1483 2395 pro
1519 2354 1611 2395 quo
1643 2343 1742 2395 ipse

119 2407 168 2447 P.
192 2407 434 2449 Bobadilla
455 2410 568 2451 obiit
589 2423 770 2452 munus:
795 2419 839 2453 et
860 2413 966 2453 licet
987 2425 1080 2453 non
1102 2413 1166 2454 ita
1187 2414 1332 2454 multa
1353 2414 1511 2465 populi
1532 2414 1741 2466 frequen-

120 2478 207 2529 tia,
237 2486 374 2530 grata
405 2487 561 2521 tamen
590 2483 794 2523 omnium
829 2484 1085 2524 attentione
1116 2496 1171 2524 ac
1205 2484 1541 2535 satisfactione,
1579 2492 1627 2525 ut
1656 2485 1743 2536 ipsi

119 2555 372 2601 testantur,
406 2551 723 2605 imprimisque
745 2553 836 2594 R.di
859 2553 954 2595 D.ni
976 2555 1194 2606 Episcopi
1216 2555 1462 2606 Tyburtini
1491 2554 1505 2573 ⁴
1526 2567 1740 2607 praesen-

120 2619 184 2659 tia
206 2620 503 2673 eiusdemque
525 2625 751 2675 applausu
775 2625 821 2664 in
842 2636 1024 2665 summo
1045 2626 1217 2677 templo
1239 2626 1296 2666 D.
1320 2625 1560 2666 Laurentii
1588 2626 1744 2677 singu-

120 2690 175 2730 lis
196 2691 356 2732 diebus
378 2692 510 2733 festis
535 2695 763 2735 matutino
785 2702 993 2748 tempore
1023 2703 1091 2737 est
1120 2697 1448 2748 concionatus,
1472 2704 1516 2738 et
1537 2709 1563 2737 a
1587 2709 1743 2748 uespe-

118 2761 183 2800 ris
204 2762 424 2813 epistolas
446 2763 575 2804 Pauli
597 2766 656 2805 ad
677 2765 914 2807 Romanos
934 2767 1163 2808 hactenus
1192 2768 1476 2819 auspicatus.

175 2920 184 2940 ¹
228 2921 434 2951 Antoninus.

174 2968 187 2986 '-'
227 2967 262 2995 Ρ.
282 2969 427 3001 joanni-s
443 2972 648 3002 Laurentius
664 2975 893 3004 Cavallcrius.

176 3015 189 3034 ⁵
228 3016 264 3044 P.
282 3017 443 3048 Nicolaus
460 3022 655 3055 Alphonsus
669 3023 709 3050 de
723 3023 913 3051 Bobadilla.

177 3064 190 3083 ⁴
227 3063 367 3096 Joannis
382 3069 522 3096 Andrea
539 3070 660 3097 Croce.

266 3124 313 3160 T.
341 3139 389 3165 iv.
920 3098 926 3105 ·
1517 3142 1557 3176 33
