2020 3342
881 274 963 312 AN.
994 267 1084 312 1556>
1720 271 1789 314 227

250 441 602 493 Superscm'pte'o
632 442 681 481 ίιι
708 447 881 493 quarta
903 443 1111 494 pagina:
1144 417 1256 483 IIT-IS.
1285 443 1344 483 Al
1372 455 1482 494 muy
1513 443 1612 483 R.d0
1641 443 1790 484 Padre

171 519 360 553 nuestro
381 525 436 552 en
459 512 643 553 Christo
664 525 763 553 nro.
788 513 837 553 P.
862 513 943 553 ΜΡ
967 515 1156 565 Ignacio
1174 513 1229 553 de
1246 513 1440 565 Loyola,
1462 514 1698 566 preposito
1716 526 1791 565 ge-

171 584 301 623 neral
322 583 376 623 de
397 584 440 623 la
463 583 719 634 Compafiia
742 583 797 623 de
818 584 966 636 Jesus,
991 598 1047 623 cn
1070 584 1231 624 Roma.

250 653 359 693 Alsa
382 665 544 693 mann:
570 654 681 693 1530.
708 654 932 695 Granata.
958 655 1332 705 Quadrimestres
1356 654 1450 695 vlt.i
1481 655 1668 706 Aprilis.

262 725 522 775 Vestigium
543 736 673 765 cerae
692 726 861 776 sig-dli.

385 1168 634 1197 praecedentes
651 1170 764 1197 Patris
779 1169 815 1197 N.
835 1169 916 1197 Ruiz
932 1169 1069 1197 litterae
1087 1178 1107 1197 a
1124 1170 1158 1197 P.
1178 1170 1322 1197 Polanco
1335 1171 1537 1198 emendatae
1555 1170 1576 1197 ¹.

934 1315 1032 1389 sssis

257 1509 427 1549 Gratia
449 1515 493 1549 et
516 1521 607 1560 pax
629 1508 817 1548 Domini
837 1509 985 1548 nostri
1006 1509 1103 1550 Ihu.
1127 1508 1301 1549 Christi
1322 1509 1380 1548 sit
1408 1521 1591 1561 semper
1612 1510 1658 1549 in
1680 1510 1795 1550 dies—

180 1592 268 1632 que
290 1585 472 1620 crescat
492 1580 539 1619 in
557 1580 773 1620 cordibus
794 1580 981 1620 nostris.
1010 1579 1172 1620 Amen.

251 1650 401 1691 Tanta
422 1657 492 1691 est
515 1651 641 1691 vrbis
676 1651 810 1691 huius
837 1662 951 1701 erga
980 1654 1196 1691 nostram
1229 1651 1505 1691 Societatem
1532 1651 1718 1692 dilectio
1741 1664 1794 1692 ac

174 1721 370 1772 deuotio,
402 1721 652 1762 admodum
685 1721 956 1762 Reuerende
992 1723 1038 1762 in
1073 1722 1258 1763 Christo
1293 1722 1444 1771 Pater,
1481 1729 1531 1762 Vt
1562 1729 1605 1763 et
1633 1724 1796 1763 merito

173 1793 462 1843 erubescere,
500 1799 543 1832 et
578 1793 791 1833 Creatori
826 1805 880 1833 ac
916 1792 1215 1844 Redemptori
1248 1800 1410 1833 nostro
1445 1794 1624 1843 gratias
1656 1805 1796 1845 agere

174 1863 438 1904 debeamus.
462 1863 582 1903 Hinc
605 1864 727 1904 enim
749 1870 928 1904 tantum
949 1864 1162 1915 prouenit
1183 1864 1495 1914 emolumenti,
1514 1871 1610 1905 tam
1628 1866 1674 1905 in
1692 1877 1796 1905 con-

174 1934 383 1974 cionibus
418 1934 894 1986 confessionibusque,
931 1946 1069 1984 quam
1103 1934 1148 1973 in
1184 1934 1286 1974 aliis
1319 1935 1466 1974 nostri
1494 1935 1690 1975 instituti
1718 1937 1779 1976 mi

174 2005 392 2055 nisteriis,
416 2005 581 2056 quibus
602 2005 866 2045 animarum
887 2006 1026 2045 saluti
1053 2005 1322 2056 consulitur,
1352 2012 1403 2045 Vt
1435 2006 1571 2046 facile
1594 2008 1797 2058 perspici
1852 2016 1860 2026 ⁸

175 2077 321 2127 possit
342 2075 492 2116 Deum
516 2076 753 2128 Optimum
776 2076 1135 2127 Maximumque,
1160 2082 1350 2128 propter
1377 2077 1567 2117 nimiam
1597 2079 1797 2118 charita-

174 2153 280 2197 tem,
312 2148 433 2187 hanc
460 2148 616 2199 populi
644 2148 938 2188 deuotionem
969 2148 1199 2187 excitasse
1234 2154 1283 2187 Vt
1312 2148 1405 2198 illa,
1442 2149 1565 2188 uelut
1595 2150 1795 2200 quodam

175 2217 327 2269 hamo,
351 2218 562 2258 homines
584 2219 835 2259 sceleribus
852 2219 1096 2258 immersos
1117 2219 1176 2258 ad
1198 2231 1246 2258 se
1268 2219 1489 2259 alliceret.

253 2289 482 2340 Imprimis
516 2301 717 2341 namque
752 2289 953 2341 plurimi,
992 2301 1095 2329 cum
1132 2300 1331 2340 magnae
1366 2290 1578 2330 Vtilitatis
1614 2292 1796 2342 experi-

175 2366 344 2411 mento,
369 2362 649 2411 generaliter
671 2360 873 2401 confessi
894 2367 1013 2410 sunt,
1038 2372 1234 2415 quorum
1251 2361 1389 2401 saluti
1406 2362 1541 2401 aliter
1558 2362 1797 2402 subueniri

175 2443 267 2471 non
288 2437 487 2482 poterat:
511 2431 586 2482 qui
608 2431 742 2471 solita·
758 2435 895 2471 erant
917 2432 976 2471 ad
1004 2431 1092 2471 hoc
1124 2438 1472 2472 sacramentum
1494 2439 1714 2485 tanquam
1738 2433 1795 2473 ad

176 2514 274 2542 rem
294 2503 428 2553 parui
458 2503 678 2542 momenti
708 2503 940 2552 accedere,
968 2509 1010 2542 et
1039 2502 1222 2542 animae
1247 2504 1439 2543 vulnera
1471 2504 1678 2544 exterius
1707 2516 1789 2544 me·

177 2572 275 2612 deri
316 2573 605 2612 conabantur
648 2573 842 2612 interius
876 2572 1061 2625 putrida
1099 2579 1236 2624 atque
1273 2574 1425 2613 letalia
1468 2575 1796 2626 relinquentes.

176 2643 367 2683 Plurimi
387 2643 488 2686 czlz‘t'.
510 2656 535 2683 a
558 2650 681 2684 statu
711 2645 892 2695 peccati
928 2644 1218 2684 discedentes
1247 2656 1329 2695 per
1354 2645 1709 2695 confessionem,
1741 2646 1799 2686 ad

175 2717 355 2754 statum
376 2713 550 2754 salutis
571 2718 613 2754 et
636 2715 759 2754 vitae
787 2715 990 2765 regressi
1011 2721 1131 2761 sunt,
1157 2715 1275 2754 inter
1304 2726 1419 2766 quos
1447 2716 1698 2767 quamdam
1720 2728 1798 2768 pu-

175 2785 344 2825 blicam
380 2785 685 2834 meretricem,
724 2793 773 2824 vt
808 2785 935 2825 Deus
967 2786 1011 2825 in
1047 2786 1261 2825 omnibus
1295 2786 1594 2837 glorificetur,
1616 2788 1798 2827 silentio

170 2855 436 2906 praeterire
457 2868 548 2895 non
572 2863 746 2906 potero,
772 2868 904 2907 quae,
929 2868 1033 2900 cum
1052 2856 1246 2896 multum
1267 2857 1489 2907 temporis
1511 2859 1606 2897 suis
1626 2858 1799 2898 fallaci—

176 2927 260 2966 bus
283 2927 438 2966 verbis
456 2926 514 2966 ad
530 2930 723 2977 peccata
750 2927 956 2966 'nomines
985 2927 1236 2976 allexisset,
1268 2927 1509 2968 cuiusdam
1540 2929 1700 2969 nostri
1729 2940 1800 2967 sa·

236 3086 246 3107 ¹
287 3084 418 3119 Omnia,
435 3093 518 3119 quae
532 3085 664 3113 italicis
675 3086 935 3114 characteribus
947 3086 1160 3116 exhibentur.
1174 3091 1250 3114 sunt
1263 3087 1368 3121 ipsius
1384 3088 1520 3115 Polanci
1533 3097 1632 3116 manu
1646 3095 1801 3116 exarata.
