2020 3342
255 264 325 301 372
762 265 987 303 LITTERAE
1014 265 1371 310 QUADRIMESTRES

255 367 299 401 et
320 361 450 402 festis
473 363 768 413 euangelium
794 363 903 403 Diui
930 363 1153 404 Matthaei
1183 354 1345 404 solitus
1375 364 1526 405 fuerat
1553 365 1870 418 interpretari,

252 444 373 472 nunc
396 433 485 472 alio
507 433 553 472 in
575 435 759 485 templo,
784 434 831 474 in
847 445 938 485 quo
955 434 1104 474 maior
1120 435 1396 486 uberiorque
1412 434 1590 476 fructus
1608 435 1870 476 animarum

251 503 498 553 colligitur,
522 505 728 544 maxima
751 516 856 544 cum
876 505 1140 545 auditorum
1160 505 1371 556 utilitate,
1395 488 1653 557 frequentia
1670 511 1715 546 et
1737 506 1868 547 satis-

248 573 450 614 factione
471 575 597 625 legit.
623 575 747 615 Idem
776 575 936 616 dicbus
967 576 1152 616 ueneris
1178 576 1470 617 scholasticis
1496 577 1646 617 nostri
1676 576 1869 628 Collegii

248 645 551 685 christianam
587 645 847 686 doctrinam
884 647 973 686 alio
1008 647 1054 686 in
1085 648 1256 699 templo
1288 648 1523 698 explanat;
1561 647 1634 687 cui
1664 647 1864 699 lectioni,

245 722 430 765 praeter
451 716 702 768 discipulos
722 717 931 757 nonnulli
953 717 1092 757 etiarn
1114 719 1338 758 interesse
1360 718 1522 768 solent,
1547 718 1624 769 qui
1645 729 1751 758 cum
1767 730 1867 769 per-

246 786 485 836 cipiendae
507 787 747 828 doctrinae
765 795 957 828 sanctae
980 789 1232 839 cupiditate
1251 789 1419 840 allecti,
1437 794 1535 829 tum
1552 800 1663 829 uero
1681 788 1867 830 audien-

244 858 407 897 darum
430 859 694 899 orationum
719 860 947 900 desiderio
968 890 975 908 ,
1000 871 1119 911 quae
1141 860 1231 899 illic
1255 872 1281 900 a
1308 859 1481 900 nostris
1511 860 1669 911 pueris
1696 859 1864 900 haben-

242 935 330 978 tur,
367 930 573 979 excitati,
606 930 874 981 frequentes
902 931 1152 982 aliquando
1183 931 1482 970 conueniunt.
1513 929 1709 971 Peracta
1742 931 1864 972 enirn

240 998 480 1040 doctrinae
502 1001 784 1040 christianae
804 1001 1018 1051 lectione,
1042 1002 1231 1053 quidam
1249 1013 1307 1041 ex
1328 1001 1697 1051 prouectioribus
1715 1003 1864 1042 nostri

239 1070 435 1121 Collegii
471 1071 763 1112 scholasticis
792 1073 1051 1112 orationem
1078 1072 1216 1112 habet
1247 1083 1331 1112 suo
1361 1078 1509 1112 marte
1537 1071 1859 1124 compositam,

238 1143 359 1191 quod
381 1154 472 1182 non
494 1155 657 1194 parum
687 1143 821 1183 affert
850 1143 1140 1183 auditoribus
1165 1140 1511 1183 admirationis:
1544 1143 1775 1184 mirantur
1804 1144 1859 1184 si-

236 1213 421 1264 quidem
449 1226 618 1265 pueros
648 1216 869 1266 paruulos
897 1227 976 1255 eas
1004 1215 1239 1255 orationes
1268 1226 1570 1266 componere,
1601 1220 1741 1266 atque
1763 1221 1859 1255 tam

233 1284 456 1324 audacter
477 1289 675 1325 recltczre
700 1285 725 1337 ¹3
749 1286 1045 1326 commendat
1073 1297 1214 1337 porro
1244 1285 1364 1326 hanc
1391 1291 1601 1326 nostram
1628 1287 1859 1327 exercita-

234 1355 405 1395 tionem
437 1357 521 1396 hoc
550 1357 858 1407 potissimum,
896 1357 1019 1408 quod
1046 1357 1159 1397 nihil
1187 1357 1335 1397 simile
1363 1357 1409 1396 in
1437 1357 1538 1396 aliis
1567 1356 1704 1397 huius
1731 1356 1858 1397 urbis

233 1427 407 1467 scholis
427 1429 519 1467 tiat:
543 1428 611 1467 ita
633 1440 696 1468 ex
716 1428 802 1468 hac
823 1428 1160 1468 exercitatione
1181 1427 1448 1479 plurimum
1474 1427 1702 1468 hauritur
1732 1427 1856 1468 utili-

231 1498 369 1547 tatz's,·
392 1499 518 1539 ciues
539 1499 659 1539 em'm
682 1499 711 1550 ²,
736 1499 793 1539 ad
816 1512 1013 1551 quorum
1035 1511 1172 1540 aures
1193 1499 1280 1540 hoc
1301 1499 1538 1551 peruenit,
1562 1496 1856 1551 summopere

229 1569 440 1620 probant,
466 1571 635 1610 liberos
656 1570 669 1588 ⁵
691 1582 801 1610 suos
821 1571 955 1611 nobis
976 1571 1255 1611 erudiendos
1282 1570 1491 1610 tradunt:
1521 1569 1856 1621 discipulorum

229 1651 410 1692 quoque
432 1641 573 1681 animi
594 1642 684 1681 hoc
701 1642 895 1682 honesto
916 1641 1185 1682 ambstcom‘s
1202 1639 1216 1659 ⁴
1230 1652 1403 1692 genere
1420 1640 1478 1681 ad
1494 1641 1674 1681 maiora
1692 1641 1738 1681 in
1756 1641 1855 1681 dies

228 1710 381 1750 studia
422 1706 741 1752 accenduntur
761 1744 768 1763 ,
817 1713 995 1763 gloriae
1041 1712 1294 1764 cupiditate
1315 1724 1323 1752 :
1373 1712 1555 1752 accedit
1593 1712 1684 1753 huc
1731 1711 1853 1764 quod

228 1781 348 1822 Κόως
363 1782 411 1821 Ρ.
436 1783 622 1832 Rector,
646 1774 866 1834 perorata
888 1784 980 1824 iam
1002 1784 1226 1834 oratione,
1251 1784 1411 1823 laudat
1433 1789 1689 1833 oratorem,
1713 1794 1851 1835 expo-

227 1854 385 1904 nitque
408 1854 622 1894 omnibus
644 1854 732 1894 hoc
753 1854 855 1894 ideo
878 1867 902 1894 a
926 1855 1057 1894 nobis
1079 1854 1192 1905 fieri,
1217 1866 1308 1906 quo
1330 1854 1419 1895 arti
1440 1854 1713 1895 exercitatio
1737 1854 1852 1904 (sine

226 1936 315 1976 qua
344 1926 611 1976 praeceptio
640 1925 752 1965 nihil
788 1925 984 1975 iuuaret)
1015 1925 1230 1976 accedat,
1269 1926 1575 1977 hortaturque
1611 1936 1772 1966 omnes
1802 1930 1851 1966 ut

225 1994 349 2035 idem
372 1997 588 2047 amplecti
610 1997 842 2047 studeant,
866 1997 1110 2048 proposita
1132 2002 1239 2036 ante
1262 1997 1423 2037 oculos
1444 1997 1658 2037 utilitate.

304 2066 568 2107 Institutum
590 2079 728 2119 porro
753 2074 822 2107 est
843 2067 902 2107 ab
923 2067 1085 2108 eodem
1104 2067 1240 2107 Patre
1258 2073 1418 2107 nostro
1437 2073 1486 2107 ut
1505 2067 1652 2119 pueri,
1671 2067 1748 2119 qui
1764 2067 1848 2107 sub

225 2143 385 2177 nostra
406 2144 512 2177 sunt
533 2138 793 2189 disciplina,
818 2138 981 2178 diebus
1002 2137 1248 2178 dominicis
1276 2144 1319 2178 et
1346 2138 1476 2178 festis
1506 2137 1676 2178 adeant
1705 2138 1848 2178 eccle·

222 2208 330 2258 sias,
356 2209 431 2248 ubi
454 2209 659 2259 religiosi
681 2209 871 2260 quidam
893 2221 947 2249 ac
969 2209 1031 2260 pii
1052 2209 1264 2249 homines
1285 2209 1568 2249 conueniunt
1599 2209 1658 2249 ad
1679 2209 1844 2249 docen-

221 2278 327 2318 dam
362 2279 622 2320 doctrinam
658 2280 962 2320 christianam
996 2291 1178 2331 puerOS,
1210 2285 1258 2320 ut
1291 2286 1335 2319 et
1362 2286 1629 2320 nostrorum
1662 2291 1845 2331 quoque
1894 2315 1896 2317 .

219 2361 469 2400 puerorum
501 2351 674 2391 auxilio
706 2351 875 2401 adiuti,
908 2363 1024 2391 onus
1054 2351 1164 2391 illud
1190 2350 1417 2402 paratiori
1447 2351 1602 2391 animo
1630 2351 1842 2401 subeant,

219 2421 348 2460 cuius
366 2422 431 2461 rei
448 2423 602 2472 gratia
619 2423 936 2474 unusquisque
954 2428 1309 2474 praeceptorum
1325 2421 1597 2473 designatos
1614 2421 1842 2473 quosdam

218 2491 370 2541 habet,
396 2493 441 2531 in
463 2493 630 2543 quibus
652 2493 831 2533 maiora
854 2493 1038 2533 uirtutis
1056 2492 1340 2532 simulachra
1358 2493 1586 2544 impressa
1604 2492 1835 2543 uidentur,

217 2573 332 2612 quos
354 2563 426 2603 die
448 2564 629 2603 sabbati
650 2564 882 2614 hortatur,
904 2576 961 2604 ne
984 2575 1101 2614 opus
1122 2564 1209 2604 hoc
1231 2563 1581 2603 misericordiae
1603 2563 1719 2603 adeo
1738 2575 1839 2603 san-

217 2639 364 2683 ctum,
408 2634 573 2673 inertia
612 2635 959 2686 negligentiaue
994 2646 1077 2675 sua
1112 2634 1382 2685 refrigerari
1415 2634 1666 2685 patiantur.
1703 2633 1840 2674 Pueri

213 2715 324 2743 uero
361 2711 721 2756 praeceptorum
748 2706 884 2746 dictis
919 2705 1177 2756 audientes,
1215 2716 1363 2756 aequo
1397 2710 1654 2757 paratoque
1681 2705 1837 2745 animo

212 2775 337 2814 iussa
359 2775 625 2827 adimplent,
650 2788 708 2816 ex
730 2789 820 2827 quo
840 2776 903 2827 fit,
927 2783 974 2816 ut
990 2776 1148 2828 pueri,
1177 2776 1253 2826 qui
1282 2776 1410 2826 prius
1437 2775 1529 2816 huc
1558 2782 1697 2827 atque
1727 2776 1834 2815 illuc

263 2916 273 2935 ¹
309 2918 563 2950 pronunciare.
580 2918 632 2945 ID.

260 2964 273 2982 2'
310 2964 402 2991 vnde
417 2964 519 2992 ciues.
536 2965 584 2992 11).

261 3009 275 3029 ⁵
312 3012 344 3036 et
358 3011 493 3038 liberOS.
509 3011 559 3039 Io.

262 3059 275 3078 ἰ
318 3059 647 3086 aemulatmm's.1r).
