2020 3342
618 287 839 324 ADDENDA
867 298 908 324 m
935 297 1049 324 TOMO
1076 298 1230 324 TERTIO
1655 286 1727 323 713

185 383 438 435 Postquam
484 383 575 424 huc
619 384 851 434 venimus,
892 385 1102 436 sequenti
1147 384 1219 424 die
1266 384 1424 423 statim
1461 394 1722 423 sermonem

107 454 155 494 P.
191 453 199 473 ¹
231 453 392 494 habuit
408 453 467 494 ad
487 454 605 505 11105,
629 454 688 494 ad
710 466 846 506 quem
866 466 1064 505 magnus
1082 465 1338 499 concursus
1359 459 1428 494 est
1443 453 1609 502 factus,
1627 459 1722 492 tan-

103 536 247 576 ·quam
268 523 327 564 ad
353 536 452 564 rem
478 525 672 564 multum
700 525 868 577 diuque
895 525 1220 565 desideratam.
1249 524 1364 565 Item
1393 524 1465 565 die
1492 523 1725 564 dominica

108 595 318 647 sequenti
338 595 384 634 in
400 595 570 646 templo
588 606 767 635 summo
784 596 1089 635 concionatus
1105 601 1173 635 est
1190 606 1372 635 summa
1389 594 1726 646 approbatione

108 666 434 716 hilaritateque
455 666 626 717 populi,
649 666 739 717 qui,
763 678 788 706 e
808 667 978 717 templo
1000 667 1173 716 exiens,
1193 677 1364 716 magno
1382 667 1607 717 applausu
1623 663 1725 705 Deo

110 736 290 787 gratias
311 736 496 786 agebat,
521 737 599 788 qui
618 748 667 776 se
689 736 857 777 iterum
884 737 1083 776 voluerit
1110 743 1206 776 tarn
1233 742 1395 777 sancta
1418 747 1473 776 ac
1499 736 1621 776 bona
1651 735 1726 776 do-

109 807 260 847 ctrina
288 807 534 846 consolari.
567 807 684 847 Toto
714 807 804 847 hoc
830 813 1038 858 tempore
1068 818 1212 858 usque
1242 807 1300 846 ad
1334 806 1503 846 festum
1535 805 1726 846 Assum-

110 877 280 929 ptionis
318 877 550 917 Dominae
588 884 776 917 nostrae
813 878 1078 928 frequentes
1115 878 1360 917 habuimus
1393 876 1726 926 confessioneS,

110 947 386 998 praesertim
412 947 561 999 pridie
587 948 723 988 huius
750 948 876 998 festi,
909 959 998 999 quo
1026 948 1098 987 die
1124 948 1183 987 ad
1207 959 1379 987 nonam
1406 959 1551 998 usque
1580 946 1731 987 noctis

112 1019 276 1058 horam
303 1018 351 1057 in
384 1019 555 1069 templo
590 1019 944 1070 permansimus,
982 1030 1038 1058 ne
1073 1018 1413 1058 multitudinem
1448 1017 1605 1069 populi
1638 1028 1731 1057 ma-

111 1100 232 1139 gnas
251 1088 565 1140 indulgentias
582 1095 941 1129 consecuturam
959 1089 1093 1140 (quae
1109 1095 1219 1128 tunc
1237 1088 1627 1138 concedebantur)
1645 1087 1732 1127 dis-

115 1171 251 1199 cessu
271 1165 431 1199 nostro
453 1159 790 1210 desolaremur;
824 1171 962 1212 quam
992 1160 1132 1200 etiam
1162 1159 1219 1199 ob
1249 1171 1458 1209 causam,
1487 1165 1733 1210 postquam

115 1231 307 1270 domum
328 1231 595 1280 rediuimus,
619 1231 822 1270 duorum
844 1230 1084 1269 hominnm
1110 1234 1124 1253 2
1144 1229 1460 1269 confessiones
1481 1229 1659 1280 audiui,
1683 1240 1736 1268 ac

117 1304 239 1340 certe
254 1300 470 1351 plurium
487 1301 795 1348 czudt'm‘ssem,
816 1301 913 1340 m'st'
928 1301 1080 1340 adlmc
1101 1313 1163 1339 ex
1176 1301 1395 1350 precibus
1421 1299 1630 1339 horariis
1659 1311 1735 1339 no-

120 1383 206 1411 nae
244 1376 287 1412 et
326 1371 592 1422 vespertini
631 1371 858 1422 temporis
902 1371 1113 1422 officinm
1160 1374 1429 1421 superesset
1477 1370 1594 1409 mihi
1629 1370 1737 1410 recl-

120 1442 333 1482 tandum.

199 1513 371 1553 luimus
392 1520 635 1564 praeterea
657 1514 703 1553 in
724 1513 882 1553 ludum
899 1513 1231 1564 grammatices
1249 1513 1554 1552 scholasticos
1572 1514 1740 1553 allocu-

123 1591 233 1633 tum,
258 1589 309 1623 vt
330 1583 388 1623 ad
409 1584 747 1624 confessionem
766 1583 1030 1624 faciendam
1051 1583 1139 1622 hoc
1160 1583 1277 1622 festo
1299 1583 1529 1622 Dominae
1549 1587 1742 1623 nostrae

123 1666 173 1694 se
206 1660 445 1706 pararent,
476 1655 640 1705 quibus
674 1655 821 1694 suasit
855 1654 993 1694 Pater
1019 1666 1110 1693 non
1138 1655 1287 1693 solum
1320 1661 1371 1693 vt
1399 1654 1488 1693 hoc
1517 1661 1739 1705 tempore,

124 1725 206 1765 sed
223 1731 272 1765 vt
292 1725 415 1765 idem
436 1725 574 1765 etiam
596 1725 792 1776 singulis
808 1725 1043 1765 mensibus
1060 1724 1215 1764 facere
1232 1731 1604 1774 consuescerent,
1624 1724 1743 1764 sicut

127 1795 268 1836 moris
289 1802 358 1835 est
379 1796 424 1835 in
451 1796 625 1835 nostris
646 1796 838 1846 scholis;
870 1802 1113 1847 acceptum
1139 1795 1185 1834 id
1211 1801 1488 1846 gratumque
1514 1795 1741 1845 omnibus,

127 1875 222 1906 tam
242 1866 549 1918 praeceptori,
575 1878 714 1918 quam
744 1867 983 1917 discipulis
1010 1866 1117 1916 fuit,
1147 1872 1197 1905 vt
1222 1865 1270 1905 in
1297 1865 1384 1905 hoc
1413 1865 1530 1905 festo
1560 1865 1744 1906 confite-

128 1944 302 1977 rentur.
326 1938 501 1977 Eorum
521 1938 675 1988 itaque
697 1937 1014 1977 confessiones
1035 1937 1204 1988 partim
1234 1948 1343 1986 nos,
1368 1937 1537 1988 partim
1565 1937 1642 1976 alii
1668 1948 1744 1976 au-

125 2007 302 2059 diuere;
326 2014 371 2048 et
392 2019 505 2048 sane
526 2008 726 2060 quidem,
750 2009 789 2048 si
811 2008 995 2048 adesset
1015 2008 1094 2059 qui
1114 2018 1194 2047 eos
1215 2007 1485 2052 admoneret
1512 2014 1556 2047 et
1577 2007 1636 2047 ad
1656 2007 1745 2047 vir-

129 2085 280 2119 tutum
300 2079 453 2119 studia
475 2079 705 2129 incitaret,
730 2090 822 2118 non
844 2079 1000 2118 dubito
1022 2078 1132 2129 quin
1154 2078 1346 2117 multum
1366 2078 1413 2117 in
1444 2078 1618 2118 eisdem
1645 2089 1747 2129 pro·
1770 2133 1774 2136 Ι

132 2150 402 2189 mouissent.

207 2220 322 2260 Item
342 2220 431 2260 hoc
452 2219 569 2259 festo
590 2219 936 2271 Assumptionis
963 2220 1193 2260 Dominae
1220 2223 1435 2270 nostrae,
1455 2222 1647 2259 sanctae
1667 2217 1749 2258 Mi-

132 2291 415 2331 sericordiae
436 2290 636 2330 societas
658 2302 761 2330 cum
783 2290 885 2330 aliis
904 2291 1135 2342 plerisque
1162 2290 1504 2330 sanctissimam
1530 2289 1751 2330 Euchari-

131 2361 270 2402 stiam
292 2361 338 2401 in
361 2372 540 2401 summo
575 2362 745 2412 templo
781 2368 1076 2412 acceperunt,
1099 2368 1148 2402 ut
1176 2362 1291 2401 alios
1318 2361 1530 2401 omittam
1556 2361 1753 2412 permul-

137 2441 223 2482 tos,
248 2432 325 2483 qui
346 2431 468 2471 idem
488 2432 640 2483 ipsum
660 2432 707 2471 in
728 2443 812 2471 sua
833 2431 1028 2483 quisque
1048 2431 1061 2451 5
1084 2432 1299 2483 paroecia
1322 2432 1395 2483 pie
1422 2432 1481 2471 ad
1507 2431 1674 2471 deuote
1694 2431 1754 2471 fe-

139 2509 315 2543 cerunt.
338 2502 531 2553 Insuper
552 2502 655 2553 (Dei
674 2503 897 2553 bonitate)
918 2504 963 2543 in
984 2504 1074 2543 hac
1095 2505 1208 2543 vrbe
1224 2503 1350 2554 pium
1368 2502 1602 2554 quoddam
1623 2513 1754 2554 opus,

138 2572 391 2624 sepeliendi
417 2573 634 2613 videlicet
662 2579 889 2622 mortuos,
919 2574 1256 2614 incrementum
1285 2573 1422 2624 cepit3
1454 2585 1562 2613 nam
1592 2573 1670 2613 vbi
1699 2572 1759 2613 ad

139 2644 227 2683 hoc
248 2643 471 2694 temporis
492 2643 573 2683 vix
595 2643 758 2684 adesse
779 2651 1009 2695 poterant,
1034 2645 1113 2696 qui
1132 2645 1355 2695 lugubres
1384 2651 1538 2684 vestes
1567 2647 1760 2685 sanctae

138 2712 488 2753 Misericordiae
510 2713 774 2763 induerent,
799 2715 1004 2766 pheretri
1024 2715 1260 2755 baiulandi
1285 2714 1454 2765 gratia,
1478 2726 1601 2754 nunc
1630 2720 1761 2755 tanta

136 2791 207 2824 est
227 2795 402 2832 eorum,
427 2784 504 2835 qui
524 2785 609 2824 1100
631 2797 796 2825 munus
818 2786 984 2837 exequi
1005 2787 1201 2825 libenter
1225 2785 1378 2835 velint,
1404 2785 1685 2836 frequentia,
1711 2791 1763 2825 vt

200 2990 207 3009 ¹
248 2990 393 3018 Inseruit
408 2991 463 3018 hic
481 2991 646 3019 Polancus
663 3000 733 3019 voc·
749 3001 780 3019 m
796 2992 1009 3020 Emmanuel
1023 2992 1259 3026 (Fernandez).

200 3037 212 3055 ·-’
249 3037 492 3069 ,Quorumdam
510 3040 630 3067 diam.
647 3040 833 3068 Pomxcus.

199 3084 214 3103 5
251 3085 350 3112 Prius
365 3085 529 3119 scriptum
545 3091 620 3114 erat
635 3094 863 3122 quorumque.

355 3143 403 3182 T.
429 3157 485 3181 iv.
1536 3149 1582 3191 46
