2020 3342
828 244 911 281 ΑΝ.
942 245 1033 282 1556
1671 246 1737 282 173

118 338 328 390 deposito
345 338 535 389 pudore,
556 339 602 378 in
619 350 874 390 pauperum
891 339 1245 379 subuentionem
1266 339 1470 380 ostiatim
1487 340 1737 391 eleemosy-

118 420 224 449 nam
244 415 400 460 petere
416 420 509 449 non
524 416 811 449 vererentur.
832 410 928 450 Imo
945 422 1058 450 vero
1076 416 1288 450 caeteras
1304 410 1520 450 mulieres
1539 411 1597 450 ad
1615 411 1735 451 idem

118 490 233 531 opus
255 479 601 520 misericordiae
624 479 1000 521 adhortarentur.
1025 480 1222 521 Difficile
1250 480 1374 520 dictu
1397 487 1570 532 quanta
1593 481 1652 521 sit
1673 480 1737 521 fa-

118 557 192 590 cta
214 556 309 590 tam
330 551 459 590 breui
480 557 688 602 tempore
711 551 915 591 omnium
936 552 1209 601 immutatio,
1234 563 1343 591 nam
1365 564 1482 603 quae
1503 552 1737 603 quondam

116 632 311 672 pompas
328 620 372 661 et
389 621 525 661 huius
541 621 721 661 fallacis
738 621 898 662 mundi
910 622 1152 662 illecebras
1164 622 1493 673 sequebantur,
1509 634 1647 672 nunc,
1665 623 1737 662 his

116 692 328 731 omnibus
341 692 634 744 contemptis,
649 698 843 743 tantum,
867 704 987 744 quae
1005 694 1062 733 ad
1076 694 1258 733 animae
1276 694 1472 734 salutem
1489 694 1733 745 pertinent,

115 761 359 814 diligenter
391 763 674 814 perquirunt
712 763 737 804 ¹.
775 763 954 804 Tantae
988 770 1232 815 praeterea
1272 770 1340 804 est
1375 764 1737 805 existimationis

114 832 163 873 P.
182 833 353 873 Rector
374 834 587 874 omnibus
609 834 802 885 ciuibus,
826 841 875 874 vt
893 834 952 874 ad
974 835 1101 875 illum
1117 835 1163 875 in
1183 835 1322 875 rebus
1339 836 1498 876 arduis
1514 842 1736 886 tanquam

114 904 172 944 ad
194 905 390 956 asylum,
417 911 521 956 post
542 905 839 956 imploratam
861 918 996 958 opem
1017 905 1237 955 diuinam,
1261 907 1546 958 confugiant:
1571 918 1659 957 qno
1676 907 1736 957 fit

111 979 162 1014 vt
183 974 197 993 ²
219 975 493 1027 confratres,
518 988 634 1028 quos
656 976 813 1017 dicunt
836 977 1099 1027 charitatis,
1124 978 1201 1029 qui
1222 978 1268 1018 id
1290 979 1444 1018 oneris
1475 989 1735 1030 assumpse-

110 1052 231 1093 runt,
254 1053 305 1087 vt
326 1058 405 1087 eos
433 1048 746 1098 consolentur,
779 1048 857 1099 qui
887 1048 1132 1089 criminum
1165 1060 1307 1089 causa
1338 1047 1351 1066 ⁵
1378 1061 1555 1100 poenas
1583 1050 1731 1090 luunt.

110 1117 226 1158 Cum
247 1118 368 1158 enim
390 1119 577 1170 quidam
597 1131 689 1159 non
712 1119 816 1160 Vilis
839 1120 1117 1161 conditionis
1138 1121 1270 1161 miles
1298 1128 1419 1161 esset
1446 1122 1731 1173 suspenden-

112 1188 213 1239 dus,
238 1200 434 1240 cumque
453 1201 546 1229 non
567 1196 726 1241 posset
747 1190 806 1230 ad
826 1202 989 1231 veram
1009 1191 1191 1243 peccati
1219 1192 1534 1243 cognitionem
1555 1193 1733 1243 reduci,

111 1259 367 1300 accersitus
397 1267 466 1301 est
501 1261 769 1312 praedictus
804 1260 942 1302 Pater
977 1274 1004 1302 a
1039 1262 1352 1303 confratribus
1387 1264 1648 1315 charitatis,
1683 1271 1733 1304 vt

111 1335 239 1370 tanta
257 1330 303 1370 in
319 1342 369 1371 re
386 1331 474 1371 illis
492 1338 614 1372 esset
632 1332 912 1373 adiumento,
933 1332 1060 1374 Illico
1077 1334 1216 1374 Pater
1234 1346 1287 1374 eo
1306 1346 1354 1374 se
1373 1335 1582 1386 contulit,
1603 1337 1733 1376 cuius

111 1408 305 1452 aspectu
326 1414 419 1442 non
440 1403 738 1444 mediocriter
759 1404 962 1444 refectus
982 1410 1051 1445 est
1068 1405 1212 1456 miles,
1233 1411 1277 1445 et
1294 1406 1450 1446 statim
1466 1405 1618 1447 Patris
1636 1419 1734 1447 mo-

111 1471 219 1512 nitis
241 1472 300 1512 ad
320 1474 659 1515 confessionem
682 1475 910 1526 animum,
935 1481 978 1516 et
999 1476 1059 1516 ad
1087 1476 1237 1527 ipsam
1265 1482 1484 1527 mortem,
1514 1489 1734 1530 prepara-

108 1543 190 1584 uit:
212 1543 288 1584 hic
310 1550 473 1595 postea
494 1544 680 1586 Patrem
701 1548 910 1598 supplex,
934 1559 992 1587 ne
1014 1559 1062 1587 se
1083 1548 1380 1600 relinqueret,
1405 1550 1605 1600 rogauit.
1626 1549 1729 1601 Quo

111 1614 164 1654 sit
183 1612 198 1632 ⁴
220 1621 268 1655 vt
291 1627 344 1655 ea
365 1622 501 1656 nocte
522 1628 628 1657 cum
649 1629 727 1658 reo
749 1618 973 1658 manserit
994 1619 1041 1659 in
1064 1630 1270 1670 carcere,
1294 1620 1374 1660 vbi
1402 1620 1612 1661 diuinum
1641 1620 1732 1661 offi-

110 1685 232 1725 cium
255 1697 360 1727 cum
381 1687 572 1739 reliquis
594 1689 917 1729 sacerdotibus
939 1690 1177 1740 recitauit,
1207 1702 1298 1742 quo
1330 1692 1564 1743 absoluto,
1589 1692 1732 1732 extin-

110 1757 190 1806 gui
210 1757 334 1798 iubet
356 1759 545 1809 lumina,
571 1766 709 1812 atque
731 1773 994 1801 sermonem
1020 1760 1153 1811 fecit,
1177 1774 1267 1813 quo
1299 1763 1625 1804 admirandum
1657 1764 1732 1804 do—

109 1828 306 1869 minicae
341 1830 574 1881 passionis
604 1831 880 1872 beneficium
915 1833 1183 1884 explicauit,
1221 1840 1265 1873 et
1295 1834 1383 1874 hoc
1415 1835 1600 1885 magnis
1627 1846 1731 1876 cum

108 1899 364 1951 lachrymis
387 1899 400 1920 ⁵
420 1907 465 1941 et
487 1902 672 1942 illorum
693 1903 912 1954 omnium,
938 1904 1015 1955 qui
1037 1904 1254 1944 aderant:
1277 1905 1400 1945 vnde
1430 1911 1474 1945 et
1495 1906 1593 1957 ipse
1623 1917 1731 1946 reus

108 1982 212 2010 cum
235 1978 409 2022 quanta
430 1984 514 2024 pro
536 1985 585 2013 se
607 1973 752 2025 Xpus.
784 1980 906 2014 esset
934 1985 1121 2025 passus,
1153 1975 1430 2026 audiuisset,
1460 1988 1554 2016 non
1581 1977 1730 2016 solum

108 2041 207 2081 eius
224 2053 382 2083 amore
400 2049 444 2083 et
461 2044 757 2095 propriorum
774 2045 1021 2085 criminum
1038 2057 1179 2086 causa
1197 2053 1393 2087 mortem
1410 2058 1558 2099 aequo
1575 2048 1730 2088 animo

104 2111 295 2163 serebat,
319 2114 401 2154 sed
422 2114 544 2155 illico
566 2127 615 2155 se
636 2116 844 2156 vestibus
864 2117 1008 2165 exuit,
1042 2123 1085 2157 et
1115 2117 1312 2168 flagellis
1333 2129 1502 2170 corpus
1523 2118 1730 2169 affligere

105 2195 196 2223 non
217 2185 446 2226 cessabat:
472 2197 561 2238 quo
583 2187 717 2237 viso,
741 2187 863 2228 idem
891 2199 1052 2228 omnes
1078 2188 1303 2229 fecerunt.
1333 2188 1536 2240 Rogauit
1564 2189 1729 2230 deinde

105 2255 236 2294 miles
257 2255 332 2296 ille
353 2256 559 2308 Patrem,
584 2264 632 2298 vt
664 2270 850 2298 sacrum
878 2258 1051 2299 Beatae
1078 2259 1255 2300 Mariae
1283 2272 1419 2300 mane
1453 2261 1725 2309 celebraret,

107 2325 229 2376 quod
250 2326 315 2367 illi
336 2326 474 2368 Pater
491 2341 585 2369 non
606 2330 870 2380 denegauit.
896 2330 1074 2370 Tantus
1096 2336 1196 2371 erat
1217 2343 1369 2380 amor,
1400 2343 1490 2384 quo
1512 2343 1625 2383 erga
1646 2332 1728 2372 Pa-

55 2386 65 2392 ’
105 2402 222 2438 trem
241 2397 499 2451 ferebatur,
534 2408 584 2441 Vt
613 2402 797 2442 nonnisi
823 2402 899 2442 illo
927 2409 1173 2453 praesente
1202 2403 1322 2443 mori
1350 2403 1562 2444 voluerit.
1593 2403 1738 2445 Vnde.

104 2466 242 2509 Pater
262 2469 403 2522 illum,
428 2471 574 2512 donec
596 2473 808 2524 spiritum
829 2474 1074 2523 emisisset,
1099 2485 1188 2513 non
1208 2474 1467 2526 dereliquit;
1491 2475 1615 2526 quod
1633 2487 1727 2515 ma-

104 2539 195 2580 lam
229 2541 284 2581 de
318 2542 451 2582 nobis
478 2544 790 2594 suspicionem
816 2557 840 2584 e
870 2545 1026 2596 populi
1061 2546 1215 2585 animo
1250 2546 1433 2597 eripuit.
1471 2546 1571 2597 Quo
1605 2546 1728 2595 uiso,

104 2612 233 2652 multi
249 2614 501 2654 conciones
517 2622 770 2667 coeperunt
785 2615 1097 2667 frequentare,
1119 2622 1163 2656 et
1179 2617 1362 2668 piorum
1379 2616 1618 2657 hominum
1634 2629 1728 2658 non

101 2682 397 2724 mediocriter
415 2693 581 2726 auctus
597 2694 665 2726 est
683 2698 915 2727 numerus.
937 2687 1090 2739 Atque
1108 2688 1354 2728 vniuersae
1372 2688 1576 2729 ciuitatis
1598 2700 1728 2728 amor

101 2751 148 2792 in
168 2764 254 2794 nos
275 2754 527 2796 admodum
549 2757 712 2797 creuit.

157 2867 167 2887 ¹
206 2870 462 2896 consectantur.
479 2868 663 2897 Potamos,

156 2913 170 2932 Ξ
209 2916 317 2942 etiam
333 2916 415 2950 ipsi.
432 2915 480 2943 ID.

154 2963 168 2983 5
206 2964 334 2997 capitis
349 2964 478 2992 addidit
495 2965 672 2993 Polancus.

161 3011 174 3031 ⁴
213 3010 348 3043 factum
365 3013 427 3038 est.
444 3011 492 3040 10.

157 3058 171 3079 ⁵
210 3060 283 3086 suis
298 3059 428 3087 addidit
447 3059 622 3088 Polancus.
