2020 3342
817 246 900 287 AN.
938 244 1028 286 1556
1667 243 1735 286 163

114 356 252 397 quem
269 345 425 387 statim
446 352 496 386 ut
514 345 628 386 uidit
645 352 880 396 aegrotus,
896 346 950 385 'se
968 344 1267 385 libentissime
1285 344 1373 395 ipsi
1389 344 1601 384 confiteri
1617 345 1734 384 uelle

114 423 307 468 peccata
324 417 486 469 inquit.
506 415 641 467 Quod
655 416 827 467 statim,
843 423 1033 467 propter
1050 415 1266 455 instantis
1283 416 1446 455 mortis
1461 415 1731 466 periculum,

115 499 207 527 non
224 488 414 528 distulit:
434 487 676 527 confessus
697 487 867 539 itaque,
892 498 946 526 ac
972 486 1201 537 pollicitus
1218 497 1282 535 se,
1306 498 1411 525 cum
1432 486 1633 537 primum
1654 497 1735 536 per

117 559 430 599 ualetudinem
446 565 616 610 posset,
641 559 697 598 ad
720 558 991 608 religionem
1014 557 1134 597 unde
1161 557 1440 597 discesserat
1462 557 1733 606 rediturum,

117 629 355 669 absolutus
372 630 575 678 tandem,
600 629 690 668 cito
712 636 874 680 postea
901 629 1121 679 migrauit
1145 628 1203 668 ad
1221 627 1605 679 Dominum2jam
1627 638 1735 678 qua-

118 699 425 750 dragenarius
447 706 561 749 erat,
587 706 633 739 ut
655 699 910 747 dicebatur,
940 711 1024 739 nec
1054 699 1207 738 minus
1228 698 1431 738 foetebat
1453 698 1545 738 iam
1566 698 1734 748 quatri-

118 771 313 810 duanus.
333 770 434 810 Deo
457 778 617 810 nostro
639 782 822 821 semper
843 771 901 810 sit
921 771 1087 820 gloria,
1112 770 1245 810 cuius
1271 769 1621 809 misericordiae
1642 780 1736 808 non

118 848 187 881 est
207 853 450 892 numerus;
473 853 563 881 non
587 841 709 881 enim
731 842 930 881 laetatur
951 842 998 881 in
1026 841 1284 892 perditione
1311 840 1624 889 morientium,
1657 838 1737 879 sed

118 912 268 963 magis
289 911 462 963 gaudet
482 912 528 952 in
551 912 856 952 conuersione
876 919 1194 964 peccatorum.

195 983 316 1023 M.ter
336 982 534 1023 Petrus¹
567 983 702 1023 docet
731 984 977 1034 plusquam
1010 989 1195 1023 centum
1229 982 1500 1034 discipulos,
1539 994 1737 1034 quorum

118 1053 375 1094 doctissimi
395 1053 758 1094 concordantias
780 1053 963 1094 discunt
984 1060 1027 1093 et
1048 1054 1310 1093 rudimenta
1328 1053 1620 1093 memoriter:
1639 1053 1738 1104 ipse

118 1135 299 1176 quoque
335 1125 458 1164 domi
493 1125 742 1165 ediscendo
776 1125 1133 1175 grammaticam
1170 1131 1214 1164 et
1244 1124 1565 1175 componendo
1596 1130 1736 1163 mate-

120 1196 239 1235 riam
274 1195 476 1247 aliquam
511 1196 652 1235 latine
687 1202 839 1236 uacat.
877 1195 1109 1235 Antonius
1144 1207 1256 1234 uero
1287 1200 1331 1234 et
1365 1193 1660 1234 mendicandi
1693 1200 1737 1233 et

117 1265 313 1316 emendi,
339 1278 457 1318 quae
478 1266 623 1306 uictui
642 1264 908 1306 necessaria
937 1272 1057 1316 sunt,
1091 1277 1252 1306 curam
1284 1265 1436 1305 habet.
1472 1265 1737 1304 Antoninus

118 1347 300 1388 quoque
331 1337 457 1376 circa
488 1348 557 1387 ea,
587 1348 705 1388 quae
727 1336 785 1376 ad
807 1337 1056 1388 coquinam
1085 1337 1332 1387 pertinent,
1358 1335 1560 1387 quotidie
1582 1347 1736 1375 uersa-

120 1414 208 1447 tur.
245 1407 588 1459 Nonnunquam
623 1414 778 1448 tamen
818 1414 862 1447 et
902 1408 1135 1447 Antonius
1174 1413 1217 1447 et
1257 1407 1523 1447 Antoninus
1559 1413 1602 1446 et
1638 1407 1736 1456 ipse

116 1477 165 1518 P.
189 1478 360 1519 Rector
381 1478 503 1519 ΜΝΟ
523 1478 660 1519 Petro
681 1478 937 1519 subsidium
959 1478 1126 1529 ferunt,
1151 1490 1256 1518 cum
1277 1479 1453 1518 nullum
1484 1478 1634 1517 maius
1662 1489 1735 1516 ne-

115 1550 302 1600 gocium
324 1556 495 1590 tenent.
520 1549 632 1590 Mihi
653 1561 837 1601 quoque
859 1549 1091 1590 interdum
1111 1550 1320 1589 laborem
1341 1550 1464 1588 leuat
1491 1548 1613 1588 idem
1639 1548 1736 1599 ipse

115 1619 164 1659 P.
188 1619 374 1671 Rector,
399 1620 507 1660 dum
528 1632 610 1671 per
631 1621 797 1661 horam
818 1621 1014 1671 singulis
1035 1620 1131 1660 fere
1152 1620 1312 1660 diebus
1338 1626 1518 1671 partem
1540 1619 1737 1670 discipu-

116 1692 284 1741 lorum,
321 1703 437 1743 quos
467 1692 565 1743 ipse
595 1691 741 1732 doceo
772 1691 1059 1742 inferiorem,
1097 1692 1336 1732 examinat
1370 1691 1495 1731 circa
1530 1691 1738 1742 ipsorum

117 1762 517 1814 compositionem,
542 1763 618 1814 qui
639 1768 801 1803 nostra
823 1762 909 1802 sub
931 1762 1176 1813 disciplina
1193 1769 1299 1802 sunt
1316 1773 1510 1802 numero
1529 1762 1655 1801 circa
1672 1761 1738 1800 vi·

116 1833 258 1884 ginti:
282 1845 397 1885 quos
418 1845 580 1874 omnes
601 1834 763 1873 diebus
785 1834 963 1873 saturni
985 1834 1105 1873 inter
1126 1846 1175 1873 se
1197 1834 1434 1884 disputare
1457 1833 1665 1872 iubemus
1683 1832 1737 1872 de

118 1904 256 1944 rebus
278 1905 348 1955 iis,
380 1917 496 1956 quas
526 1916 609 1956 per
638 1910 785 1945 totam
813 1904 939 1944 illam
969 1903 1310 1944 hebdomadam
1340 1904 1461 1943 inter
1491 1902 1738 1953 legendum

117 1975 341 2015 notarint.
374 1975 511 2016 Nulla
540 1976 654 2016 mihi
682 1982 869 2027 praeter
896 1977 1016 2015 hanc
1048 1976 1139 2015 alia
1170 1975 1393 2015 incumbit
1424 1985 1559 2024 cura;
1589 1985 1738 2025 neque

115 2046 237 2086 hanc
259 2053 415 2086 tamen
437 2048 585 2087 solam
606 2053 702 2087 tarn
723 2046 910 2087 sedulus
932 2058 1061 2096 curO,
1086 2053 1134 2086 ut
1156 2046 1270 2086 satis
1302 2046 1458 2086 debito
1489 2045 1503 2063 ²
1536 2045 1647 2085 mihi
1678 2045 1737 2084 fe-

116 2117 234 2157 cisse
256 2117 439 2158 uidear:
463 2118 544 2158 sed
564 2130 651 2158 nec
672 2118 772 2169 ipsa
794 2118 928 2158 nobis
949 2118 995 2157 in
1011 2117 1175 2157 melius
1193 2116 1445 2168 aliquando
1463 2115 1739 2168 proficiendi

115 2199 222 2240 spes
244 2187 407 2228 defuit:
433 2195 597 2228 contra
618 2201 691 2229 me
712 2190 864 2239 ipsum
886 2200 1060 2240 pugno,
1084 2188 1231 2228 donec
1254 2188 1455 2228 uincam.

194 2258 284 2299 Sed
305 2259 398 2299 iam
420 2259 475 2299 de
503 2260 673 2311 templo
709 2265 869 2300 nostro
905 2259 1130 2299 dicamus.
1168 2258 1266 2298 Iam
1301 2258 1566 2299 dealbatum
1587 2265 1657 2298 est
1680 2270 1738 2298 ex

117 2341 289 2381 magna
309 2337 457 2381 parte,
483 2343 537 2371 ac
560 2332 651 2371 cito
672 2331 770 2380 erit¹
796 2338 846 2371 ut
874 2341 1131 2381 speramus,
1163 2336 1325 2370 totum:
1357 2330 1502 2380 locus,
1533 2329 1610 2381 qui
1638 2341 1738 2381 pro-

118 2401 270 2441 ximus
291 2407 360 2442 est
381 2402 518 2442 altari
533 2413 729 2452 summo,
750 2402 951 2442 lateritio
968 2401 1235 2452 pauimento
1252 2401 1516 2441 substratus
1533 2406 1617 2451 est,
1636 2400 1741 2440 inde

118 2483 263 2523 usque
284 2471 342 2512 ad
363 2472 605 2523 fornicem,
631 2473 709 2524 qui
731 2480 799 2513 est
821 2473 868 2512 in
895 2473 1047 2512 medio
1083 2472 1257 2523 templi,
1291 2472 1528 2512 asseribus
1559 2483 1741 2523 quoque

119 2544 464 2594 complanatum
487 2551 556 2583 est
577 2545 741 2584 solum:
766 2551 1033 2583 astruentur
1059 2543 1195 2583 simul
1221 2543 1398 2593 sedilia,
1432 2554 1538 2583 cum
1560 2554 1742 2583 asseres

117 2613 287 2654 fuerint
308 2615 474 2654 siccati
492 2615 658 2665 magis.
683 2613 1009 2666 Superioribus
1026 2614 1188 2654 diebus
1209 2613 1529 2654 hebdomadae
1552 2619 1742 2653 sanctae

117 2683 175 2725 D.
197 2684 272 2725 ille
293 2685 574 2726 Laurentius
595 2684 624 2737 ⁵,
647 2686 701 2725 R.
740 2686 790 2726 P.
828 2686 880 2726 T.
917 2686 1203 2736 notissimus,
1243 2685 1518 2725 crucifixum
1553 2685 1743 2725 donauit

174 2821 184 2841 ¹
224 2821 260 2848 P.
282 2822 401 2849 Petrus
416 2821 580 2849 Pradene.

169 2868 184 2888 Ξ
220 2869 297 2896 Vox
312 2869 396 2896 haec
412 2869 540 2903 debito,
553 2870 580 2896 si
597 2870 732 2904 quidem
747 2870 796 2898 ita
811 2870 976 2904 scriptum
997 2874 1057 2901 est,
1078 2873 1271 2897 atramento
1296 2869 1366 2896 fere
1390 2872 1551 2903 cooperta
1574 2876 1639 2896 non
1662 2868 1745 2895 satis

120 2922 274 2951 apparet.

172 2963 186 2984 ⁵
223 2963 429 2993 Laurentius
444 2965 484 2993 de
498 2965 673 2999 Virilibus,
690 2974 788 3001 quem
802 2967 860 2993 vix
875 2966 1013 2993 dubium
1025 2973 1098 2993 esse
1111 2970 1224 3000 potest
1238 2973 1341 2993 unum
1352 2965 1570 2999 eumdemque
1587 2972 1661 2991 esse
1673 2971 1747 2991 cum

68 3040 71 3043 ,
121 3011 304 3040 Laurentio
320 3013 360 3040 de
376 3012 589 3047 Caste110(di
604 3013 764 3046 castello,
779 3014 836 3041 del
851 3013 1015 3047 Castz'llo).
1039 3013 1124 3040 Vide
1148 3013 1296 3040 PoiAnci
1321 3012 1522 3043 chronicon,
1544 3012 1747 3046 praesertim

122 3064 147 3085 t.
162 3066 207 3093 ιν,
222 3067 301 3094 pag.
315 3060 359 3094 23,
375 3068 407 3089 n.
423 3061 457 3088 27
471 3066 504 3088 et
520 3065 633 3090 annot.
648 3061 675 3089 3.
