2020 3342
243 267 312 305 292
753 265 977 307 LlriERAE
1004 275 1360 313 QUADRIMESTRES

242 364 355 405 R.11²0
384 365 519 418 hujus
553 367 681 407 vrbis
710 366 1078 418 Archiepiscopo
1112 365 1300 419 ejusque
1327 366 1521 407 Vicario
1550 363 1780 416 generali,
1815 370 1860 406 et

242 449 346 477 cum
376 438 478 477 aliis
506 438 662 478 multis
696 438 845 487 simul,
879 445 922 478 et
953 449 1059 478 cum
1090 437 1319 489 religiosis
1349 436 1564 477 ordinum
1594 435 1856 476 mendican-

239 508 368 558 tium,
389 515 432 548 et
450 509 631 548 clericis
650 510 771 560 (quia
789 509 835 549 hi
853 521 1013 549 omnes
1030 509 1076 549 in
1092 520 1176 549 nos
1198 508 1542 560 conspirarunt)
1562 508 1617 548 de
1634 513 1795 548 nostro
1811 507 1857 547 in

239 579 360 619 hanc
382 580 543 619 vrbem
562 580 728 620 reditu:
762 592 897 632 quem
927 592 1031 620 curn
1060 579 1254 620 Praesul
1281 579 1449 619 affectu
1481 590 1574 619 non
1600 578 1780 618 modico
1808 589 1857 617 50

238 649 503 690 desiderare
539 651 865 701 obtestaretur,
898 651 1017 691 inter
1057 657 1296 691 cateruam
1331 650 1465 690 nobis
1505 649 1856 690 aduersantium

239 721 515 761 clericorum
536 727 580 761 et
605 721 803 762 fratrum
824 721 1037 761 ordinum
1065 721 1383 773 praefatorum
1410 726 1644 760 oratorem
1673 719 1784 770 egit,
1807 725 1857 758 vt

239 791 304 831 eis
326 791 381 831 de
398 790 499 842 jure
528 798 688 832 nostro
710 803 848 844 super
876 792 946 843 iis,
972 792 1027 832 de
1054 792 1219 843 quibus
1247 792 1357 832 dicti
1385 802 1545 832 omnes
1565 791 1611 830 in
1642 801 1725 830 nos
1752 801 1856 830 con-

237 862 515 903 trouersiam
543 870 802 911 mouerant,
833 863 1150 915 persuaderet,
1174 874 1429 914 pacemque
1452 862 1572 902 inter
1598 872 1759 901 omnes
1785 860 1857 900 fir-

236 940 384 974 maret
405 933 559 985 (quam
580 946 665 974 nos
686 934 874 986 saepius
900 940 1038 975 antea
1065 934 1426 986 postulauimUS,
1459 932 1587 985 passi
1608 938 1765 972 tamen
1789 942 1857 971 re-

235 1004 447 1056 pulsam),
472 1005 594 1057 quod
614 1017 671 1045 ex
693 1011 825 1058 parte
854 1004 1251 1057 Archiepiscopus
1279 1004 1476 1045 obtinuit
1507 1016 1533 1043 a
1563 1002 1855 1055 quibusdam;

234 1076 292 1115 ab
315 1075 417 1115 aliis
437 1082 593 1116 autem
613 1076 864 1128 impetrare
886 1088 978 1117 non
999 1077 1162 1116 valuit.
1186 1076 1469 1117 Conclusum
1490 1080 1560 1114 est
1580 1074 1782 1124 tandem,
1806 1079 1858 1113 vt

235 1147 341 1198 (quo
367 1153 524 1198 posset
551 1147 649 1188 fieri
678 1147 830 1198 citius)
860 1147 1120 1188 rediremus
1149 1147 1208 1187 ad
1236 1147 1492 1198 propriam,
1524 1150 1568 1185 et
1596 1144 1641 1185 id
1673 1144 1857 1196 quidem

232 1217 451 1258 Praesule
471 1218 571 1269 ipso
593 1218 783 1270 eiusque
804 1219 1014 1270 generali
1033 1218 1226 1258 Vicario
1244 1228 1537 1268 summopere
1554 1227 1638 1268 pro
1656 1215 1727 1255 sui
1748 1215 1853 1255 libe-

232 1289 412 1329 ratione
435 1289 726 1340 cupientibus
748 1289 1228 1342 efflagitantibusque3.
1252 1288 1572 1340 arguebantur
1599 1287 1721 1326 enim
1743 1286 1857 1326 dure

233 1359 289 1398 ab
324 1359 577 1412 Hispaniae
613 1359 922 1401 Serenissima
953 1360 1293 1401 Gubernatrice
1322 1359 1457 1411 (quae
1488 1358 1544 1398 de
1570 1357 1776 1398 maxima
1809 1356 1856 1396 in

231 1444 316 1471 nos
345 1431 613 1483 amicosque
641 1438 828 1472 nostros
858 1433 1109 1472 commissa
1138 1431 1333 1472 saeuitia
1364 1430 1526 1470 intimo
1557 1428 1856 1481 'premebatur

231 1502 404 1553 dolore,
428 1504 618 1554 zeloque
650 1509 893 1543 exarserat
917 1501 1155 1554 justitiae).
1186 1502 1330 1543 Binae
1351 1508 1462 1542 tunc
1484 1502 1645 1541 literae
1673 1511 1699 1539 a
1720 1499 1855 1539 Prae-

231 1574 343 1614 sulis
365 1574 549 1614 officiali
576 1579 619 1614 et
647 1574 840 1615 Vicario
864 1575 1134 1626 supradicto
1162 1579 1453 1623 emanarunt,
1484 1572 1651 1625 quibus
1678 1577 1723 1611 et
1753 1582 1855 1611 cen-

231 1655 366 1684 suras
396 1651 560 1685 contra
587 1657 672 1685 nos
693 1651 737 1685 et
767 1646 882 1685 alios
911 1658 968 1685 ex
990 1645 1153 1685 eadem
1175 1656 1318 1685 causa
1339 1645 1459 1684 latas
1481 1643 1633 1683 nullas
1659 1653 1854 1694 prorsus

232 1726 348 1766 esse,
372 1721 415 1756 et
442 1716 714 1766 religionem
743 1723 953 1757 nostram
981 1716 1052 1767 (de
1074 1727 1165 1768 qua
1186 1715 1478 1766 exagitatum
1499 1720 1608 1754 tunc
1632 1713 1855 1765 temporis

230 1787 399 1837 vulgus
420 1787 649 1827 incertum
670 1787 863 1838 indigna
885 1787 1127 1827 dictitabat
1155 1786 1331 1836 auditu)
1353 1798 1380 1826 a
1408 1785 1718 1826 sanctissimis
1738 1784 1854 1825 Pon-

229 1857 428 1897 tificibus
442 1859 764 1910 approbatam,
779 1870 971 1910 nosque,
986 1858 1198 1898 eamdem
1214 1856 1499 1909 profitentes,
1515 1868 1572 1897 ex
1586 1867 1747 1896 eorum
1763 1855 1851 1907 pri-

208 1929 412 1980 'uilegiis
429 1929 564 1969 solita
585 1928 830 1969 Societatis
848 1928 1103 1969 ministeria
1120 1939 1341 1968 exercere
1358 1939 1494 1979 posse
1512 1927 1711 1978 professi
1727 1933 1849 1967 sunt:

228 2006 272 2040 et
292 1999 475 2040 litterae
495 2011 577 2051 per
608 2011 768 2040 omnes
796 2000 891 2040 fere
922 1999 1145 2040 ecclesias
1174 1999 1358 2050 publice
1384 1999 1619 2051 perlectae
1641 2003 1761 2048 sunt,
1795 2009 1853 2037 ex

227 2083 317 2122 quo
340 2071 428 2111 iam
454 2071 650 2123 populus
678 2072 843 2111 saltem
872 2071 1078 2111 exterius
1099 2070 1359 2110 mollificari
1389 2082 1447 2110 ex
1477 2069 1729 2121 praeterita
1751 2079 1851 2108 coe-

226 2142 293 2193 pit
314 2142 498 2192 duritia,
524 2148 662 2193 atque
684 2153 742 2182 ex
764 2140 944 2182 ardenti
965 2141 1209 2181 mitescere
1230 2141 1314 2181 ira.
1339 2140 1539 2181 Demum
1556 2139 1756 2180 restituti
1777 2150 1847 2179 su-

228 2224 329 2252 mus
350 2213 453 2252 vrbi
473 2214 620 2252 altero
642 2212 714 2253 die
728 2218 832 2264 post
852 2212 1063 2264 Virginis
1080 2212 1384 2252 Beatissimae
1401 2211 1703 2252 Natiuitatem
1721 2222 1851 2263 prae-

227 2283 434 2323 cedentis
455 2282 577 2323 anni.
607 2283 835 2324 Venimus
856 2290 1011 2323 autem
1033 2282 1368 2323 instantissime
1392 2282 1548 2322 vocati
1570 2289 1667 2322 tum
1690 2295 1717 2322 a
1738 2281 1851 2322 R.m0

224 2353 593 2405 Archiepiscopo
621 2353 811 2406 eJusque
842 2354 1050 2405 generali
1078 2352 1270 2394 Vicario
1303 2353 1395 2405 (qui
1418 2359 1461 2393 et
1490 2353 1536 2393 id
1564 2364 1851 2404 magnopere

222 2425 418 2475 curauit)
447 2431 543 2464 tum
574 2437 600 2464 a
630 2424 743 2465 R.1¹10
769 2425 1004 2481 Episcopo
1032 2424 1282 2474 Hoscensi,
1315 2424 1392 2475 qui
1424 2430 1586 2464 nostra
1615 2423 1851 2464 tractabat

221 2496 408 2545 negotia
431 2502 623 2547 paterno
648 2496 855 2547 miroque
878 2495 1060 2546 affectu,
1085 2495 1161 2547 qui
1183 2501 1227 2534 et
1249 2494 1477 2535 hactenus
1497 2494 1734 2546 perdurat.
1753 2494 1847 2535 Nec

220 2567 455 2618 potuimus
476 2567 581 2606 vllis
604 2567 813 2606 obtinere
830 2566 1061 2618 precibUS,
1085 2566 1195 2617 quin
1216 2565 1454 2617 praefatus
1484 2565 1631 2607 Dnus.
1658 2566 1848 2617 Episco-

219 2649 305 2688 pus
326 2644 369 2677 et
391 2637 626 2688 Vicarius,
651 2638 729 2689 qui
752 2645 796 2677 et
818 2637 978 2678 Abbas
999 2644 1083 2688 est,
1109 2648 1214 2677 curn
1234 2637 1466 2689 plerisque
1483 2637 1618 2678 huius
1639 2636 1847 2677 ciuitatis

219 2708 570 2758 magistratibus
609 2715 747 2759 atque
787 2708 1017 2748 nobilibus
1058 2707 1214 2747 multis
1253 2707 1696 2760 decurionibusque,
1740 2719 1846 2748 cum

218 2789 390 2829 magno
412 2778 583 2818 ciuium
604 2780 832 2830 applausu
854 2778 1074 2829 vulgique
1096 2778 1307 2818 mirantis
1326 2784 1532 2829 caterua,
1550 2766 1635 2818 nos
1653 2778 1843 2819 comita-

217 2855 377 2890 rentur
398 2861 424 2888 a
444 2855 579 2900 porta
596 2849 725 2889 vrbis
746 2860 890 2900 usque
915 2849 972 2888 ad
994 2848 1184 2888 domum
1201 2854 1423 2889 nostram.
1449 2849 1757 2889 Perstiterant
1773 2860 1845 2889 su-

216 2920 416 2971 pradicti
448 2920 507 2959 ad
537 2920 665 2959 vrbis
696 2920 958 2970 ingressum
995 2931 1076 2970 per
1112 2919 1287 2970 aliquot
1322 2920 1465 2960 horas
1496 2920 1843 2972 praestolantes

214 3003 316 3042 nos;
339 2991 420 3031 sed
442 2997 623 3031 tantum
643 3002 729 3030 nos
750 2990 973 3030 honorem
995 3001 1079 3041 pro
1102 3001 1242 3030 onere
1263 2990 1467 3033 maximo
1487 2990 1728 3041 ducentes,
1748 2990 1841 3031 iam

215 3063 378 3102 eodem
399 3061 471 3102 die
492 3068 537 3101 et
558 3061 776 3112 priuatim
797 3072 878 3111 per
900 3061 1072 3110 literas,
1092 3066 1136 3101 et
1156 3061 1338 3112 publice
1358 3072 1440 3112 per
1457 3061 1660 3103 nobilem
1680 3072 1839 3112 quem-
