2020 3342
844 250 925 289 AN.
962 251 1052 289 1556
1687 250 1756 287 483

136 348 274 391 Patre
295 349 583 402 pientissimo
610 355 748 401 atque
780 350 956 401 optimo
991 348 1185 398 medico,
1223 347 1487 396 collocaret,
1524 346 1755 386 cohortati

138 433 311 462 sumus.
335 421 455 472 Quid
475 422 590 462 tum?
610 421 768 461 uerbis
789 421 961 461 nostris
982 426 1160 461 tantam
1177 418 1314 459 fidem
1330 417 1504 467 habuit,
1526 423 1574 457 ut
1594 418 1758 468 paucis

137 498 243 544 post
276 491 450 542 diebus,
489 498 584 532 tam
618 492 836 532 diuturna
872 491 1163 542 aegritudine
1196 490 1405 539 liberata,
1444 488 1503 528 ad
1536 488 1757 539 templum

138 569 362 613 nostrum,
386 569 572 615 praeter
593 563 799 603 omnium
821 562 1099 613 opinionem,
1123 573 1172 601 se
1194 560 1453 609 contulerit,
1476 559 1630 610 ibique
1656 570 1758 598 sese

139 634 435 674 sanctissimo
472 633 645 674 Christi
679 645 875 685 corpore
909 633 1149 673 recrearit.
1185 631 1319 683 Quod
1355 643 1408 671 eo
1441 629 1759 670 admirabilius

138 705 237 753 fuit,
261 716 351 757 quo
373 705 526 756 magis
547 704 645 745 eius
666 704 763 744 uita
786 705 878 744 iam
900 704 977 744 diu
998 704 1055 744 ab
1084 703 1297 744 omnibus
1319 702 1559 753 deplorata
1591 699 1757 749 fuerat3

139 777 439 828 quamobrem
461 776 499 816 is
521 776 576 816 de
597 776 731 816 nobis
752 788 904 817 sermo
926 787 1007 827 per
1033 781 1180 815 totam
1210 774 1373 814 vrbem
1402 773 1654 823 dissipatus
1675 777 1759 811 est:

140 854 189 888 ut
229 848 266 888 si
305 847 383 899 qui
420 846 542 888 forte
582 848 736 899 aliquo
776 847 977 898 longiori
1015 845 1315 897 grauiorique
1354 844 1516 885 morbo
1555 842 1762 883 afflictati

140 925 309 966 essent,
333 918 392 958 ad
413 924 624 958 nostrum
645 919 871 959 auxilium
892 929 1117 970 opemque
1139 916 1460 967 confugerent,
1492 925 1574 954 suo
1596 913 1760 962 dolori,

140 989 276 1030 huius
297 989 448 1030 edocti
464 991 691 1041 exemplo,
712 990 965 1030 remedium
985 988 1157 1029 anobis
1177 987 1333 1027 afferri
1351 986 1655 1037 postulantes.
1674 983 1764 1025 Sed

141 1073 198 1101 ne
221 1061 375 1101 omnia
397 1061 614 1112 persequi
636 1062 754 1100 uelle
776 1061 953 1109 uidear,
978 1060 1067 1100 alio
1095 1070 1167 1099 me
1190 1058 1445 1098 conferam.

222 1131 309 1172 Vir
331 1132 518 1184 quidam
544 1132 859 1172 nobilissimus
893 1138 938 1172 et
968 1143 1073 1171 cum
1094 1130 1217 1171 omni
1251 1129 1551 1170 scientiarum
1578 1139 1763 1179 genere,

143 1212 240 1244 tum
260 1203 551 1255 potissimum
572 1203 618 1243 in
639 1203 710 1243 his
731 1203 910 1252 studiis,
936 1214 1053 1254 quae
1075 1201 1133 1242 ad
1155 1201 1489 1241 humanitatem
1516 1200 1764 1251 pertinent,

145 1275 355 1327 apprime
379 1281 608 1325 uersatus,
633 1286 738 1315 cum
760 1273 817 1314 ad
840 1285 958 1324 eum,
979 1278 1238 1323 aegrotum,
1264 1272 1319 1312 de
1340 1277 1503 1311 nostra
1532 1271 1578 1310 in
1606 1281 1767 1311 omnes

145 1346 372 1387 charitate
395 1347 460 1394 (ut
482 1346 569 1397 ipsi
590 1346 912 1397 loquebantur)
935 1350 1057 1384 esset
1087 1345 1291 1391 allatum,
1324 1342 1518 1383 summis
1552 1341 1767 1393 precibus

144 1417 254 1468 egit,
279 1423 327 1457 ut
348 1428 453 1457 eum
474 1416 796 1466 inuiseremus,
821 1415 944 1467 quod
966 1428 992 1455 a
1014 1415 1146 1455 nobis
1168 1414 1372 1454 maxima
1394 1413 1539 1465 ipsius
1560 1413 1768 1453 consola·

146 1488 270 1528 tione
291 1487 467 1528 factum
494 1493 579 1528 cst:
609 1493 856 1537 tantopere
886 1486 1010 1526 enim
1038 1485 1210 1526 nostris
1239 1484 1482 1536 colloquiis
1509 1484 1770 1524 oblectatus

146 1565 229 1610 est,
255 1564 303 1599 ut
325 1571 430 1599 cum
450 1571 544 1599 non
565 1559 679 1598 satis
700 1558 787 1599 sibi
808 1557 1044 1598 uideretur
1066 1568 1198 1596 suam
1225 1567 1339 1607 erga
1368 1567 1452 1596 nos
1480 1556 1768 1596 uoluntatem

147 1630 301 1671 uerbis
323 1629 578 1678 declarare,
599 1629 739 1669 etiam
762 1628 884 1680 apud
912 1639 995 1668 nos
1023 1634 1240 1668 testatam
1267 1627 1528 1678 relinquere
1554 1626 1766 1666 uoluerit.

145 1702 304 1753 Itaque
326 1701 481 1741 omnia
499 1700 738 1741 Ciceronis
755 1711 897 1751 opera
914 1699 1046 1739 nobis
1064 1699 1185 1738 dono
1203 1698 1341 1746 dedit,
1361 1704 1405 1737 et
1420 1697 1509 1738 illis
1526 1698 1771 1738 nonnullos

148 1772 264 1813 alios
286 1772 428 1812 libros
458 1772 642 1822 adiecit;
677 1777 866 1823 postero
898 1770 970 1810 die
998 1769 1124 1810 Patri
1158 1776 1319 1810 nostro
1351 1781 1435 1809 sua
1456 1775 1650 1820 peccata
1678 1780 1772 1809 ma-

147 1844 274 1884 ximo
296 1843 451 1884 cordis
475 1842 634 1883 dolore
655 1842 897 1882 confessus
927 1847 1012 1891 est,
1045 1841 1177 1892 eique
1205 1851 1310 1880 cum
1338 1840 1583 1891 pecuniam
1610 1840 1773 1890 largiri

146 1915 297 1964 uellet,
316 1926 402 1954 nec
415 1913 551 1953 Pater
565 1912 844 1962 admitteret,
868 1918 1031 1952 contra
1048 1923 1159 1952 uero
1177 1911 1274 1963 ipse
1293 1911 1443 1961 magis
1460 1917 1598 1962 atque
1620 1910 1772 1962 magis

148 1986 357 2036 instaret,
381 1997 435 2025 ea
457 1985 646 2025 tandem
666 1984 931 2024 conditione
953 1983 1148 2034 accepit,
1170 1990 1216 2023 ut
1233 1982 1515 2034 pauperibus
1537 1987 1769 2034 erogaret.

149 2056 474 2097 Praetermitto
509 2062 682 2108 quanta
717 2066 802 2095 nos
837 2054 943 2095 inde
985 2054 1309 2094 beneuolentia
1351 2059 1660 2105 prosequutus
1697 2054 1770 2103 sit,

150 2139 381 2180 quamque
415 2127 587 2168 nostris
623 2126 880 2167 commodis
914 2125 1263 2177 paratissimum
1296 2125 1603 2165 inueniamus.
1633 2125 1773 2165 Bene·

151 2200 302 2240 dictus
323 2199 466 2249 DeuS,
491 2211 518 2239 a
540 2210 630 2250 quo
653 2209 789 2238 omne
816 2197 977 2238 datum
999 2197 1223 2248 optimum
1245 2203 1289 2236 et
1319 2196 1490 2236 donum
1518 2195 1775 2248 perfectum

153 2269 406 2312 descendit.

231 2342 335 2382 Huc
357 2341 539 2382 accedit
562 2341 930 2393 quamplurimos
951 2339 1305 2380 honestissimos
1327 2339 1468 2390 ciues,
1493 2350 1597 2380 curn
1618 2339 1664 2379 in
1686 2340 1776 2391 ple-

153 2413 309 2465 risque
327 2412 385 2453 ad
402 2412 615 2464 spiritum
632 2411 934 2452 attinentibus
951 2411 1103 2461 rebus,
1123 2416 1220 2451 tum
1241 2422 1352 2451 uero
1371 2411 1415 2451 in
1432 2410 1545 2462 ipsis
1563 2417 1777 2461 aegrota·

154 2484 369 2532 tionibus,
393 2494 511 2534 quae
534 2483 805 2523 innumerae
825 2482 921 2522 fere
943 2488 1063 2531 sunt,
1086 2487 1248 2522 nostra
1271 2493 1413 2533 opera
1435 2481 1513 2522 uti·
1537 2481 1656 2522 Nam
1680 2482 1777 2521 siue

155 2554 380 2604 confiteri,
405 2555 503 2594 siue
524 2554 628 2594 lites
651 2564 945 2604 componere,
968 2553 1065 2593 siue
1082 2553 1128 2592 in
1141 2553 1346 2603 gratiam
1363 2564 1467 2593 cum
1489 2552 1592 2593 aliis
1609 2553 1776 2602 redire,

154 2625 251 2666 siue
274 2625 427 2677 aliquo
449 2625 646 2676 spiritali
668 2636 883 2664 sermone
902 2624 1122 2675 colligere
1150 2635 1253 2664 sese
1280 2624 1438 2675 uelint,
1472 2636 1556 2664 nos
1588 2623 1777 2673 adeunt,

155 2708 240 2736 nos
279 2696 613 2736 intercessores
655 2695 925 2746 efflagitant.
963 2694 1093 2735 Multi
1131 2700 1374 2746 praeterea
1408 2695 1699 2745 sacerdotes,
1740 2695 1779 2734 si

156 2779 294 2819 quarn
333 2767 379 2806 in
407 2767 478 2806 his
518 2766 672 2815 rebus,
715 2778 833 2818 quae
874 2766 933 2805 ad
973 2772 1167 2816 peccata
1206 2765 1517 2817 diiudicanda,
1556 2772 1694 2817 atque
1723 2765 1781 2805 ad

158 2838 473 2879 conscientiae
503 2837 566 2887 (ut
601 2837 745 2887 aiunt)
777 2849 915 2877 casus
945 2837 1192 2888 pertinent,
1231 2837 1566 2878 dubitationem
1593 2837 1778 2887 habent,

157 2921 242 2950 nos
276 2910 548 2959 consulunt,
586 2908 830 2948 nobiscum
870 2920 950 2948 sua
990 2908 1144 2948 omnia
1180 2908 1376 2948 consilia
1418 2908 1780 2957 communicant,

160 2992 335 3032 nosque
357 2992 436 3021 eos
459 2991 562 3021 esse
583 2980 804 3030 iudicant,
824 2979 901 3031 qui
922 2979 980 3019 ab
1002 2990 1162 3019 eorum
1190 2979 1357 3020 animis
1385 2990 1569 3019 omnem
1591 2990 1780 3030 scrupu-

161 3052 254 3092 lum
282 3053 495 3102 eueHere,
520 3063 794 3102 omnemque
817 3050 1152 3091 dubitationem
1173 3051 1333 3090 tollere
1362 3050 1607 3102 possimus.
