2020 3342
847 239 929 276 AN.
967 238 1058 277 1556
1693 241 1763 277 557

139 333 292 384 magis
313 333 372 374 ad
393 345 643 385 puerorum
665 340 884 387 parentes
907 337 1104 377 attinere
1124 334 1358 383 videatur,
1378 334 1592 375 hortatur
1615 347 1693 375 eos
1714 342 1762 376 ut

140 405 263 446 idem
283 405 493 456 patribus
509 405 762 446 inculcent:
781 406 934 457 itaque
956 406 1034 446 filii
1050 412 1236 457 patrum
1256 405 1370 445 fiunt
1388 405 1758 455 concionatores,

141 475 278 526 quod,
312 479 364 515 ut
393 475 607 516 omittam
637 477 893 517 maximum
923 477 1111 527 afferre
1141 477 1524 526 emolumentum,
1554 487 1763 517 summae

140 549 297 586 tamen
314 552 383 586 cst
400 547 614 587 omnibus
631 547 944 588 admirationi.
964 547 1080 588 Sunt
1093 553 1136 587 et
1149 547 1227 587 alii
1239 547 1379 587 etiam
1391 547 1481 587 duo
1498 559 1556 587 ex
1573 547 1759 597 nostris,

141 617 217 668 qui
240 617 330 657 alio
347 617 392 657 in
410 618 598 669 templo,
620 618 823 658 maxima
841 629 945 658 cum
964 618 1227 658 auditorum
1244 618 1457 667 utilitate,
1480 617 1650 668 legunt
1672 618 1763 658 die-

139 687 226 728 bus
246 688 405 728 itidem
427 687 671 729 dominicis
700 701 755 729 ac
776 689 926 730 festis:
957 689 1114 740 itaque
1141 694 1324 740 semper
1351 688 1549 728 m'tl'mm‘
1570 689 1762 729 uerbum

139 758 232 799 Dei
265 758 430 810 ubique
463 759 791 800 disseminare.
830 760 981 800 Faxz't
1015 760 1146 800 Deus
1184 763 1235 800 ut
1276 760 1465 800 tandem
1505 759 1760 810 aliquando

128 830 332 880 fructus
353 831 616 871 uberrimos
633 831 936 882 colligamus

220 900 354 942 Pater
376 901 572 942 Iacobus
596 901 605 921 ¹
628 902 829 953 primum
849 913 1036 943 sacrum
1057 902 1310 942 celebrauit
1331 902 1512 954 publice
1543 902 1589 942 in
1617 902 1760 942 eccle-

136 972 220 1022 sia,
239 983 357 1023 quae
374 984 467 1013 non
483 973 622 1024 longe
640 985 667 1013 a
684 973 884 1023 collegio
902 978 1061 1014 nostro
1081 973 1224 1020 abest3
1246 974 1398 1024 ibique
1415 973 1553 1014 Pater
1569 973 1757 1019 Rector,

138 1055 243 1084 cum
280 1043 504 1084 offerendi
538 1049 719 1096 tempus
754 1045 1045 1096 accessisset,
1084 1045 1388 1085 concionatus
1417 1050 1500 1095 est,
1533 1045 1761 1085 extollens

138 1115 398 1155 sacerdotis
433 1115 727 1166 dignitatem,
765 1123 1032 1168 quantaque
1066 1122 1187 1157 esset
1220 1116 1484 1157 reuerentia
1520 1115 1758 1156 colendus.

138 1184 318 1228 Deinde
341 1187 596 1238 discipulus
617 1187 806 1239 quidam
831 1187 979 1228 Patris
1000 1188 1154 1228 Iacobi
1176 1188 1335 1228 habuit
1365 1188 1623 1228 orationem
1646 1187 1760 1227 eius-

141 1256 245 1297 dem
280 1257 376 1298 fere
412 1258 698 1309 sententiae,
737 1270 896 1299 coram
930 1259 1158 1310 frequenti
1192 1258 1513 1305 multitudine,
1551 1269 1668 1310 quae
1699 1257 1760 1297 ibi

137 1329 314 1369 aderat.
337 1328 629 1370 Mirabantur
646 1330 854 1382 plerique
876 1342 1016 1382 quam
1039 1331 1095 1370 ob
1117 1341 1310 1370 causam
1329 1329 1472 1381 (quod.
1487 1335 1671 1379 semper
1688 1329 1761 1369 llic

124 1400 246 1451 fleri
262 1399 400 1449 solet)
422 1402 597 1441 nullam
619 1408 888 1452 pateremur
909 1401 1066 1442 offerri
1082 1402 1344 1453 pecuniam,
1365 1401 1489 1452 qnod
1505 1401 1688 1452 quidem
1706 1401 1760 1440 ab

137 1472 351 1512 omnibus
373 1472 672 1524 probabatur,
697 1473 985 1524 experientia
1006 1474 1106 1525 ipsa
1129 1485 1178 1513 eo
1200 1478 1313 1514 tunc
1333 1480 1656 1524 cognouerunt
1676 1485 1761 1512 nos

135 1554 228 1583 non
250 1555 350 1593 sua,
375 1544 457 1584 sed
478 1555 558 1584 eos
577 1550 759 1585 tantum
785 1557 1027 1596 quaerere.

216 1613 366 1655 Credo
394 1614 486 1655 iam
514 1615 851 1656 Paternitatem
883 1616 1030 1656 Tuam
1062 1616 1165 1656 aliis
1190 1616 1305 1656 meis
1332 1615 1478 1656 literis
1504 1616 1758 1668 accepisse,

136 1685 406 1726 chartarum
434 1686 543 1727 ludo
579 1687 771 1727 huiusce
793 1687 998 1727 ciuitatis
1019 1687 1229 1728 homines
1263 1698 1558 1738 summopere
1581 1687 1762 1727 deditos

136 1767 252 1806 esse;
277 1758 754 1810 consuetudinemque
776 1759 896 1799 hanc
919 1760 1170 1810 pessimam
1191 1759 1237 1798 in
1259 1760 1454 1799 alteram
1475 1759 1618 1798 veluti
1635 1765 1763 1798 natu-

136 1840 238 1869 ram
259 1840 362 1869 esse
383 1840 678 1881 conuersam;
702 1841 854 1881 quam,
880 1831 986 1871 licet
1009 1831 1208 1881 expellat
1234 1829 1388 1881 furca,
1413 1836 1461 1870 ut
1482 1830 1556 1870 ille
1586 1830 1665 1880 ait,
1698 1837 1761 1870 ta-

138 1912 242 1940 men
259 1912 404 1952 usque
422 1902 622 1941 recurrit
638 1901 665 1952 Ξ;
685 1913 804 1953 quae
820 1902 947 1942 labes
965 1908 1190 1953 quantum
1206 1901 1369 1942 afferat
1387 1901 1666 1951 detrimenti,
1691 1902 1762 1941 uel

135 1971 244 2012 hinc
265 1972 467 2012 maxime
489 1972 685 2023 intelligi
708 1979 876 2023 potest,
900 1973 1121 2024 quoniam
1151 1972 1411 2013 tenuissimi
1434 1973 1602 2023 quique
1625 1978 1763 2023 atque

135 2043 441 2094 pauperrimi,
475 2044 553 2095 qui
573 2056 657 2095 per
678 2049 824 2084 totam
847 2043 1187 2084 hebdomadam
1208 2043 1446 2083 laboribus
1466 2043 1762 2094 franguntur,

134 2125 224 2165 quo
241 2115 421 2166 possint
438 2115 616 2154 victum
634 2115 721 2155 sibi
740 2126 1032 2166 comparare,
1054 2121 1184 2155 tanta
1201 2120 1420 2154 tenentur
1436 2115 1623 2155 ludendi
1640 2115 1764 2166 cupi-

135 2184 300 2235 ditate,
325 2191 375 2225 ut
397 2185 559 2226 diebus
578 2186 731 2237 festis,
757 2186 977 2238 quicquid
997 2186 1204 2226 maximo
1232 2197 1337 2226 cum
1362 2186 1520 2226 labore
1543 2186 1764 2237 acquisie-

134 2262 256 2306 runt,
293 2256 547 2308 dilapident
582 2263 720 2308 atque
756 2257 1055 2308 profundant.
1094 2257 1215 2297 Huic
1251 2258 1367 2297 adeo
1405 2258 1670 2309 pernicioso
1711 2268 1766 2297 ac

135 2327 396 2368 inueterato
419 2328 581 2368 morbo
610 2328 781 2368 fratres
810 2329 957 2368 nostri
984 2328 1224 2379 cupientes
1253 2328 1455 2380 aliquam
1478 2328 1766 2368 curationem

136 2397 318 2449 afferre,
356 2410 540 2439 omnem
564 2399 703 2450 (quod
735 2399 879 2449 aiunt)
907 2406 1155 2439 mouerunt
1192 2399 1407 2451 lapidem,
1431 2411 1516 2439 nec
1539 2399 1768 2439 desistunt

136 2469 310 2519 adhuc;
341 2470 572 2521 quinimo,
604 2470 834 2510 desiderio
864 2471 1028 2510 salutis
1056 2471 1319 2511 animarum
1350 2471 1552 2510 maiores
1589 2471 1635 2510 in
1670 2470 1767 2510 dies

134 2541 260 2580 vires
281 2541 467 2591 spiritui
487 2542 831 2592 suppeditante,
855 2542 1083 2582 cursitant
1106 2554 1186 2593 per
1218 2542 1346 2582 urbis
1368 2543 1470 2582 loca
1490 2542 1767 2592 flagranses

133 2611 294 2651 diuino
322 2623 503 2659 amore,
526 2613 746 2664 oblitique
774 2613 1070 2663 suiipsorum,
1100 2614 1302 2653 libenter
1329 2619 1466 2664 atque
1497 2625 1645 2664 aequo
1673 2613 1766 2652 ani-

134 2694 208 2722 mo
236 2682 392 2723 ferunt
419 2683 683 2733 maledicta,
718 2695 836 2734 quae
866 2684 912 2723 in
939 2683 1066 2735 ipsos
1098 2685 1155 2724 ab
1184 2684 1408 2735 improbis
1436 2684 1763 2724 coniiciuntur.

132 2752 347 2806 Denique
369 2766 460 2806 quo
493 2754 722 2794 difficilior
750 2761 820 2794 est
848 2754 963 2794 haec
994 2755 1258 2806 prouincia,
1291 2767 1431 2807 quam
1462 2755 1675 2805 subeunt,
1713 2767 1764 2794 eo

188 2915 195 2933 ¹
237 2915 270 2941 P.
287 2914 445 2947 jacobus,
472 2922 573 2950 quem
592 2914 771 2941 Pomxcus
794 2915 826 2942 in
843 2915 1020 2948 Chronico,
1035 2920 1058 2944 t.
1074 2924 1121 2947 v1,
1138 2916 1292 2950 Doegius
1307 2917 1470 2951 appellat,
1487 2916 1766 2945 BRAUNSRERGER.

134 2962 156 2989 l.
173 2969 212 2994 c.,
225 2969 303 2996 pag.
316 2962 369 2989 401
382 2967 415 2990 et
427 2962 492 2996 405,
504 2967 537 2989 et
550 2961 706 2995 Ham-sex,
723 2962 939 2989 Rlzez'm'sclze
955 2963 1079 2995 Aleten,
1094 2971 1171 2997 pag.
1186 2963 1248 2998 238,
1265 2963 1481 2997 Dogz'us.—Is
1494 2963 1639 2990 Lovauii
1655 2963 1766 2991 fuerat

140 3016 252 3036 mense
264 3009 353 3042 Julio
367 3010 445 3037 anni
463 3010 543 3037 1553.

190 3056 203 3076 ²
242 3056 428 3084 “Naturam
444 3058 600 3092 expellas
616 3059 723 3093 furca,
741 3064 852 3087 tamen
869 3067 973 3094 usque
989 3059 1284 3095 recurret.„H0R.,
1300 3059 1363 3095 Ep.
1380 3060 1435 3087 lib.
1454 3067 1473 3093 1,
1489 3067 1519 3091 x.
1537 3067 1569 3086 v.
1585 3060 1627 3086 24.
