2020 3342
817 263 900 310 ΑΝ.
931 260 1021 310 1556
1297 310 1301 312 .
1657 272 1726 309 409

104 370 362 415 tormittens
383 384 560 424 eorum,
584 384 703 424 quae
726 371 992 411 necessaria
1014 369 1313 418 uidebantur,
1340 366 1487 407 donec
1516 367 1722 416 tandein,

104 445 311 497 pcccatis
349 456 430 496 per
466 443 807 484 confessionem
842 441 1051 491 ablutus,
1089 446 1134 480 et
1169 440 1289 480 almo
1324 438 1496 479 uiatico
1532 444 1724 477 sanctae

105 515 442 556 communionis
463 514 682 564 munitus,
706 519 753 553 ut
770 512 885 562 dixi,
909 511 1135 552 foeliciter
1156 510 1296 550 cessit
1317 510 1363 550 in
1385 509 1600 549 Domino.

183 586 315 627 Nunc
336 585 391 626 de
412 586 557 626 fratre
578 591 738 625 nostro
761 583 968 624 Antonio
1002 581 1009 600 ¹
1036 581 1282 622 dicendum
1303 581 1506 630 uidetur,
1532 580 1610 631 qui
1631 578 1722 620 offi-

105 659 224 699 cium
248 658 493 708 diligenter
516 657 625 706 obit,
651 655 773 708 quod
796 666 978 706 semper
999 654 1182 704 habuit,
1207 652 1406 702 scilicet,
1432 650 1728 691 mendicandi

105 741 186 780 per
208 729 385 778 urbem,
410 727 591 768 emendi
611 727 758 767 uictui
779 725 1071 775 necessaria,
1096 730 1141 765 et
1163 729 1349 764 caetera
1371 723 1462 762 alia
1483 722 1639 762 omnia
1669 720 1725 761 ad

104 806 458 852 procuratorem
480 798 643 839 domus
666 798 737 838 uel
761 796 957 847 Collegii
980 795 1271 848 pertinentia,
1295 794 1455 834 sedulo
1477 792 1729 845 prouidens

103 878 240 923 atque
262 870 608 919 administrans,
633 875 681 909 ut
706 874 830 909 certe
853 868 967 908 nihil
988 867 1120 908 nobis
1142 866 1323 915 deesse,
1349 864 1448 906 Deo
1477 865 1541 905 ita
1572 864 1725 904 iuben-

105 948 164 992 te,
188 941 418 982 uideatur.

183 1012 287 1065 Jam
316 1012 355 1052 si
382 1012 436 1052 de
465 1012 694 1052 charitate
724 1024 777 1053 ac
807 1011 1054 1052 deuotione
1090 1008 1293 1049 omniurn
1328 1008 1424 1048 fere
1454 1006 1727 1058 Tyburtino-

105 1094 222 1132 rum,
247 1094 336 1134 qua
361 1082 448 1134 ipsi
470 1094 555 1122 nos
577 1095 736 1123 omnes
759 1082 1129 1133 complectuntur
1150 1085 1288 1131 atque
1310 1078 1563 1128 honorant,
1583 1076 1730 1128 deque

107 1154 333 1205 imprimis
355 1153 408 1193 R.
433 1153 490 1194 D.
516 1153 735 1205 Episcopi
756 1152 1002 1205 Tyburtini
1025 1163 1079 1191 ac
1101 1149 1440 1191 Gubernatoris
1461 1148 1489 1199 2,
1514 1148 1592 1200 qui
1608 1159 1730 1188 nunc

111 1225 246 1266 alteri
268 1224 559 1277 prouinciam
581 1224 734 1275 cessit,
760 1224 814 1264 de
836 1235 925 1275 quo
947 1235 1039 1263 non
1060 1222 1213 1262 minus
1235 1231 1492 1272 speramus,
1517 1230 1629 1270 erga
1647 1230 1731 1259 nos

111 1295 435 1336 beneuolentia
456 1295 839 1345 contestabimur,
861 1294 998 1334 finem
1020 1292 1203 1333 dicendi
1223 1291 1462 1331 faciemus.

186 1366 256 1407 Tu
278 1379 406 1417 uero,
430 1366 528 1407 Κᾶρ-
555 1367 602 1406 in
622 1366 743 1418 Xpo.
767 1365 919 1415 Pater,
945 1364 983 1404 si
1004 1375 1089 1404 nos
1118 1374 1284 1414 parum
1316 1362 1494 1402 fructus
1521 1361 1609 1401 hoc
1642 1360 1729 1400 ela-

112 1450 197 1490 pso
220 1438 547 1490 quadrimestri
576 1437 785 1477 attulisse
813 1435 1046 1484 censebis,
1078 1441 1185 1474 tuae
1220 1433 1304 1473 erit
1334 1434 1407 1472 uel
1434 1438 1656 1484 paternae
1685 1431 1731 1471 in

107 1521 192 1550 nos
210 1509 485 1559 dilectionis,
505 1509 578 1549 uel
598 1508 879 1560 generaliter
897 1507 943 1547 in
961 1517 1135 1556 omnes,
1150 1504 1393 1545 charitatis
1407 1503 1558 1544 Deum
1576 1514 1728 1552 orare,

108 1587 158 1620 ut
193 1580 257 1620 ita
292 1580 427 1620 nobis
462 1580 701 1631 ignoscat,
739 1579 805 1619 uti
839 1585 883 1619 te
918 1578 1011 1617 iam
1045 1577 1282 1628 ignouisse
1322 1587 1414 1615 non
1449 1574 1729 1624 dubitamus,

114 1652 326 1703 quamuis
347 1651 524 1701 indigni
542 1651 695 1701 uenia,
715 1656 758 1690 et
775 1661 831 1690 nc
853 1649 1077 1689 talentum
1095 1661 1120 1687 a
1139 1647 1271 1687 nobis
1288 1646 1482 1697 auferat,
1507 1646 1616 1698 quin
1637 1651 1732 1685 tan-

108 1730 203 1763 tum
226 1723 378 1774 potius
399 1722 444 1762 in
467 1722 564 1762 dies
586 1721 768 1772 gratiae
790 1732 902 1760 suae
923 1720 1060 1759 nobis
1082 1718 1308 1768 infundat,
1333 1724 1382 1758 ut
1400 1717 1477 1769 qui
1495 1717 1585 1757 duo
1604 1728 1731 1756 acce-

109 1795 242 1846 perit,
268 1800 481 1845 quatuor;
506 1800 549 1833 et
570 1793 649 1844 qui
671 1792 886 1844 quinque,
912 1791 1086 1840 decem,
1111 1795 1155 1829 et
1185 1789 1262 1841 qui
1284 1790 1439 1840 plura,
1472 1788 1630 1828 itidem
1652 1787 1734 1827 du-

109 1867 184 1917 plo
221 1866 351 1916 plura
388 1865 433 1904 in
469 1863 541 1904 die
573 1862 835 1903 reddendae
867 1861 1062 1902 rationis
1102 1867 1208 1900 ante
1249 1859 1516 1912 aequissimi
1553 1857 1733 1911 Judicis

112 1936 405 1976 Maiestatem
426 1936 547 1974 laeto
573 1934 727 1974 animo
749 1934 935 1982 referat,
959 1938 1002 1972 et
1025 1931 1283 1983 praemium
1304 1930 1583 1981 centuplum,
1610 1927 1734 1980 quod

110 2007 242 2047 bonis
268 2005 646 2057 negociatoribus
674 2004 957 2056 promissum
984 2008 1161 2052 manet,
1194 2001 1382 2041 tandem
1411 1999 1731 2052 unusquisque

110 2084 320 2118 nostrum
342 2077 566 2117 foeliciter
588 2082 915 2127 consequatur.

188 2149 379 2200 Tyburi,
403 2147 474 2188 die
496 2147 763 2188 Natiuitatis
785 2146 897 2186 Bm
922 2156 1105 2197 semper
1127 2144 1337 2195 Virginis
1360 2143 1536 2183 Mariae
1562 2140 1676 2182 1556.

323 2219 376 2260 R.
401 2219 450 2260 P.
474 2219 525 2259 Τ.
551 2219 598 2258 in
619 2218 740 2269 Xpo.
764 2217 883 2258 filius
906 2229 960 2256 ac
988 2227 1151 2256 seruus
1175 2215 1363 2266 inutilis,

1235 2321 1522 2363 STEPHANUS.

195 2505 547 2558 Superscrz'ptz'o
569 2505 619 2545 in
641 2507 813 2556 quarta
838 2502 1045 2555 pagina:
1066 2501 1096 2553 -ξ-
1117 2501 1383 2542 Admodum
1409 2499 1509 2541 R.d0
1539 2500 1581 2540 in
1611 2499 1738 2540 Chri-

116 2584 185 2618 sto
221 2577 348 2618 Patri
381 2577 501 2617 ΜΕΝ)
538 2575 714 2629 Jacobo
754 2575 964 2625 Laynes‚
1005 2572 1194 2614 Vicario
1236 2571 1456 2612 Generali
1492 2570 1740 2611 Societatis

117 2648 241 2701 Jesu,
264 2648 457 2688 Rornae.

196 2718 308 2758 Alia
331 2729 492 2758 malm:
518 2716 632 2757 1556.
657 2716 848 2768 Tyburi.
873 2715 1222 2766 Quadrimestre
1243 2713 1268 2754 S
1290 2712 1589 2765 Septembris.

209 2788 471 2840 Vestigium
493 2799 624 2828 cerae
644 2786 814 2838 sigilli.

172 2947 183 2968 ¹
222 2948 259 2976 F.
277 2948 427 2976 Antonio
442 2948 481 2975 de
497 2948 641 2976 Robore.

171 2996 185 3015 2
222 2996 295 3023 Duo
311 2996 416 3024 etiam
430 2996 493 3023 hoc
511 3003 598 3023 anno
613 2995 706 3022 fuere
723 2994 978 3021 Gubernatores
994 2993 1093 3020 electi
1108 2992 1141 3019 in
1156 2992 1238 3020 urbe
1255 2991 1400 3027 Tybure,
1411 2991 1504 3026 prior
1516 2991 1667 3024 Angelus
1683 2990 1745 3017 Pa-

119 3043 202 3070 luzzi
219 3044 257 3070 de
275 3043 464 3075 Albcrtoni.
482 3043 652 3078 posterior
666 3042 890 3076 Hieronymus
901 3040 1272 3074 Altieri.Gmsrm1Am‚
1284 3038 1348 3066 De’
1368 3038 1511 3066 Vescovi
1522 3039 1553 3065 et
1569 3038 1746 3064 Guberna-

121 3092 191 3118 ton·
205 3091 241 3118 di
262 3090 386 3122 Ttvolt',
400 3098 477 3125 pag.
495 3091 618 3118 161-104.
636 3107 648 3109 -
660 3090 745 3117 Vide
761 3090 862 3117 etiam
881 3089 1025 3115 Pomxci
1043 3088 1245 3118 Cimona-ou,
1259 3092 1283 3114 t.
1298 3095 1330 3117 v.
1348 3093 1424 3120 pag.
1440 3086 1483 3119 52,
1501 3089 1612 3113 annot.
1630 3086 1655 3111 2.
