<?xml version="1.0" encoding="UTF-8"?>
<!DOCTYPE html PUBLIC "-//W3C//DTD XHTML 1.0 Transitional//EN"
    "http://www.w3.org/TR/xhtml1/DTD/xhtml1-transitional.dtd">
<html xmlns="http://www.w3.org/1999/xhtml" xml:lang="en" lang="en">
 <head>
  <title>
</title>
<meta http-equiv="Content-Type" content="text/html;charset=utf-8" />
  <meta name='ocr-system' content='tesseract 3.04.00' />
  <meta name='ocr-capabilities' content='ocr_page ocr_carea ocr_par ocr_line ocrx_word'/>
</head>
<body>
  <div class='ocr_page' id='page_1' title='image "./litteraequadrime16lain_0331.png"; bbox 0 0 2020 3342; ppageno 0'>
   <div class='ocr_carea' id='block_1_1' title="bbox 895 221 1800 261">
    <p class='ocr_par' dir='ltr' id='par_1_1' title="bbox 895 221 1800 261">
     <span class='ocr_line' id='line_1_1' title="bbox 895 221 1800 261; baseline 0.003 -3"><span class='ocrx_word' id='word_1_1' title='bbox 895 221 973 259; x_wconf 80' lang='grc' dir='ltr'>ΑΝ.</span> <span class='ocrx_word' id='word_1_2' title='bbox 1005 221 1096 260; x_wconf 77' lang='lat'>1556</span> <span class='ocrx_word' id='word_1_3' title='bbox 1733 223 1800 261; x_wconf 60' lang='lat'>325</span> 
     </span>
    </p>
   </div>
   <div class='ocr_carea' id='block_1_2' title="bbox 889 672 1100 727">
    <p class='ocr_par' dir='ltr' id='par_1_2' title="bbox 889 672 1100 727">
     <span class='ocr_line' id='line_1_2' title="bbox 889 672 1100 727; baseline -0.005 0"><span class='ocrx_word' id='word_1_4' title='bbox 889 672 1100 727; x_wconf 90' lang='lat' dir='ltr'><strong>DXIII</strong></span> 
     </span>
    </p>
   </div>
   <div class='ocr_carea' id='block_1_3' title="bbox 251 900 888 1079">
    <p class='ocr_par' dir='ltr' id='par_1_3' title="bbox 251 900 888 1079">
     <span class='ocr_line' id='line_1_3' title="bbox 251 900 838 940; baseline 0 -2"><span class='ocrx_word' id='word_1_5' title='bbox 251 900 296 938; x_wconf 81' lang='lat' dir='ltr'>P.</span> <span class='ocrx_word' id='word_1_6' title='bbox 315 901 557 940; x_wconf 84' lang='lat' dir='ltr'>Ursmarus</span> <span class='ocrx_word' id='word_1_7' title='bbox 577 900 838 939; x_wconf 90' lang='lat' dir='ltr'>Goissonius</span> 
     </span>
     <span class='ocr_line' id='line_1_4' title="bbox 297 965 888 1014; baseline -0.002 -10"><span class='ocrx_word' id='word_1_8' title='bbox 297 966 416 1004; x_wconf 89' lang='lat' dir='ltr'>Patri</span> <span class='ocrx_word' id='word_1_9' title='bbox 435 965 604 1014; x_wconf 83' lang='lat' dir='ltr'>Ignatio</span> <span class='ocrx_word' id='word_1_10' title='bbox 625 965 679 1004; x_wconf 90' lang='lat' dir='ltr'>de</span> <span class='ocrx_word' id='word_1_11' title='bbox 703 965 888 1013; x_wconf 87' lang='lat' dir='ltr'>Loyola.</span> 
     </span>
     <span class='ocr_line' id='line_1_5' title="bbox 344 1030 840 1079; baseline -0.002 -10"><span class='ocrx_word' id='word_1_12' title='bbox 344 1031 505 1079; x_wconf 87' lang='lat' dir='ltr'>Praga,</span> <span class='ocrx_word' id='word_1_13' title='bbox 523 1030 565 1069; x_wconf 87' lang='lat'>21</span> <span class='ocrx_word' id='word_1_14' title='bbox 585 1031 689 1079; x_wconf 87' lang='lat' dir='ltr'>Maji</span> <span class='ocrx_word' id='word_1_15' title='bbox 704 1031 795 1070; x_wconf 82' lang='lat'>1556</span> <span class='ocrx_word' id='word_1_16' title='bbox 815 1031 840 1068; x_wconf 83' lang='lat'>¹.</span> 
     </span>
    </p>
   </div>
   <div class='ocr_carea' id='block_1_4' title="bbox 925 1168 1054 1221">
    <p class='ocr_par' dir='ltr' id='par_1_4' title="bbox 925 1168 1054 1221">
     <span class='ocr_line' id='line_1_6' title="bbox 925 1168 1054 1221; baseline -0.008 -12"><span class='ocrx_word' id='word_1_17' title='bbox 925 1168 1054 1221; x_wconf 88' lang='lat' dir='ltr'>Jhus.</span> 
     </span>
    </p>
   </div>
   <div class='ocr_carea' id='block_1_5' title="bbox 176 1310 1804 2289">
    <p class='ocr_par' dir='ltr' id='par_1_5' title="bbox 255 1310 451 1354">
     <span class='ocr_line' id='line_1_7' title="bbox 255 1310 451 1354; baseline -0.005 0"><span class='ocrx_word' id='word_1_18' title='bbox 255 1313 355 1354; x_wconf 84' lang='lat' dir='ltr'>Pax</span> <span class='ocrx_word' id='word_1_19' title='bbox 375 1310 451 1354; x_wconf 81' lang='grc' dir='ltr'>Χ.ἰ</span> 
     </span>
    </p>

    <p class='ocr_par' dir='ltr' id='par_1_6' title="bbox 176 1382 1800 1650">
     <span class='ocr_line' id='line_1_8' title="bbox 258 1382 1800 1436; baseline 0 -11"><span class='ocrx_word' id='word_1_20' title='bbox 258 1384 374 1425; x_wconf 88' lang='lat' dir='ltr'>Cum</span> <span class='ocrx_word' id='word_1_21' title='bbox 396 1395 560 1436; x_wconf 88' lang='lat' dir='ltr'>nuper,</span> <span class='ocrx_word' id='word_1_22' title='bbox 583 1383 684 1424; x_wconf 70' lang='lat' dir='ltr'>R.de</span> <span class='ocrx_word' id='word_1_23' title='bbox 712 1383 759 1424; x_wconf 88' lang='lat' dir='ltr'>in</span> <span class='ocrx_word' id='word_1_24' title='bbox 781 1383 865 1424; x_wconf 89' lang='lat' dir='ltr'>X.⁰</span> <span class='ocrx_word' id='word_1_25' title='bbox 885 1382 1038 1434; x_wconf 91' lang='lat' dir='ltr'>Pater,</span> <span class='ocrx_word' id='word_1_26' title='bbox 1062 1395 1130 1433; x_wconf 89' lang='lat' dir='ltr'>ea,</span> <span class='ocrx_word' id='word_1_27' title='bbox 1157 1394 1275 1435; x_wconf 89' lang='lat' dir='ltr'>quae</span> <span class='ocrx_word' id='word_1_28' title='bbox 1306 1384 1352 1424; x_wconf 89' lang='lat' dir='ltr'>in</span> <span class='ocrx_word' id='word_1_29' title='bbox 1374 1384 1613 1436; x_wconf 82' lang='lat' dir='ltr'>superiore</span> <span class='ocrx_word' id='word_1_30' title='bbox 1635 1385 1800 1425; x_wconf 90' lang='lat' dir='ltr'>itinere</span> 
     </span>
     <span class='ocr_line' id='line_1_9' title="bbox 177 1454 1796 1507; baseline 0 -11"><span class='ocrx_word' id='word_1_31' title='bbox 177 1455 234 1497; x_wconf 89' lang='lat' dir='ltr'>V.</span> <span class='ocrx_word' id='word_1_32' title='bbox 254 1455 309 1496; x_wconf 90' lang='lat' dir='ltr'>R.</span> <span class='ocrx_word' id='word_1_33' title='bbox 328 1455 377 1496; x_wconf 88' lang='lat' dir='ltr'>P.</span> <span class='ocrx_word' id='word_1_34' title='bbox 397 1455 694 1507; x_wconf 87' lang='lat' dir='ltr'>contigerunt</span> <span class='ocrx_word' id='word_1_35' title='bbox 710 1454 740 1505; x_wconf 79' lang='lat'>²,</span> <span class='ocrx_word' id='word_1_36' title='bbox 759 1454 1044 1506; x_wconf 85' lang='lat' dir='ltr'>scripserim,</span> <span class='ocrx_word' id='word_1_37' title='bbox 1066 1455 1229 1495; x_wconf 90' lang='lat' dir='ltr'>eadem</span> <span class='ocrx_word' id='word_1_38' title='bbox 1250 1466 1343 1495; x_wconf 92' lang='lat' dir='ltr'>non</span> <span class='ocrx_word' id='word_1_39' title='bbox 1359 1454 1478 1495; x_wconf 89' lang='lat' dir='ltr'>duco</span> <span class='ocrx_word' id='word_1_40' title='bbox 1496 1456 1747 1507; x_wconf 87' lang='lat' dir='ltr'>repetenda</span> <span class='ocrx_word' id='word_1_41' title='bbox 1769 1454 1796 1496; x_wconf 77' lang='lat'>³.</span> 
     </span>
     <span class='ocr_line' id='line_1_10' title="bbox 176 1525 1798 1578; baseline 0 -11"><span class='ocrx_word' id='word_1_42' title='bbox 176 1526 354 1567; x_wconf 91' lang='lat' dir='ltr'>Verum</span> <span class='ocrx_word' id='word_1_43' title='bbox 374 1527 624 1578; x_wconf 90' lang='lat' dir='ltr'>sequentis,</span> <span class='ocrx_word' id='word_1_44' title='bbox 648 1538 675 1565; x_wconf 91' lang='lat' dir='ltr'>a</span> <span class='ocrx_word' id='word_1_45' title='bbox 696 1525 881 1567; x_wconf 83' lang='lat' dir='ltr'>Vienna</span> <span class='ocrx_word' id='word_1_46' title='bbox 910 1526 956 1566; x_wconf 90' lang='lat' dir='ltr'>in</span> <span class='ocrx_word' id='word_1_47' title='bbox 983 1525 1219 1576; x_wconf 70' lang='lat' dir='ltr'>Pragham</span> <span class='ocrx_word' id='word_1_48' title='bbox 1244 1537 1410 1578; x_wconf 88' lang='lat' dir='ltr'>usque,</span> <span class='ocrx_word' id='word_1_49' title='bbox 1442 1526 1620 1566; x_wconf 89' lang='lat' dir='ltr'>itineris</span> <span class='ocrx_word' id='word_1_50' title='bbox 1648 1533 1798 1578; x_wconf 83' lang='lat' dir='ltr'>gesta,</span> 
     </span>
     <span class='ocr_line' id='line_1_11' title="bbox 177 1596 1743 1650; baseline 0 -12"><span class='ocrx_word' id='word_1_51' title='bbox 177 1609 389 1650; x_wconf 88' lang='lat' dir='ltr'>quaeque</span> <span class='ocrx_word' id='word_1_52' title='bbox 409 1605 572 1649; x_wconf 86' lang='lat' dir='ltr'>postea</span> <span class='ocrx_word' id='word_1_53' title='bbox 593 1597 685 1638; x_wconf 89' lang='lat' dir='ltr'>sint</span> <span class='ocrx_word' id='word_1_54' title='bbox 706 1597 890 1648; x_wconf 86' lang='lat' dir='ltr'>Pragae</span> <span class='ocrx_word' id='word_1_55' title='bbox 909 1596 1050 1648; x_wconf 92' lang='lat' dir='ltr'>facta,</span> <span class='ocrx_word' id='word_1_56' title='bbox 1076 1597 1225 1637; x_wconf 88' lang='lat' dir='ltr'>obiter</span> <span class='ocrx_word' id='word_1_57' title='bbox 1246 1597 1397 1648; x_wconf 91' lang='lat' dir='ltr'>potius</span> <span class='ocrx_word' id='word_1_58' title='bbox 1414 1597 1743 1649; x_wconf 83' lang='lat' dir='ltr'>perstringam.</span> 
     </span>
    </p>

    <p class='ocr_par' dir='ltr' id='par_1_7' title="bbox 176 1667 1804 2289">
     <span class='ocr_line' id='line_1_12' title="bbox 255 1667 1799 1720; baseline 0 -11"><span class='ocrx_word' id='word_1_59' title='bbox 255 1668 449 1709; x_wconf 92' lang='lat' dir='ltr'>Decimo</span> <span class='ocrx_word' id='word_1_60' title='bbox 471 1674 603 1709; x_wconf 87' lang='lat' dir='ltr'>sexto</span> <span class='ocrx_word' id='word_1_61' title='bbox 625 1668 697 1708; x_wconf 91' lang='lat' dir='ltr'>die</span> <span class='ocrx_word' id='word_1_62' title='bbox 718 1667 895 1720; x_wconf 88' lang='lat' dir='ltr'>Aprilis</span> <span class='ocrx_word' id='word_1_63' title='bbox 916 1667 1002 1708; x_wconf 90' lang='lat' dir='ltr'>iter</span> <span class='ocrx_word' id='word_1_64' title='bbox 1023 1679 1164 1708; x_wconf 90' lang='lat' dir='ltr'>curru</span> <span class='ocrx_word' id='word_1_65' title='bbox 1195 1668 1242 1708; x_wconf 90' lang='lat' dir='ltr'>in</span> <span class='ocrx_word' id='word_1_66' title='bbox 1268 1667 1472 1719; x_wconf 86' lang='lat' dir='ltr'>Pragam</span> <span class='ocrx_word' id='word_1_67' title='bbox 1499 1668 1799 1719; x_wconf 80' lang='lat' dir='ltr'>arripuimus,</span> 
     </span>
     <span class='ocr_line' id='line_1_13' title="bbox 177 1737 1801 1792; baseline -0.001 -11"><span class='ocrx_word' id='word_1_68' title='bbox 177 1752 268 1792; x_wconf 94' lang='lat' dir='ltr'>quo</span> <span class='ocrx_word' id='word_1_69' title='bbox 298 1750 383 1780; x_wconf 87' lang='lat' dir='ltr'>sex</span> <span class='ocrx_word' id='word_1_70' title='bbox 412 1739 572 1780; x_wconf 90' lang='lat' dir='ltr'>diebus</span> <span class='ocrx_word' id='word_1_71' title='bbox 603 1739 829 1790; x_wconf 88' lang='lat' dir='ltr'>confecto,</span> <span class='ocrx_word' id='word_1_72' title='bbox 862 1750 1038 1789; x_wconf 84' lang='lat' dir='ltr'>omneS‚</span> <span class='ocrx_word' id='word_1_73' title='bbox 1070 1739 1171 1778; x_wconf 89' lang='lat' dir='ltr'>laus</span> <span class='ocrx_word' id='word_1_74' title='bbox 1202 1737 1301 1779; x_wconf 92' lang='lat' dir='ltr'>Deo</span> <span class='ocrx_word' id='word_1_75' title='bbox 1333 1745 1378 1778; x_wconf 84' lang='lat' dir='ltr'>et</span> <span class='ocrx_word' id='word_1_76' title='bbox 1408 1738 1609 1779; x_wconf 90' lang='lat' dir='ltr'>Domino</span> <span class='ocrx_word' id='word_1_77' title='bbox 1639 1745 1801 1780; x_wconf 91' lang='lat' dir='ltr'>nostro</span> 
     </span>
     <span class='ocr_line' id='line_1_14' title="bbox 176 1809 1799 1864; baseline -0.001 -12"><span class='ocrx_word' id='word_1_78' title='bbox 176 1810 286 1864; x_wconf 89' lang='lat' dir='ltr'>Jesu</span> <span class='ocrx_word' id='word_1_79' title='bbox 302 1811 400 1861; x_wconf 90' lang='lat' dir='ltr'>X.⁰,</span> <span class='ocrx_word' id='word_1_80' title='bbox 419 1811 520 1851; x_wconf 88' lang='lat' dir='ltr'>sani</span> <span class='ocrx_word' id='word_1_81' title='bbox 537 1809 703 1850; x_wconf 91' lang='lat' dir='ltr'>eodem</span> <span class='ocrx_word' id='word_1_82' title='bbox 719 1809 1025 1862; x_wconf 87' lang='lat' dir='ltr'>applicuimus</span> <span class='ocrx_word' id='word_1_83' title='bbox 1041 1809 1106 1850; x_wconf 91' lang='lat' dir='ltr'>XI</span> <span class='ocrx_word' id='word_1_84' title='bbox 1124 1809 1319 1850; x_wconf 87' lang='lat' dir='ltr'>Kalend.</span> <span class='ocrx_word' id='word_1_85' title='bbox 1340 1809 1466 1860; x_wconf 82' lang='lat' dir='ltr'>Maii3</span> <span class='ocrx_word' id='word_1_86' title='bbox 1486 1810 1610 1862; x_wconf 90' lang='lat' dir='ltr'>quod</span> <span class='ocrx_word' id='word_1_87' title='bbox 1627 1817 1799 1858; x_wconf 87' lang='lat' dir='ltr'>tamen,</span> 
     </span>
     <span class='ocr_line' id='line_1_15' title="bbox 177 1880 1802 1934; baseline -0.001 -11"><span class='ocrx_word' id='word_1_88' title='bbox 177 1894 270 1923; x_wconf 92' lang='lat' dir='ltr'>non</span> <span class='ocrx_word' id='word_1_89' title='bbox 292 1882 465 1934; x_wconf 90' lang='lat' dir='ltr'>absque</span> <span class='ocrx_word' id='word_1_90' title='bbox 487 1882 643 1934; x_wconf 91' lang='lat' dir='ltr'>aliqua</span> <span class='ocrx_word' id='word_1_91' title='bbox 664 1880 934 1922; x_wconf 90' lang='lat' dir='ltr'>difficultate</span> <span class='ocrx_word' id='word_1_92' title='bbox 963 1881 1159 1929; x_wconf 88' lang='lat' dir='ltr'>factum,</span> <span class='ocrx_word' id='word_1_93' title='bbox 1189 1881 1307 1921; x_wconf 90' lang='lat' dir='ltr'>sciat</span> <span class='ocrx_word' id='word_1_94' title='bbox 1336 1880 1391 1921; x_wconf 89' lang='lat' dir='ltr'>R.</span> <span class='ocrx_word' id='word_1_95' title='bbox 1422 1880 1532 1921; x_wconf 77' lang='lat' dir='ltr'>P.tas</span> <span class='ocrx_word' id='word_1_96' title='bbox 1562 1881 1678 1922; x_wconf 87' lang='lat' dir='ltr'>Tua.</span> <span class='ocrx_word' id='word_1_97' title='bbox 1708 1882 1802 1922; x_wconf 84' lang='lat' dir='ltr'>Ali-</span> 
     </span>
     <span class='ocr_line' id='line_1_16' title="bbox 177 1952 1802 2006; baseline -0.001 -12"><span class='ocrx_word' id='word_1_98' title='bbox 177 1953 362 2006; x_wconf 91' lang='lat' dir='ltr'>quando</span> <span class='ocrx_word' id='word_1_99' title='bbox 392 1953 440 1994; x_wconf 90' lang='lat' dir='ltr'>in</span> <span class='ocrx_word' id='word_1_100' title='bbox 467 1953 632 1994; x_wconf 91' lang='lat' dir='ltr'>timore</span> <span class='ocrx_word' id='word_1_101' title='bbox 660 1958 705 1993; x_wconf 90' lang='lat' dir='ltr'>et</span> <span class='ocrx_word' id='word_1_102' title='bbox 733 1953 970 1993; x_wconf 84' lang='lat' dir='ltr'>anxietate</span> <span class='ocrx_word' id='word_1_103' title='bbox 993 1952 1264 2000; x_wconf 87' lang='lat' dir='ltr'>(humanum</span> <span class='ocrx_word' id='word_1_104' title='bbox 1294 1952 1414 2001; x_wconf 91' lang='lat' dir='ltr'>dico)</span> <span class='ocrx_word' id='word_1_105' title='bbox 1444 1953 1673 2004; x_wconf 85' lang='lat' dir='ltr'>quaedam</span> <span class='ocrx_word' id='word_1_106' title='bbox 1700 1954 1802 1994; x_wconf 92' lang='lat' dir='ltr'>loca</span> 
     </span>
     <span class='ocr_line' id='line_1_17' title="bbox 176 2023 1803 2076; baseline -0.001 -10"><span class='ocrx_word' id='word_1_107' title='bbox 176 2025 491 2074; x_wconf 89' lang='lat' dir='ltr'>transiuimus,</span> <span class='ocrx_word' id='word_1_108' title='bbox 516 2024 572 2064; x_wconf 89' lang='lat' dir='ltr'>de</span> <span class='ocrx_word' id='word_1_109' title='bbox 593 2024 760 2076; x_wconf 89' lang='lat' dir='ltr'>quibus</span> <span class='ocrx_word' id='word_1_110' title='bbox 787 2024 925 2075; x_wconf 91' lang='lat' dir='ltr'>paulo</span> <span class='ocrx_word' id='word_1_111' title='bbox 956 2029 1063 2063; x_wconf 90' lang='lat' dir='ltr'>ante</span> <span class='ocrx_word' id='word_1_112' title='bbox 1093 2023 1337 2063; x_wconf 88' lang='lat' dir='ltr'>dicebatur</span> <span class='ocrx_word' id='word_1_113' title='bbox 1363 2023 1499 2063; x_wconf 91' lang='lat' dir='ltr'>nobis</span> <span class='ocrx_word' id='word_1_114' title='bbox 1527 2025 1733 2064; x_wconf 86' lang='lat' dir='ltr'>latrones</span> <span class='ocrx_word' id='word_1_115' title='bbox 1759 2031 1803 2064; x_wconf 88' lang='lat' dir='ltr'>et</span> 
     </span>
     <span class='ocr_line' id='line_1_18' title="bbox 176 2094 1804 2155; baseline -0.001 -18"><span class='ocrx_word' id='word_1_116' title='bbox 176 2095 444 2155; x_wconf 71' lang='lat' dir='ltr'>assassinos</span> <span class='ocrx_word' id='word_1_117' title='bbox 460 2097 526 2144; x_wconf 88' lang='lat' dir='ltr'>(ut</span> <span class='ocrx_word' id='word_1_118' title='bbox 546 2095 752 2145; x_wconf 87' lang='lat' dir='ltr'>uocant,)</span> <span class='ocrx_word' id='word_1_119' title='bbox 775 2094 983 2145; x_wconf 88' lang='lat' dir='ltr'>latitare,</span> <span class='ocrx_word' id='word_1_120' title='bbox 1016 2094 1093 2146; x_wconf 92' lang='lat' dir='ltr'>qui</span> <span class='ocrx_word' id='word_1_121' title='bbox 1121 2094 1335 2134; x_wconf 89' lang='lat' dir='ltr'>homines</span> <span class='ocrx_word' id='word_1_122' title='bbox 1366 2094 1473 2134; x_wconf 91' lang='lat' dir='ltr'>illac</span> <span class='ocrx_word' id='word_1_123' title='bbox 1506 2100 1804 2136; x_wconf 83' lang='lat' dir='ltr'>transeuntes</span> 
     </span>
     <span class='ocr_line' id='line_1_19' title="bbox 176 2164 1802 2220; baseline -0.001 -12"><span class='ocrx_word' id='word_1_124' title='bbox 176 2168 445 2220; x_wconf 89' lang='lat' dir='ltr'>spoliarent.</span> <span class='ocrx_word' id='word_1_125' title='bbox 475 2166 609 2218; x_wconf 86' lang='lat' dir='ltr'>Quod</span> <span class='ocrx_word' id='word_1_126' title='bbox 635 2178 747 2207; x_wconf 89' lang='lat' dir='ltr'>sane</span> <span class='ocrx_word' id='word_1_127' title='bbox 774 2177 937 2206; x_wconf 91' lang='lat' dir='ltr'>uerum</span> <span class='ocrx_word' id='word_1_128' title='bbox 964 2164 1108 2206; x_wconf 89' lang='lat' dir='ltr'>fuisse</span> <span class='ocrx_word' id='word_1_129' title='bbox 1136 2165 1273 2205; x_wconf 85' lang='lat' dir='ltr'>facile</span> <span class='ocrx_word' id='word_1_130' title='bbox 1301 2165 1604 2216; x_wconf 66' lang='lat' dir='ltr'>aduertimus5</span> <span class='ocrx_word' id='word_1_131' title='bbox 1630 2178 1735 2206; x_wconf 91' lang='lat' dir='ltr'>cum</span> <span class='ocrx_word' id='word_1_132' title='bbox 1757 2166 1802 2206; x_wconf 89' lang='lat' dir='ltr'>in</span> 
     </span>
     <span class='ocr_line' id='line_1_20' title="bbox 176 2235 1802 2289; baseline -0.001 -10"><span class='ocrx_word' id='word_1_133' title='bbox 176 2237 440 2279; x_wconf 90' lang='lat' dir='ltr'>huiusmodi</span> <span class='ocrx_word' id='word_1_134' title='bbox 460 2237 661 2289; x_wconf 89' lang='lat' dir='ltr'>syluosis</span> <span class='ocrx_word' id='word_1_135' title='bbox 683 2236 786 2287; x_wconf 92' lang='lat' dir='ltr'>uiis,</span> <span class='ocrx_word' id='word_1_136' title='bbox 810 2247 929 2288; x_wconf 90' lang='lat' dir='ltr'>quae</span> <span class='ocrx_word' id='word_1_137' title='bbox 951 2236 1060 2276; x_wconf 93' lang='lat' dir='ltr'>olim</span> <span class='ocrx_word' id='word_1_138' title='bbox 1082 2235 1301 2276; x_wconf 89' lang='lat' dir='ltr'>Hersinia</span> <span class='ocrx_word' id='word_1_139' title='bbox 1323 2237 1455 2287; x_wconf 86' lang='lat' dir='ltr'>sylua</span> <span class='ocrx_word' id='word_1_140' title='bbox 1475 2236 1747 2277; x_wconf 88' lang='lat' dir='ltr'>dicebantur</span> <span class='ocrx_word' id='word_1_141' title='bbox 1770 2235 1802 2286; x_wconf 78' lang='lat'>⁴,</span> 
     </span>
    </p>
   </div>
   <div class='ocr_carea' id='block_1_6' title="bbox 174 2419 1804 3075">
    <p class='ocr_par' dir='ltr' id='par_1_8' title="bbox 176 2419 1804 2695">
     <span class='ocr_line' id='line_1_21' title="bbox 229 2419 1803 2458; baseline -0.001 -8"><span class='ocrx_word' id='word_1_142' title='bbox 229 2422 240 2444; x_wconf 88' lang='lat'>¹</span> <span class='ocrx_word' id='word_1_143' title='bbox 279 2422 512 2458; x_wconf 79' lang='lat' dir='ltr'>Archetypae.</span> <span class='ocrx_word' id='word_1_144' title='bbox 525 2422 557 2450; x_wconf 87' lang='lat' dir='ltr'>in</span> <span class='ocrx_word' id='word_1_145' title='bbox 570 2422 637 2449; x_wconf 87' lang='lat' dir='ltr'>vol.</span> <span class='ocrx_word' id='word_1_146' title='bbox 647 2421 977 2455; x_wconf 69' lang='lat' dir='ltr'>Quadrimestm‘mn</span> <span class='ocrx_word' id='word_1_147' title='bbox 988 2419 1148 2450; x_wconf 74' lang='lat'>1553-54,</span> <span class='ocrx_word' id='word_1_148' title='bbox 1159 2427 1218 2446; x_wconf 79' lang='lat' dir='ltr'>sex</span> <span class='ocrx_word' id='word_1_149' title='bbox 1230 2419 1330 2453; x_wconf 83' lang='lat' dir='ltr'>foliis,</span> <span class='ocrx_word' id='word_1_150' title='bbox 1341 2419 1531 2447; x_wconf 77' lang='lat' dir='ltr'>nn.275-‘280.</span> <span class='ocrx_word' id='word_1_151' title='bbox 1546 2419 1607 2447; x_wconf 82' lang='lat' dir='ltr'>—In</span> <span class='ocrx_word' id='word_1_152' title='bbox 1622 2421 1661 2447; x_wconf 90' lang='lat' dir='ltr'>iis</span> <span class='ocrx_word' id='word_1_153' title='bbox 1670 2424 1803 2448; x_wconf 89' lang='lat' dir='ltr'>tantum</span> 
     </span>
     <span class='ocr_line' id='line_1_22' title="bbox 177 2466 1804 2506; baseline -0.002 -7"><span class='ocrx_word' id='word_1_154' title='bbox 177 2474 348 2506; x_wconf 84' lang='lat' dir='ltr'>postrema</span> <span class='ocrx_word' id='word_1_155' title='bbox 363 2471 481 2503; x_wconf 88' lang='lat' dir='ltr'>verba,</span> <span class='ocrx_word' id='word_1_156' title='bbox 497 2469 630 2497; x_wconf 83' lang='lat' dir='ltr'>Datum</span> <span class='ocrx_word' id='word_1_157' title='bbox 650 2469 820 2502; x_wconf 78' lang='lat' dir='ltr'>Pragae...</span> <span class='ocrx_word' id='word_1_158' title='bbox 837 2468 1132 2499; x_wconf 78' lang='lat' dir='ltr'>Goiss0N1us,sunt</span> <span class='ocrx_word' id='word_1_159' title='bbox 1152 2475 1253 2494; x_wconf 86' lang='lat' dir='ltr'>manu</span> <span class='ocrx_word' id='word_1_160' title='bbox 1275 2467 1380 2501; x_wconf 83' lang='lat' dir='ltr'>ipsius</span> <span class='ocrx_word' id='word_1_161' title='bbox 1402 2466 1515 2495; x_wconf 80' lang='lat' dir='ltr'>Patris</span> <span class='ocrx_word' id='word_1_162' title='bbox 1537 2467 1804 2496; x_wconf 85' lang='lat' dir='ltr'>Goisson.-Has</span> 
     </span>
     <span class='ocr_line' id='line_1_23' title="bbox 176 2514 1803 2552; baseline -0.002 -6"><span class='ocrx_word' id='word_1_163' title='bbox 176 2518 312 2546; x_wconf 88' lang='lat' dir='ltr'>litteras</span> <span class='ocrx_word' id='word_1_164' title='bbox 335 2518 481 2545; x_wconf 86' lang='lat' dir='ltr'>fortasse</span> <span class='ocrx_word' id='word_1_165' title='bbox 501 2518 706 2552; x_wconf 77' lang='lat' dir='ltr'>respiciebat</span> <span class='ocrx_word' id='word_1_166' title='bbox 728 2517 763 2543; x_wconf 84' lang='lat' dir='ltr'>P.</span> <span class='ocrx_word' id='word_1_167' title='bbox 785 2515 959 2547; x_wconf 85' lang='lat' dir='ltr'>Canisius,</span> <span class='ocrx_word' id='word_1_168' title='bbox 984 2515 1060 2542; x_wconf 89' lang='lat' dir='ltr'>dum</span> <span class='ocrx_word' id='word_1_169' title='bbox 1084 2515 1125 2542; x_wconf 89' lang='lat' dir='ltr'>ad</span> <span class='ocrx_word' id='word_1_170' title='bbox 1149 2514 1320 2548; x_wconf 84' lang='lat' dir='ltr'>Ignatium</span> <span class='ocrx_word' id='word_1_171' title='bbox 1343 2515 1495 2542; x_wconf 83' lang='lat' dir='ltr'>scribens</span> <span class='ocrx_word' id='word_1_172' title='bbox 1519 2515 1582 2541; x_wconf 70' lang='lat' dir='ltr'>17.a</span> <span class='ocrx_word' id='word_1_173' title='bbox 1602 2515 1679 2550; x_wconf 90' lang='lat' dir='ltr'>Maji</span> <span class='ocrx_word' id='word_1_174' title='bbox 1705 2516 1803 2550; x_wconf 88' lang='lat' dir='ltr'>hujus</span> 
     </span>
     <span class='ocr_line' id='line_1_24' title="bbox 177 2562 1803 2599; baseline -0.001 -6"><span class='ocrx_word' id='word_1_175' title='bbox 177 2567 256 2594; x_wconf 90' lang='lat' dir='ltr'>anni</span> <span class='ocrx_word' id='word_1_176' title='bbox 270 2565 348 2599; x_wconf 80' lang='lat'>1556,</span> <span class='ocrx_word' id='word_1_177' title='bbox 364 2565 535 2598; x_wconf 82' lang='lat' dir='ltr'>videlicet,</span> <span class='ocrx_word' id='word_1_178' title='bbox 557 2565 738 2599; x_wconf 85' lang='lat' dir='ltr'>quatriduo</span> <span class='ocrx_word' id='word_1_179' title='bbox 758 2564 853 2599; x_wconf 91' lang='lat' dir='ltr'>prius</span> <span class='ocrx_word' id='word_1_180' title='bbox 873 2571 974 2598; x_wconf 90' lang='lat' dir='ltr'>quam</span> <span class='ocrx_word' id='word_1_181' title='bbox 997 2562 1196 2590; x_wconf 90' lang='lat' dir='ltr'>Goissonius</span> <span class='ocrx_word' id='word_1_182' title='bbox 1218 2563 1280 2590; x_wconf 89' lang='lat' dir='ltr'>has</span> <span class='ocrx_word' id='word_1_183' title='bbox 1301 2563 1438 2590; x_wconf 80' lang='lat' dir='ltr'>litteras</span> <span class='ocrx_word' id='word_1_184' title='bbox 1460 2564 1700 2594; x_wconf 82' lang='lat' dir='ltr'>subscriberet,</span> <span class='ocrx_word' id='word_1_185' title='bbox 1719 2564 1803 2591; x_wconf 89' lang='lat' dir='ltr'>haec</span> 
     </span>
     <span class='ocr_line' id='line_1_25' title="bbox 176 2609 1804 2650; baseline -0.002 -9"><span class='ocrx_word' id='word_1_186' title='bbox 176 2614 303 2648; x_wconf 86' lang='lat' dir='ltr'>ajebat:</span> <span class='ocrx_word' id='word_1_187' title='bbox 320 2612 401 2640; x_wconf 73' lang='lat' dir='ltr'>“Del</span> <span class='ocrx_word' id='word_1_188' title='bbox 416 2617 508 2640; x_wconf 87' lang='lat' dir='ltr'>resto</span> <span class='ocrx_word' id='word_1_189' title='bbox 522 2613 678 2640; x_wconf 60' lang='lat' dir='ltr'>serii-era</span> <span class='ocrx_word' id='word_1_190' title='bbox 693 2611 929 2639; x_wconf 80' lang='lat' dir='ltr'>diffusamente</span> <span class='ocrx_word' id='word_1_191' title='bbox 942 2611 963 2637; x_wconf 92' lang='lat' dir='ltr'>il</span> <span class='ocrx_word' id='word_1_192' title='bbox 976 2610 1015 2650; x_wconf 15' lang='lat' dir='ltr'>RV.</span> <span class='ocrx_word' id='word_1_193' title='bbox 1029 2610 1063 2638; x_wconf 91' lang='lat' dir='ltr'>P.</span> <span class='ocrx_word' id='word_1_194' title='bbox 1075 2609 1245 2643; x_wconf 75' lang='lat' dir='ltr'>Rettore.„</span> <span class='ocrx_word' id='word_1_195' title='bbox 1261 2610 1348 2637; x_wconf 73' lang='lat' dir='ltr'>Vide</span> <span class='ocrx_word' id='word_1_196' title='bbox 1361 2610 1640 2641; x_wconf 74' lang='lat' dir='ltr'>BRAUNSBERGER,</span> <span class='ocrx_word' id='word_1_197' title='bbox 1653 2610 1684 2637; x_wconf 86' lang='lat' dir='ltr'><em>B</em></span> <span class='ocrx_word' id='word_1_198' title='bbox 1706 2611 1804 2638; x_wconf 81' lang='lat' dir='ltr'>Petri</span> 
     </span>
     <span class='ocr_line' id='line_1_26' title="bbox 177 2657 1026 2695; baseline -0.004 -6"><span class='ocrx_word' id='word_1_199' title='bbox 177 2661 323 2692; x_wconf 82' lang='lat' dir='ltr'>Cam&#39;sii,</span> <span class='ocrx_word' id='word_1_200' title='bbox 338 2660 371 2688; x_wconf 83' lang='lat' dir='ltr'>S.</span> <span class='ocrx_word' id='word_1_201' title='bbox 386 2660 433 2695; x_wconf 68' lang='lat' dir='ltr'>J„</span> <span class='ocrx_word' id='word_1_202' title='bbox 446 2660 623 2694; x_wconf 84' lang='lat' dir='ltr'>epistulae</span> <span class='ocrx_word' id='word_1_203' title='bbox 639 2662 671 2686; x_wconf 86' lang='lat' dir='ltr'>et</span> <span class='ocrx_word' id='word_1_204' title='bbox 687 2662 778 2692; x_wconf 82' lang='lat' dir='ltr'>acta,</span> <span class='ocrx_word' id='word_1_205' title='bbox 793 2663 817 2686; x_wconf 91' lang='lat' dir='ltr'>t.</span> <span class='ocrx_word' id='word_1_206' title='bbox 834 2666 855 2692; x_wconf 85' lang='lat'>1,</span> <span class='ocrx_word' id='word_1_207' title='bbox 870 2666 950 2694; x_wconf 85' lang='lat' dir='ltr'>pag.</span> <span class='ocrx_word' id='word_1_208' title='bbox 964 2657 1026 2686; x_wconf 78' lang='lat'>620.</span> 
     </span>
    </p>

    <p class='ocr_par' dir='ltr' id='par_1_9' title="bbox 175 2705 1804 2789">
     <span class='ocr_line' id='line_1_27' title="bbox 227 2705 1804 2742; baseline -0.001 -7"><span class='ocrx_word' id='word_1_209' title='bbox 227 2708 241 2728; x_wconf 81' lang='lat'>2</span> <span class='ocrx_word' id='word_1_210' title='bbox 279 2707 344 2742; x_wconf 89' lang='lat' dir='ltr'>Sic;</span> <span class='ocrx_word' id='word_1_211' title='bbox 360 2715 479 2735; x_wconf 86' lang='lat' dir='ltr'>verum</span> <span class='ocrx_word' id='word_1_212' title='bbox 495 2708 577 2734; x_wconf 87' lang='lat' dir='ltr'>nulli</span> <span class='ocrx_word' id='word_1_213' title='bbox 592 2707 727 2734; x_wconf 92' lang='lat' dir='ltr'>dubium</span> <span class='ocrx_word' id='word_1_214' title='bbox 743 2714 816 2734; x_wconf 87' lang='lat' dir='ltr'>esse</span> <span class='ocrx_word' id='word_1_215' title='bbox 831 2710 943 2741; x_wconf 86' lang='lat' dir='ltr'>potest</span> <span class='ocrx_word' id='word_1_216' title='bbox 959 2706 1050 2740; x_wconf 88' lang='lat' dir='ltr'>quin,</span> <span class='ocrx_word' id='word_1_217' title='bbox 1065 2713 1129 2740; x_wconf 91' lang='lat' dir='ltr'>quo</span> <span class='ocrx_word' id='word_1_218' title='bbox 1144 2705 1315 2733; x_wconf 85' lang='lat' dir='ltr'>sententia</span> <span class='ocrx_word' id='word_1_219' title='bbox 1330 2706 1422 2732; x_wconf 89' lang='lat' dir='ltr'>clare</span> <span class='ocrx_word' id='word_1_220' title='bbox 1439 2706 1577 2740; x_wconf 85' lang='lat' dir='ltr'>liqueat,</span> <span class='ocrx_word' id='word_1_221' title='bbox 1595 2714 1804 2741; x_wconf 86' lang='lat' dir='ltr'>praeponen-</span> 
     </span>
     <span class='ocr_line' id='line_1_28' title="bbox 175 2754 935 2789; baseline -0.005 -4"><span class='ocrx_word' id='word_1_222' title='bbox 175 2757 216 2785; x_wconf 93' lang='lat' dir='ltr'>da</span> <span class='ocrx_word' id='word_1_223' title='bbox 233 2757 275 2784; x_wconf 87' lang='lat' dir='ltr'>sit</span> <span class='ocrx_word' id='word_1_224' title='bbox 293 2764 359 2783; x_wconf 85' lang='lat' dir='ltr'>vox</span> <span class='ocrx_word' id='word_1_225' title='bbox 373 2757 605 2789; x_wconf 74' lang='lat' dir='ltr'>contigerunt,</span> <span class='ocrx_word' id='word_1_226' title='bbox 623 2755 761 2782; x_wconf 74' lang='lat' dir='ltr'>vocibus</span> <span class='ocrx_word' id='word_1_227' title='bbox 783 2754 819 2782; x_wconf 92' lang='lat' dir='ltr'>V.</span> <span class='ocrx_word' id='word_1_228' title='bbox 835 2755 876 2782; x_wconf 83' lang='lat' dir='ltr'>R.</span> <span class='ocrx_word' id='word_1_229' title='bbox 897 2754 935 2781; x_wconf 90' lang='lat' dir='ltr'>P.</span> 
     </span>
    </p>

    <p class='ocr_par' dir='ltr' id='par_1_10' title="bbox 174 2800 1803 2981">
     <span class='ocr_line' id='line_1_29' title="bbox 227 2800 1800 2837; baseline -0.002 -6"><span class='ocrx_word' id='word_1_230' title='bbox 227 2805 240 2825; x_wconf 73' lang='grc'>3</span> <span class='ocrx_word' id='word_1_231' title='bbox 278 2804 444 2832; x_wconf 86' lang='lat' dir='ltr'>Litteras.</span> <span class='ocrx_word' id='word_1_232' title='bbox 460 2804 580 2837; x_wconf 81' lang='lat' dir='ltr'>quibus</span> <span class='ocrx_word' id='word_1_233' title='bbox 596 2802 794 2829; x_wconf 86' lang='lat' dir='ltr'>Goissonius</span> <span class='ocrx_word' id='word_1_234' title='bbox 817 2802 986 2829; x_wconf 88' lang='lat' dir='ltr'>rationem</span> <span class='ocrx_word' id='word_1_235' title='bbox 1002 2800 1127 2829; x_wconf 89' lang='lat' dir='ltr'>Sancto</span> <span class='ocrx_word' id='word_1_236' title='bbox 1143 2800 1278 2835; x_wconf 85' lang='lat' dir='ltr'>Ignatio</span> <span class='ocrx_word' id='word_1_237' title='bbox 1299 2801 1464 2828; x_wconf 82' lang='lat' dir='ltr'>reddebat</span> <span class='ocrx_word' id='word_1_238' title='bbox 1487 2809 1613 2830; x_wconf 86' lang='lat' dir='ltr'>eorum.</span> <span class='ocrx_word' id='word_1_239' title='bbox 1636 2808 1721 2835; x_wconf 90' lang='lat' dir='ltr'>quae</span> <span class='ocrx_word' id='word_1_240' title='bbox 1738 2801 1800 2828; x_wconf 80' lang='lat' dir='ltr'>sibi</span> 
     </span>
     <span class='ocr_line' id='line_1_30' title="bbox 174 2849 1803 2887; baseline -0.003 -7"><span class='ocrx_word' id='word_1_241' title='bbox 174 2853 340 2887; x_wconf 87' lang='lat' dir='ltr'>sociisque</span> <span class='ocrx_word' id='word_1_242' title='bbox 357 2853 393 2879; x_wconf 84' lang='lat' dir='ltr'>in</span> <span class='ocrx_word' id='word_1_243' title='bbox 407 2851 592 2886; x_wconf 80' lang='lat' dir='ltr'>superiore</span> <span class='ocrx_word' id='word_1_244' title='bbox 608 2851 736 2877; x_wconf 78' lang='lat' dir='ltr'>itinere</span> <span class='ocrx_word' id='word_1_245' title='bbox 752 2850 857 2877; x_wconf 86' lang='lat' dir='ltr'>Rorna</span> <span class='ocrx_word' id='word_1_246' title='bbox 874 2849 1042 2876; x_wconf 69' lang='lat' dir='ltr'>Viennam</span> <span class='ocrx_word' id='word_1_247' title='bbox 1056 2857 1161 2883; x_wconf 86' lang='lat' dir='ltr'>usque</span> <span class='ocrx_word' id='word_1_248' title='bbox 1184 2850 1418 2882; x_wconf 71' lang='lat' dir='ltr'>conttgerunt.</span> <span class='ocrx_word' id='word_1_249' title='bbox 1439 2849 1592 2883; x_wconf 85' lang='lat' dir='ltr'>reperire</span> <span class='ocrx_word' id='word_1_250' title='bbox 1611 2857 1675 2876; x_wconf 92' lang='lat' dir='ltr'>non</span> <span class='ocrx_word' id='word_1_251' title='bbox 1694 2849 1803 2876; x_wconf 80' lang='lat' dir='ltr'>valui-</span> 
     </span>
     <span class='ocr_line' id='line_1_31' title="bbox 175 2896 1803 2933; baseline -0.002 -6"><span class='ocrx_word' id='word_1_252' title='bbox 175 2908 257 2928; x_wconf 90' lang='lat' dir='ltr'>mus.</span> <span class='ocrx_word' id='word_1_253' title='bbox 281 2899 453 2933; x_wconf 87' lang='lat' dir='ltr'>Quaedam</span> <span class='ocrx_word' id='word_1_254' title='bbox 475 2904 590 2925; x_wconf 84' lang='lat' dir='ltr'>tamen</span> <span class='ocrx_word' id='word_1_255' title='bbox 611 2898 653 2924; x_wconf 87' lang='lat' dir='ltr'>ad</span> <span class='ocrx_word' id='word_1_256' title='bbox 678 2898 772 2925; x_wconf 86' lang='lat' dir='ltr'>illam</span> <span class='ocrx_word' id='word_1_257' title='bbox 796 2898 926 2925; x_wconf 83' lang='lat' dir='ltr'>itineris</span> <span class='ocrx_word' id='word_1_258' title='bbox 947 2901 1080 2931; x_wconf 85' lang='lat' dir='ltr'>partem</span> <span class='ocrx_word' id='word_1_259' title='bbox 1104 2897 1298 2931; x_wconf 83' lang='lat' dir='ltr'>spectantia</span> <span class='ocrx_word' id='word_1_260' title='bbox 1319 2896 1488 2924; x_wconf 83' lang='lat' dir='ltr'>habentur</span> <span class='ocrx_word' id='word_1_261' title='bbox 1504 2897 1592 2931; x_wconf 85' lang='lat' dir='ltr'>apud</span> <span class='ocrx_word' id='word_1_262' title='bbox 1614 2896 1803 2924; x_wconf 74' lang='lat' dir='ltr'>ORLANDINI</span> 
     </span>
     <span class='ocr_line' id='line_1_32' title="bbox 178 2944 985 2981; baseline -0.005 -6"><span class='ocrx_word' id='word_1_263' title='bbox 178 2947 268 2975; x_wconf 73' lang='lat' dir='ltr'>Hist.</span> <span class='ocrx_word' id='word_1_264' title='bbox 288 2948 358 2974; x_wconf 76' lang='lat' dir='ltr'>Soc.</span> <span class='ocrx_word' id='word_1_265' title='bbox 374 2946 461 2981; x_wconf 55' lang='lat' dir='ltr'>sest,</span> <span class='ocrx_word' id='word_1_266' title='bbox 474 2951 563 2980; x_wconf 82' lang='lat' dir='ltr'>part.</span> <span class='ocrx_word' id='word_1_267' title='bbox 580 2954 600 2977; x_wconf 76' lang='grc' dir='ltr'>ι,</span> <span class='ocrx_word' id='word_1_268' title='bbox 613 2946 670 2972; x_wconf 87' lang='lat' dir='ltr'>lib.</span> <span class='ocrx_word' id='word_1_269' title='bbox 685 2952 756 2977; x_wconf 73' lang='lat' dir='ltr'>xvi,</span> <span class='ocrx_word' id='word_1_270' title='bbox 772 2953 826 2972; x_wconf 87' lang='lat' dir='ltr'>nn.</span> <span class='ocrx_word' id='word_1_271' title='bbox 845 2945 876 2971; x_wconf 85' lang='grc'>19</span> <span class='ocrx_word' id='word_1_272' title='bbox 890 2948 923 2972; x_wconf 90' lang='lat' dir='ltr'>et</span> <span class='ocrx_word' id='word_1_273' title='bbox 938 2944 985 2971; x_wconf 83' lang='lat'>20.</span> 
     </span>
    </p>

    <p class='ocr_par' dir='ltr' id='par_1_11' title="bbox 178 2990 1803 3075">
     <span class='ocr_line' id='line_1_33' title="bbox 230 2990 1802 3029; baseline -0.002 -8"><span class='ocrx_word' id='word_1_274' title='bbox 230 2996 243 3015; x_wconf 62' lang='lat'>⁴</span> <span class='ocrx_word' id='word_1_275' title='bbox 279 2994 482 3029; x_wconf 74' lang='lat' dir='ltr'>-Hercynia,</span> <span class='ocrx_word' id='word_1_276' title='bbox 498 2994 599 3029; x_wconf 82' lang='lat' dir='ltr'>sylva</span> <span class='ocrx_word' id='word_1_277' title='bbox 614 2992 830 3024; x_wconf 81' lang='lat' dir='ltr'>Germaniae,</span> <span class='ocrx_word' id='word_1_278' title='bbox 846 2992 934 3020; x_wconf 85' lang='lat' dir='ltr'>alias</span> <span class='ocrx_word' id='word_1_279' title='bbox 950 2991 1159 3026; x_wconf 72' lang='lat' dir='ltr'>amplissima</span> <span class='ocrx_word' id='word_1_280' title='bbox 1174 2991 1247 3023; x_wconf 82' lang='lat' dir='ltr'>suit,</span> <span class='ocrx_word' id='word_1_281' title='bbox 1263 2999 1349 3018; x_wconf 91' lang='lat' dir='ltr'>nunc</span> <span class='ocrx_word' id='word_1_282' title='bbox 1370 2997 1483 3018; x_wconf 88' lang='lat' dir='ltr'>autem</span> <span class='ocrx_word' id='word_1_283' title='bbox 1504 2992 1610 3018; x_wconf 88' lang='lat' dir='ltr'>multo</span> <span class='ocrx_word' id='word_1_284' title='bbox 1631 2990 1802 3025; x_wconf 86' lang='lat' dir='ltr'>angustio-</span> 
     </span>
     <span class='ocr_line' id='line_1_34' title="bbox 178 3037 1803 3075; baseline -0.002 -7"><span class='ocrx_word' id='word_1_285' title='bbox 178 3041 271 3069; x_wconf 83' lang='lat' dir='ltr'>ribus</span> <span class='ocrx_word' id='word_1_286' title='bbox 283 3041 504 3075; x_wconf 85' lang='lat' dir='ltr'>restringitur</span> <span class='ocrx_word' id='word_1_287' title='bbox 516 3041 689 3073; x_wconf 73' lang='lat' dir='ltr'>limitibus,</span> <span class='ocrx_word' id='word_1_288' title='bbox 705 3045 738 3068; x_wconf 79' lang='lat' dir='ltr'>et</span> <span class='ocrx_word' id='word_1_289' title='bbox 754 3040 949 3068; x_wconf 83' lang='lat' dir='ltr'>Bohemiam</span> <span class='ocrx_word' id='word_1_290' title='bbox 966 3038 1137 3073; x_wconf 85' lang='lat' dir='ltr'>propriam</span> <span class='ocrx_word' id='word_1_291' title='bbox 1150 3038 1353 3066; x_wconf 85' lang='lat' dir='ltr'>circumdat.</span> <span class='ocrx_word' id='word_1_292' title='bbox 1371 3038 1457 3066; x_wconf 90' lang='lat' dir='ltr'>Hinc</span> <span class='ocrx_word' id='word_1_293' title='bbox 1472 3038 1570 3065; x_wconf 83' lang='lat' dir='ltr'>hodie</span> <span class='ocrx_word' id='word_1_294' title='bbox 1586 3045 1605 3065; x_wconf 86' lang='lat' dir='ltr'>a</span> <span class='ocrx_word' id='word_1_295' title='bbox 1618 3037 1803 3071; x_wconf 78' lang='lat' dir='ltr'>‘thuringis</span> 
     </span>
    </p>
   </div>
  </div>
 </body>
</html>
