2020 3342
252 280 323 317 716
868 277 1100 314 APPENDIX
1126 288 1261 314 PRIMA

251 378 461 418 nonnulli
480 382 524 417 et
544 374 774 422 canonici,
798 371 861 414 ita
882 373 1070 414 tandem
1085 380 1135 414 vt
1152 374 1347 426 pulchra
1364 375 1594 426 quaedam
1609 377 1874 419 auditorum

250 450 414 489 concio
435 448 773 488 circumstaret.
798 444 885 484 Hic
906 444 1063 484 statim
1083 444 1229 484 frater
1248 445 1545 486 secundarius
1574 454 1869 500 praeceptor,

247 521 324 561 cui
350 530 519 559 nomen
546 522 615 557 est
649 516 810 556 Marco
843 515 1011 565 NoniO,
1049 515 1309 555 orationem
1344 516 1520 567 habuit,
1558 529 1676 569 quae
1705 519 1871 560 horam

248 593 350 642 plus
382 589 532 629 minus
567 586 875 638 consumpsit,
904 597 995 637 qua
1026 586 1254 636 absoluta,
1291 592 1335 626 et
1370 587 1467 627 alia·
1495 590 1777 638 graecanica
1811 592 1870 632 ad

246 660 459 701 eumdem
495 658 792 699 Cardinalem
828 657 986 697 habita
1015 662 1084 696 est
1118 657 1176 697 ab
1205 657 1282 696 illo
1319 658 1481 698 eodem
1513 659 1758 712 discipulo,
1791 663 1870 714 qui

245 733 483 772 axiomata
505 729 762 769 rhetorices
783 727 1074 767 defendebat:
1099 733 1261 767 contra
1280 740 1417 779 quem
1433 729 1557 769 illico
1574 731 1781 771 nonnulli
1799 744 1867 772 ar—

241 808 591 854 gumentantur,
614 799 741 851 prius
763 799 823 838 ad
839 797 1135 838 Cardinalem
1155 802 1350 838 orantes
1372 798 1398 849 ¹,
1423 800 1764 851 epigrammata
1792 803 1870 843 alii

241 874 454 922 recitant,
478 871 590 923 ipsis
607 883 633 910 a
655 869 1037 921 praeceptoribus
1059 869 1231 908 nostris
1253 869 1311 909 ad
1333 870 1377 909 id
1406 871 1593 911 tradita.
1623 872 1867 914 Postremo

242 943 511 985 scholastici
532 950 628 982 tres
650 940 778 992 pueri
801 939 1052 992 quamdam
1072 940 1218 980 veluti
1239 941 1466 991 eclogam,
1492 943 1698 982 carmine
1718 943 1870 984 heroi-

239 1028 319 1065 co,
351 1016 406 1055 de
437 1014 575 1054 rebus
603 1012 735 1052 bonis
771 1023 825 1051 ac
861 1011 1051 1059 sanctiS,
1088 1022 1227 1061 quam
1262 1012 1557 1052 secundarius
1590 1020 1869 1066 praeceptor

238 1091 581 1138 composuerat,
606 1084 670 1123 ita
691 1083 883 1134 pulchre
904 1081 1212 1121 decantarunt
1233 1088 1277 1121 et
1299 1090 1494 1132 egerunt
1515 1085 1716 1136 proprie,
1735 1091 1786 1125 vt
1805 1085 1867 1125 io-

240 1158 442 1198 cundum
469 1156 607 1195 valde
628 1160 672 1194 et
694 1153 853 1193 auditu
880 1164 1016 1204 quam
1036 1164 1183 1192 suave
1205 1153 1419 1193 omnibus
1445 1154 1491 1193 id
1511 1153 1664 1195 fuerit.
1699 1155 1866 1196 Huius-

238 1230 365 1270 modi
385 1235 539 1268 autem
561 1226 674 1266 ordo
696 1225 743 1264 in
764 1223 1180 1274 disceptationibus
1202 1229 1246 1263 et
1267 1225 1479 1265 oratione
1508 1225 1668 1266 fratris
1689 1226 1865 1267 idcirco

236 1306 307 1340 est
329 1300 619 1347 obseruatus,
644 1296 751 1347 quia
774 1295 840 1334 sic
861 1294 1099 1334 Cardinali
1119 1294 1272 1334 visum
1292 1294 1392 1345 fuit,
1417 1296 1495 1347 qui
1516 1297 1663 1336 solum
1679 1298 1865 1349 vesperi

238 1371 461 1411 interfuit.
1874 1356 1876 1364 '

319 1441 483 1492 Quoad
506 1440 612 1485 alia.
636 1439 682 1478 in
713 1438 861 1478 solitis
888 1437 1125 1477 exercitiis
1151 1437 1391 1476 literarum
1417 1437 1735 1490 uirtutumque
1767 1439 1862 1479 dili-

234 1519 399 1563 genter
434 1511 715 1559 elaboratur,
753 1516 797 1548 et
831 1520 889 1548 ex
924 1508 1137 1548 omnibus
1172 1508 1338 1548 uberes
1372 1507 1555 1548 fructus
1588 1515 1860 1560 nascuntur,

236 1585 336 1624 Deo
358 1583 651 1633 Dominoque
672 1581 837 1631 gloria.
857 1578 1255 1620 Scholasticorum
1274 1579 1405 1618 multi
1422 1579 1494 1618 his
1510 1578 1594 1618 4.0r
1609 1581 1861 1632 mensibus,

234 1663 284 1696 ut
311 1656 371 1696 ad
401 1653 682 1694 Societatem
709 1658 919 1691 nostram
949 1649 1302 1690 admitterentur
1332 1649 1630 1691 vehementer
1658 1653 1860 1702 postula-

233 1732 356 1777 runt,
380 1724 657 1778 praesertim
683 1723 756 1762 his
783 1720 1101 1771 superioribus
1123 1720 1304 1771 diebus,
1339 1732 1444 1760 cum
1473 1720 1523 1761 P.
1552 1721 1672 1761 ΜΨΓ
1692 1722 1859 1774 Myron

226 1803 461 1849 praesens
489 1795 664 1843 aderat,
697 1805 723 1832 a
753 1804 844 1843 quo
872 1804 930 1831 ex
957 1791 1046 1831 illis
1071 1797 1166 1831 tres
1200 1791 1384 1831 fuerunt
1420 1791 1625 1843 admissi,
1663 1805 1859 1845 quorum

234 1880 353 1909 unus
374 1865 608 1907 secundae
630 1864 794 1904 classis
815 1870 929 1912 erat,
955 1862 1013 1902 ad
1035 1874 1175 1913 quam
1196 1862 1270 1901 ille
1294 1864 1416 1910 (cum
1443 1869 1638 1913 quartae
1668 1863 1805 1915 esset)
1835 1865 1860 1904 6

233 1945 312 1979 aut
332 1938 356 1978 7
378 1937 605 1978 mensium
627 1935 777 1986 spatio
800 1933 1089 1973 conscendit:
1113 1934 1230 1973 alter
1252 1933 1416 1973 tertiae
1438 1920 1532 1985 <qui
1553 1934 1643 1974 duo
1665 1935 1758 1975 iam
1774 1935 1856 1976 Co-

231 2009 509 2050 nimbricam
541 2006 669 2046 missi
699 2005 839 2055 sunt);
870 2005 1032 2043 tertius
1063 2004 1171 2054 Lae,
1202 2009 1245 2043 et
1279 2004 1318 2043 is
1355 2004 1485 2044 breui
1512 2004 1858 2046 Conimbricarn

231 2080 440 2120 mittetur
463 2078 598 2118 simul
623 2088 727 2116 cum
749 2075 1007 2123 sacerdote,
1033 2075 1111 2125 qui
1131 2085 1311 2125 quoqne
1331 2077 1344 2096 ²
1367 2086 1392 2114 a
1413 2074 1461 2114 Ρ.
1486 2074 1547 2115 Μ.
1571 2075 1766 2127 Myrone
1798 2078 1857 2117 ad

230 2152 513 2192 Societatem
534 2148 608 2188 lzz'c
626 2153 842 2198 receptus
863 2152 946 2195 est,
970 2146 1016 2185 in
1038 2157 1129 2197 qua
1151 2146 1279 2185 illum
1296 2157 1538 2196 speramus
1556 2148 1750 2187 multum
1765 2147 1856 2188 Do-

231 2223 357 2262 mino
378 2221 479 2261 Deo
502 2219 799 2259 seruiturum:
824 2218 910 2256 hoc
932 2217 1083 2268 ipsum
1110 2217 1266 2267 plures
1289 2216 1365 2255 alii
1393 2227 1485 2255 non
1511 2216 1664 2256 minus
1694 2218 1857 2258 arden—

231 2301 301 2332 ter
322 2297 499 2343 petunt3
524 2301 687 2330 verum
714 2300 739 2328 a
767 2287 903 2327 Patre
934 2287 980 2326 in
1010 2286 1375 2326 constantiorem
1402 2292 1603 2326 aetatem
1632 2298 1856 2338 proroga-

229 2371 319 2412 tur3
343 2362 424 2401 sed
445 2362 491 2400 in
516 2360 576 2399 1.Ο
596 2359 710 2408 (Deo
732 2357 886 2407 dante)
909 2357 1029 2396 illius
1046 2356 1105 2396 ad
1125 2367 1210 2396 nos
1227 2356 1430 2396 aduentu
1448 2355 1764 2398 admittentur.
1783 2359 1856 2399 Ex

226 2433 319 2473 illis
338 2444 431 2472 non
453 2431 590 2481 pauci
612 2441 706 2469 non
728 2428 841 2469 satis
862 2428 947 2467 sibi
970 2427 1303 2477 existimanteS,
1329 2427 1368 2466 si
1395 2427 1592 2477 singulis
1620 2429 1854 2469 mensibus

230 2508 424 2555 peccata
445 2513 529 2541 sua
550 2500 799 2549 fateantur,
823 2505 989 2538 octauo
1011 2509 1194 2549 quoque
1217 2496 1289 2536 die
1312 2497 1357 2536 id
1379 2497 1570 2548 faciunt,
1594 2504 1639 2538 et
1668 2510 1853 2540 sacram

227 2560 601 2614 communionem
635 2571 801 2610 deuote
836 2569 1090 2620 accipiunt,
1122 2574 1164 2608 et
1196 2568 1381 2608 demum
1416 2569 1670 2609 uniuersim
1691 2581 1854 2610 omnes

226 2654 522 2694 summopere
543 2647 837 2690 reuerentur‚
860 2652 953 2679 non
975 2639 1112 2679 modo
1133 2645 1478 2690 praeceptores,
1514 2639 1595 2679 sed
1627 2646 1671 2680 et
1693 2651 1852 2680 omnes

226 2714 521 2766 domesticos.

305 2785 375 2825 De
395 2784 592 2824 lectione
620 2793 802 2833 quoque
824 2780 1136 2830 sacerdotum,
1160 2779 1216 2819 de
1238 2780 1423 2820 casibus
1445 2780 1781 2831 conscientiae,
1805 2781 1851 2821 id

220 2866 344 2906 queo
380 2855 549 2903 dicere,
585 2852 778 2892 multum
804 2850 891 2891 Dei
924 2850 1146 2890 beneficio
1175 2850 1412 2901 accepisse
1440 2851 1651 2891 utilitatis
1687 2863 1745 2891 ex
1772 2852 1848 2891 illa

280 3036 288 3055 ¹
328 3036 486 3061 oratione
500 3035 634 3061 habita.
651 3035 836 3061 PeiffAxccs.

277 3083 291 3102 ²
328 3082 448 3110 etiam.
463 3081 513 3108 10.
