2020 3342
244 211 314 250 326
749 208 975 248 LITTFRAE
1001 217 1359 252 QUADRIMESTRES

244 309 456 360 lapideae
476 308 650 360 passim
669 307 867 347 humiles
889 317 1067 356 cruces,
1090 305 1257 357 quibus
1277 304 1525 345 coniuncta
1545 310 1679 345 erant
1699 303 1863 345 iisdem

245 379 474 432 lapidibus
495 389 644 428 enseS,
669 378 838 427 asciae,
862 387 1065 427 secures,
1088 377 1332 427 pugiones
1356 375 1603 427 insculpta,
1627 374 1862 426 conspice-

247 462 415 491 remus.
439 450 557 490 Tum
580 449 805 501 quosdam
827 447 989 488 obuios
1010 447 1256 488 habuimus
1276 446 1439 487 iisdem
1466 447 1513 487 in
1540 447 1655 486 locis
1676 445 1860 494 abditis,

248 523 325 574 qui
346 528 442 562 tum
464 533 521 561 ex
542 520 638 560 suis
660 519 815 560 uerbis
835 519 1110 571 intuituque,
1134 524 1231 558 tum
1259 518 1399 557 etiam
1430 517 1553 569 quod
1583 528 1666 568 per
1686 516 1862 557 inuium

247 600 291 634 et
313 592 557 632 confusum
577 592 665 631 iter
686 597 988 642 uagarentur,
1011 590 1147 630 facile
1168 589 1301 629 nobis
1333 589 1648 629 innotuerunt.
1679 586 1865 628 Accidit

248 664 369 703 enim
391 662 592 714 quodam
615 662 687 702 die
703 662 829 702 circa
847 672 1108 713 uesperum,
1130 658 1376 712 quemdam
1392 659 1526 700 nobis
1544 659 1732 700 obuium
1749 657 1862 708 fieri,

249 741 440 786 aspectu
476 733 676 773 mirabili
711 739 754 773 et
789 732 979 773 horrido
1014 732 1222 782 gladium
1257 730 1683 781 circumferentem,
1713 730 1864 770 media

249 805 396 844 solum
417 804 589 855 uagina
613 803 869 853 conditum,
900 815 926 843 a
953 803 1210 843 latronibus
1242 814 1291 842 se
1318 801 1567 853 spoliatum
1596 800 1863 851 fingentem,

248 876 326 927 qui
348 875 404 915 ab
426 887 480 915 eo
502 876 620 923 loco,
645 874 690 914 in
713 886 803 925 quo
825 885 909 914 nos
930 874 1129 925 primum
1146 874 1410 925 alloquutus
1425 872 1592 923 fuerat,
1613 872 1866 912 insectatus
1898 910 1900 913 ,

249 953 317 987 est
338 958 482 997 usque
504 946 550 985 in
571 945 821 996 hospitium
844 944 1092 996 quoddam,
1117 945 1164 984 in
1185 943 1306 995 quod
1335 955 1420 983 nos
1447 943 1618 983 inuitos
1647 942 1866 995 quodam·

248 1018 386 1058 modo
408 1017 604 1064 induxit,
629 1024 707 1056 aut
728 1016 882 1068 potius
908 1015 1007 1067 ipse
1035 1027 1120 1055 nos
1148 1015 1311 1055 eodem
1338 1014 1508 1055 inuitos
1539 1013 1865 1055 comitabatur:

248 1089 418 1129 inuitos
440 1088 557 1139 dico,
581 1099 689 1127 nam
712 1099 816 1127 cum
838 1087 1051 1137 aurigam
1077 1097 1336 1136 monerem,
1366 1092 1415 1126 ut
1437 1097 1522 1125 nos
1547 1085 1638 1125 alio
1660 1085 1864 1135 duceret,

249 1166 435 1200 nostros
457 1170 638 1210 quoque
660 1158 829 1198 fratres
852 1157 1133 1208 (germanos)
1160 1155 1168 1175 ¹
1192 1155 1533 1209 quodammodo
1556 1156 1614 1196 ad
1636 1156 1723 1196 hoc
1745 1167 1867 1196 com-

248 1232 481 1283 pellerem,
506 1230 786 1270 unanimiter
808 1229 1051 1269 uidebatur
1072 1229 1185 1280 ipsis
1207 1228 1345 1279 hunc,
1365 1239 1656 1280 quocumque
1672 1228 1868 1268 diuerte-

251 1314 419 1351 remus‚
445 1312 529 1341 nos
551 1301 885 1350 insecuturum;
909 1299 1104 1351 proinde
1126 1299 1278 1351 potius
1295 1305 1430 1339 caute
1448 1298 1681 1350 agendum
1703 1310 1804 1338 esse
1822 1298 1869 1339 in

249 1373 450 1424 hospitio
481 1373 557 1412 illo
589 1383 693 1411 cum
724 1371 964 1421 patientia.
995 1371 1252 1410 Mansimus
1285 1370 1427 1421 igitur
1462 1369 1598 1410 simul
1632 1369 1794 1410 eodem
1823 1357 1869 1409 in

248 1444 464 1495 hospiti03
488 1444 586 1494 ipse
607 1449 761 1482 autem
785 1442 998 1482 omnibus
1024 1453 1073 1482 se
1100 1441 1272 1482 nostris
1300 1441 1452 1491 rebus,
1483 1440 1739 1492 colloquiis,
1769 1447 1869 1481 tum

248 1515 459 1567 priuatis,
484 1521 580 1554 tum
609 1513 821 1565 publicis,
851 1513 1107 1563 ingerebat,
1138 1512 1400 1563 tacitusque
1427 1511 1582 1552 omnia
1610 1517 1772 1551 nostra
1794 1511 1868 1551 ob-

247 1586 481 1626 seruabat.
502 1585 625 1625 Ante
643 1596 853 1633 coenam,
873 1584 992 1623 inter
1009 1582 1314 1633 coenandum,
1334 1589 1438 1634 post
1456 1594 1639 1634 quoque
1656 1592 1867 1631 coenam,

248 1663 517 1697 constanter
539 1655 885 1707 perseuerabat:
904 1654 1134 1706 hospitem
1150 1660 1305 1694 tamen
1322 1660 1428 1693 ante
1445 1664 1641 1693 coenam
1657 1663 1868 1704 praemo-

248 1739 513 1778 nueramus‚
538 1733 725 1767 curaret
746 1737 831 1766 nos
853 1726 1120 1776 diligenter,
1151 1730 1347 1765 vocatos
1376 1736 1462 1765 nos
1490 1724 1549 1765 ad
1575 1723 1752 1775 Regem
1781 1723 1869 1765 Ro-

247 1810 489 1839 manorum
519 1798 531 1817 ‘·’
555 1798 843 1849 aperiebam3
867 1808 1010 1849 quare
1037 1797 1212 1837 nullum
1242 1796 1503 1848 improbum
1530 1795 1772 1835 nobiscum
1793 1795 1869 1836 ad-

248 1870 448 1911 mitteret
471 1869 778 1920 rogabamus,
808 1868 928 1908 male
958 1879 1139 1920 quoque
1167 1872 1433 1919 suspectum
1464 1866 1597 1906 nobis
1617 1866 1739 1906 hunc
1768 1876 1870 1918 ape-

248 1941 497 1982 riebamus.
524 1940 701 1981 Verum
723 1951 827 1980 cum
850 1939 922 1979 his
944 1939 991 1979 in
1012 1938 1278 1989 regionibus
1309 1937 1514 1978 maxima
1543 1937 1791 1989 unicuique
1812 1937 1871 1978 sit

249 2023 471 2053 concessa
489 2011 692 2061 libertas,
718 2017 795 2050 aut
812 2013 964 2062 potius
985 2009 1227 2061 permissa,
1248 2020 1417 2060 cogere
1439 2019 1719 2060 quemquam
1740 2008 1870 2049 exire

248 2083 512 2134 hospitium,
533 2082 719 2133 hospiti,
740 2082 913 2132 absque
930 2091 1152 2132 expressa
1166 2086 1210 2120 et
1222 2079 1465 2120 sufficienti
1479 2090 1636 2129 causa,
1651 2091 1744 2119 non
1759 2079 1871 2120 faci-

249 2155 288 2194 le
306 2155 426 2203 licet;
442 2153 524 2193 sub
542 2159 757 2205 pretextu
774 2153 897 2192 enim
913 2152 1037 2201 boni,
1056 2158 1100 2191 et
1117 2151 1226 2191 mali
1242 2162 1425 2202 quoque
1443 2138 1764 2191 admittuntur.
1785 2149 1872 2191 Ita-

250 2237 337 2276 que
359 2224 584 2276 patientia
606 2235 722 2275 opus
743 2230 843 2263 erat
871 2229 914 2262 et
935 2222 1203 2273 Vigilantia3
1228 2222 1267 2261 is
1295 2222 1417 2261 enim
1437 2221 1484 2261 in
1505 2221 1705 2262 mediam
1726 2232 1873 2273 usque

250 2303 434 2337 noctem
465 2295 532 2345 (ni
564 2294 723 2344 fallor)
752 2295 878 2334 solus
907 2299 1129 2333 coenatus
1156 2292 1490 2344 perseuerauit,
1526 2291 1675 2332 donec
1708 2303 1871 2333 somno

249 2378 440 2418 pressus
461 2366 816 2417 compelleretur
839 2365 1041 2404 dormire
1061 2364 1109 2404 in
1131 2375 1346 2404 scamno:
1379 2369 1516 2403 antea
1546 2369 1702 2403 tamen
1723 2375 1869 2404 coena

249 2438 388 2487 facta,
414 2448 588 2486 omnes,
612 2442 797 2488 praeter
820 2436 1229 2475 Bartholomaeum
1251 2433 1279 2484 ³,
1310 2445 1447 2486 quem
1474 2434 1586 2474 mihi
1609 2434 1871 2475 asciueram

250 2509 449 2558 socium,
473 2508 692 2547 miseram
719 2506 889 2546 fratres
919 2506 1148 2555 cubitum,
1181 2505 1484 2555 uigilantibus
1513 2504 1646 2545 nobis
1674 2505 1869 2553 duobus,

258 2643 574 2677 Thurz‘ngerwaldt,
588 2650 608 2670 a
625 2643 782 2670 Bohemis
798 2642 1079 2669 Belzemerwaldt
1095 2641 1300 2675 appellatur,
1316 2648 1336 2668 a
1351 2640 1460 2668 Gallis
1480 2645 1594 2668 autem
1610 2640 1732 2667 Forest
1752 2639 1800 2667 de
1812 2640 1877 2667 Βο-

251 2693 361 2720 Ιιειηε.
379 2691 479 2718 Dicta
502 2690 564 2718 fuit
585 2695 689 2717 etiam
706 2690 901 2726 Orcyniam,
917 2694 950 2716 et
970 2689 1178 2724 Hercynium
1200 2696 1326 2722 nemus,
1349 2694 1382 2715 et
1399 2689 1442 2716 ab
1464 2696 1504 2716 ea
1525 2693 1654 2715 montes
1676 2688 1876 2723 adjacentes

252 2741 332 2768 dicti
350 2740 441 2766 fuere
459 2738 619 2773 Hercynii
637 2742 777 2771 montes,
794 2738 848 2771 qui
864 2742 896 2765 et
913 2737 1052 2770 Suditi.„
1069 2737 1256 2763 BAUDRAND
1270 2736 1301 2763 in
1318 2736 1544 2763 additionibus
1559 2737 1601 2763 ad
1623 2735 1774 2763 Lexicon
1797 2734 1877 2762 Geo-

252 2787 462 2822 graphz'cum
479 2786 633 2812 FaRRAni

306 2835 315 2855 ¹
357 2834 420 2867 Sic,
438 2838 468 2860 et
485 2832 697 2866 intelligendi
714 2833 871 2860 videntur
887 2834 918 2865 ii,
938 2833 1004 2867 qui,
1021 2840 1036 2858 e
1052 2831 1239 2860 Germania
1255 2832 1397 2866 oriundi,
1412 2832 1646 2865 germanicam
1660 2831 1808 2866 linguam
1830 2836 1875 2859 te-

254 2883 389 2914 nebant,
405 2888 444 2908 ac
459 2881 599 2914 proinde
616 2880 748 2907 facilius
763 2880 948 2914 meliusque
963 2884 1122 2914 poterant
1139 2887 1211 2906 cum
1227 2879 1348 2913 auriga
1365 2883 1397 2906 et
1414 2879 1491 2906 aliis
1506 2886 1621 2913 agere.

307 2931 320 2950 Ξ
358 2928 412 2956 Sic
427 2928 604 2962 perspicue
620 2928 651 2955 in
667 2928 856 2962 archetypo
871 2932 997 2954 nostro.
1014 2927 1241 2954 Romanorum
1257 2926 1328 2953 Rex
1350 2931 1425 2954 erat
1442 2926 1676 2954 Ferdinandus
1691 2926 1714 2953 Ι.

307 2977 320 2994 3
357 2976 652 3009 Bartholomaeus,
669 2974 856 3002 Helvetius.
874 2974 960 3002 Vide
977 2973 1100 3001 Cartas
1115 2974 1156 3000 de
1172 2973 1243 3000 San
1266 2973 1421 3007 Ignacio‚
1436 2978 1458 3000 t.
1475 2982 1520 3007 v1,
1536 2981 1613 3008 pag.
1631 2973 1680 3000 124
1700 2974 1760 3001 sub
1777 2973 1874 3000 finem

255 3024 482 3052 annotationis
497 3023 522 3050 9.
