<?xml version="1.0" encoding="UTF-8"?>
<!DOCTYPE html PUBLIC "-//W3C//DTD XHTML 1.0 Transitional//EN"
    "http://www.w3.org/TR/xhtml1/DTD/xhtml1-transitional.dtd">
<html xmlns="http://www.w3.org/1999/xhtml" xml:lang="en" lang="en">
 <head>
  <title>
</title>
<meta http-equiv="Content-Type" content="text/html;charset=utf-8" />
  <meta name='ocr-system' content='tesseract 3.04.00' />
  <meta name='ocr-capabilities' content='ocr_page ocr_carea ocr_par ocr_line ocrx_word'/>
</head>
<body>
  <div class='ocr_page' id='page_1' title='image "./litteraequadrime16lain_0116.png"; bbox 0 0 2020 3342; ppageno 0'>
   <div class='ocr_carea' id='block_1_1' title="bbox 252 235 1373 278">
    <p class='ocr_par' dir='ltr' id='par_1_1' title="bbox 252 235 1373 278">
     <span class='ocr_line' id='line_1_1' title="bbox 252 235 1373 278; baseline -0.003 -5"><span class='ocrx_word' id='word_1_1' title='bbox 252 236 320 274; x_wconf 83' lang='grc'>110</span> <span class='ocrx_word' id='word_1_2' title='bbox 762 235 990 273; x_wconf 79' lang='lat' dir='ltr'>LITTERAE</span> <span class='ocrx_word' id='word_1_3' title='bbox 1015 243 1373 278; x_wconf 77' lang='lat' dir='ltr'><strong>QUADRIMESTRES</strong></span> 
     </span>
    </p>
   </div>
   <div class='ocr_carea' id='block_1_2' title="bbox 245 326 1879 735">
    <p class='ocr_par' dir='ltr' id='par_1_2' title="bbox 245 326 1879 523">
     <span class='ocr_line' id='line_1_2' title="bbox 331 326 1877 384; baseline -0.004 -12"><span class='ocrx_word' id='word_1_4' title='bbox 331 331 683 384; x_wconf 70' lang='lat' dir='ltr'>Superscrz&#39;ptio</span> <span class='ocrx_word' id='word_1_5' title='bbox 704 331 754 371; x_wconf 78' lang='lat' dir='ltr'>in</span> <span class='ocrx_word' id='word_1_6' title='bbox 775 334 949 382; x_wconf 78' lang='lat' dir='ltr'>quarta</span> <span class='ocrx_word' id='word_1_7' title='bbox 964 329 1173 382; x_wconf 76' lang='lat' dir='ltr'>pagina:</span> <span class='ocrx_word' id='word_1_8' title='bbox 1202 329 1260 369; x_wconf 86' lang='lat' dir='ltr'>Al</span> <span class='ocrx_word' id='word_1_9' title='bbox 1288 329 1431 369; x_wconf 90' lang='lat' dir='ltr'>molto</span> <span class='ocrx_word' id='word_1_10' title='bbox 1459 328 1560 369; x_wconf 77' lang='lat' dir='ltr'>R.d0</span> <span class='ocrx_word' id='word_1_11' title='bbox 1589 328 1635 368; x_wconf 89' lang='lat' dir='ltr'>in</span> <span class='ocrx_word' id='word_1_12' title='bbox 1670 327 1753 369; x_wconf 88' lang='lat' dir='ltr'>X.0</span> <span class='ocrx_word' id='word_1_13' title='bbox 1774 327 1822 367; x_wconf 87' lang='lat' dir='ltr'>P.</span> <span class='ocrx_word' id='word_1_14' title='bbox 1848 326 1877 367; x_wconf 92' lang='lat' dir='ltr'>il</span> 
     </span>
     <span class='ocr_line' id='line_1_3' title="bbox 245 397 1879 453; baseline -0.004 -9"><span class='ocrx_word' id='word_1_15' title='bbox 245 403 300 444; x_wconf 81' lang='lat' dir='ltr'>P.</span> <span class='ocrx_word' id='word_1_16' title='bbox 326 415 384 444; x_wconf 89' lang='lat' dir='ltr'>m.</span> <span class='ocrx_word' id='word_1_17' title='bbox 408 402 588 453; x_wconf 83' lang='lat' dir='ltr'>Ignatio</span> <span class='ocrx_word' id='word_1_18' title='bbox 610 401 666 442; x_wconf 89' lang='lat' dir='ltr'>de</span> <span class='ocrx_word' id='word_1_19' title='bbox 686 401 864 453; x_wconf 86' lang='lat' dir='ltr'>Loyola</span> <span class='ocrx_word' id='word_1_20' title='bbox 885 400 1126 451; x_wconf 85' lang='lat' dir='ltr'>Preposito</span> <span class='ocrx_word' id='word_1_21' title='bbox 1147 400 1366 450; x_wconf 86' lang='lat' dir='ltr'>generale</span> <span class='ocrx_word' id='word_1_22' title='bbox 1388 399 1508 439; x_wconf 88' lang='lat' dir='ltr'>della</span> <span class='ocrx_word' id='word_1_23' title='bbox 1526 398 1816 450; x_wconf 84' lang='lat' dir='ltr'>Compagnia</span> <span class='ocrx_word' id='word_1_24' title='bbox 1832 397 1879 438; x_wconf 93' lang='lat' dir='ltr'>di</span> 
     </span>
     <span class='ocr_line' id='line_1_4' title="bbox 245 473 651 523; baseline -0.005 -9"><span class='ocrx_word' id='word_1_25' title='bbox 245 473 414 523; x_wconf 73' lang='lat' dir='ltr'>Giesu,</span> <span class='ocrx_word' id='word_1_26' title='bbox 440 486 466 513; x_wconf 89' lang='lat' dir='ltr'>a</span> <span class='ocrx_word' id='word_1_27' title='bbox 487 473 651 513; x_wconf 90' lang='lat' dir='ltr'>Roma.</span> 
     </span>
    </p>

    <p class='ocr_par' dir='ltr' id='par_1_3' title="bbox 245 539 1878 655">
     <span class='ocr_line' id='line_1_5' title="bbox 333 539 1878 593; baseline -0.003 -9"><span class='ocrx_word' id='word_1_28' title='bbox 333 544 444 585; x_wconf 66' lang='lat' dir='ltr'>Alsa</span> <span class='ocrx_word' id='word_1_29' title='bbox 465 555 627 583; x_wconf 75' lang='lat' dir='ltr'>manu:</span> <span class='ocrx_word' id='word_1_30' title='bbox 651 542 766 583; x_wconf 79' lang='lat'>1556.</span> <span class='ocrx_word' id='word_1_31' title='bbox 795 542 1011 593; x_wconf 80' lang='lat' dir='ltr'>Perugia.</span> <span class='ocrx_word' id='word_1_32' title='bbox 1041 541 1381 593; x_wconf 85' lang='lat' dir='ltr'>Quadrimestri</span> <span class='ocrx_word' id='word_1_33' title='bbox 1408 541 1530 581; x_wconf 88' lang='lat' dir='ltr'>insin</span> <span class='ocrx_word' id='word_1_34' title='bbox 1560 540 1637 580; x_wconf 88' lang='lat' dir='ltr'>alli</span> <span class='ocrx_word' id='word_1_35' title='bbox 1666 539 1690 579; x_wconf 77' lang='lat'>3</span> <span class='ocrx_word' id='word_1_36' title='bbox 1717 539 1763 580; x_wconf 91' lang='lat' dir='ltr'>di</span> <span class='ocrx_word' id='word_1_37' title='bbox 1794 539 1878 580; x_wconf 92' lang='lat' dir='ltr'>Fe-</span> 
     </span>
     <span class='ocr_line' id='line_1_6' title="bbox 245 615 402 655; baseline -0.006 0"><span class='ocrx_word' id='word_1_38' title='bbox 245 615 402 655; x_wconf 66' lang='lat' dir='ltr'>braio.</span> 
     </span>
    </p>

    <p class='ocr_par' dir='ltr' id='par_1_4' title="bbox 346 682 968 735">
     <span class='ocr_line' id='line_1_7' title="bbox 346 682 968 735; baseline -0.003 -11"><span class='ocrx_word' id='word_1_39' title='bbox 346 684 608 735; x_wconf 77' lang='lat' dir='ltr'><em>Vestigium</em></span> <span class='ocrx_word' id='word_1_40' title='bbox 636 695 769 724; x_wconf 79' lang='lat' dir='ltr'>cerae</span> <span class='ocrx_word' id='word_1_41' title='bbox 797 682 968 734; x_wconf 69' lang='lat' dir='ltr'>sigilli.</span> 
     </span>
    </p>
   </div>
   <div class='ocr_carea' id='block_1_3' title="bbox 434 1103 1703 1142">
    <p class='ocr_par' dir='ltr' id='par_1_5' title="bbox 434 1103 1703 1142">
     <span class='ocr_line' id='line_1_8' title="bbox 434 1103 1703 1142; baseline -0.005 -6"><span class='ocrx_word' id='word_1_42' title='bbox 434 1109 715 1136; x_wconf 80' lang='lat' dir='ltr'>Praecedentium</span> <span class='ocrx_word' id='word_1_43' title='bbox 730 1108 868 1142; x_wconf 79' lang='lat' dir='ltr'>Joannis</span> <span class='ocrx_word' id='word_1_44' title='bbox 884 1107 1021 1135; x_wconf 87' lang='lat' dir='ltr'>Antonii</span> <span class='ocrx_word' id='word_1_45' title='bbox 1037 1106 1201 1142; x_wconf 83' lang='lat' dir='ltr'>Viperani</span> <span class='ocrx_word' id='word_1_46' title='bbox 1216 1107 1411 1134; x_wconf 83' lang='lat' dir='ltr'>litterarum</span> <span class='ocrx_word' id='word_1_47' title='bbox 1426 1106 1534 1133; x_wconf 83' lang='lat' dir='ltr'>latina</span> <span class='ocrx_word' id='word_1_48' title='bbox 1553 1105 1666 1131; x_wconf 75' lang='lat' dir='ltr'>versio</span> <span class='ocrx_word' id='word_1_49' title='bbox 1683 1103 1703 1130; x_wconf 83' lang='lat'>ยน.</span> 
     </span>
    </p>
   </div>
   <div class='ocr_carea' id='block_1_4' title="bbox 1017 1269 1122 1355">
    <p class='ocr_par' dir='ltr' id='par_1_6' title="bbox 1017 1269 1122 1355">
     <span class='ocr_line' id='line_1_9' title="bbox 1017 1269 1122 1355; baseline 0 -12"><span class='ocrx_word' id='word_1_50' title='bbox 1017 1269 1122 1355; x_wconf 59' lang='lat' dir='ltr'>stis</span> 
     </span>
    </p>
   </div>
   <div class='ocr_carea' id='block_1_5' title="bbox 342 1463 535 1504">
    <p class='ocr_par' dir='ltr' id='par_1_7' title="bbox 342 1463 535 1504">
     <span class='ocr_line' id='line_1_10' title="bbox 342 1463 535 1504; baseline 0 0"><span class='ocrx_word' id='word_1_51' title='bbox 342 1463 441 1504; x_wconf 80' lang='lat' dir='ltr'>Pax</span> <span class='ocrx_word' id='word_1_52' title='bbox 462 1463 535 1504; x_wconf 57' lang='lat' dir='ltr'>Xft</span> 
     </span>
    </p>
   </div>
   <div class='ocr_carea' id='block_1_6' title="bbox 252 1531 1895 2927">
    <p class='ocr_par' dir='ltr' id='par_1_8' title="bbox 252 1531 1895 2927">
     <span class='ocr_line' id='line_1_11' title="bbox 339 1531 1882 1586; baseline -0.003 -11"><span class='ocrx_word' id='word_1_53' title='bbox 339 1534 470 1586; x_wconf 85' lang='lat' dir='ltr'>Quae</span> <span class='ocrx_word' id='word_1_54' title='bbox 490 1540 624 1586; x_wconf 85' lang='lat' dir='ltr'>gesta</span> <span class='ocrx_word' id='word_1_55' title='bbox 645 1541 752 1574; x_wconf 87' lang='lat' dir='ltr'>sunt</span> <span class='ocrx_word' id='word_1_56' title='bbox 772 1535 844 1574; x_wconf 88' lang='lat' dir='ltr'>his</span> <span class='ocrx_word' id='word_1_57' title='bbox 866 1540 1064 1586; x_wconf 88' lang='lat' dir='ltr'>quatuor</span> <span class='ocrx_word' id='word_1_58' title='bbox 1085 1534 1321 1574; x_wconf 87' lang='lat' dir='ltr'>mensibus</span> <span class='ocrx_word' id='word_1_59' title='bbox 1341 1533 1485 1585; x_wconf 79' lang='lat' dir='ltr'>lapsis</span> <span class='ocrx_word' id='word_1_60' title='bbox 1503 1565 1510 1583; x_wconf 92' lang='lat'>,</span> <span class='ocrx_word' id='word_1_61' title='bbox 1534 1532 1736 1573; x_wconf 89' lang='lat' dir='ltr'>scribam</span> <span class='ocrx_word' id='word_1_62' title='bbox 1758 1531 1818 1572; x_wconf 86' lang='lat' dir='ltr'>ad</span> <span class='ocrx_word' id='word_1_63' title='bbox 1838 1538 1882 1571; x_wconf 91' lang='lat' dir='ltr'>te</span> 
     </span>
     <span class='ocr_line' id='line_1_12' title="bbox 258 1601 1884 1657; baseline -0.002 -12"><span class='ocrx_word' id='word_1_64' title='bbox 258 1606 478 1656; x_wconf 87' lang='lat' dir='ltr'>breuiter,</span> <span class='ocrx_word' id='word_1_65' title='bbox 503 1605 626 1657; x_wconf 90' lang='lat' dir='ltr'>quod</span> <span class='ocrx_word' id='word_1_66' title='bbox 646 1618 701 1645; x_wconf 89' lang='lat' dir='ltr'>ea</span> <span class='ocrx_word' id='word_1_67' title='bbox 723 1605 803 1645; x_wconf 92' lang='lat' dir='ltr'>tibi</span> <span class='ocrx_word' id='word_1_68' title='bbox 824 1617 996 1656; x_wconf 80' lang='lat' dir='ltr'>magna</span> <span class='ocrx_word' id='word_1_69' title='bbox 1017 1618 1074 1645; x_wconf 85' lang='lat' dir='ltr'>ex</span> <span class='ocrx_word' id='word_1_70' title='bbox 1095 1611 1227 1657; x_wconf 91' lang='lat' dir='ltr'>parte</span> <span class='ocrx_word' id='word_1_71' title='bbox 1253 1611 1365 1645; x_wconf 90' lang='lat' dir='ltr'>nota</span> <span class='ocrx_word' id='word_1_72' title='bbox 1393 1615 1495 1644; x_wconf 89' lang='lat' dir='ltr'>esse</span> <span class='ocrx_word' id='word_1_73' title='bbox 1517 1603 1731 1643; x_wconf 79' lang='lat' dir='ltr'>arbitror.</span> <span class='ocrx_word' id='word_1_74' title='bbox 1765 1601 1884 1643; x_wconf 92' lang='lat' dir='ltr'>Nam</span> 
     </span>
     <span class='ocr_line' id='line_1_13' title="bbox 261 1673 1885 1728; baseline -0.002 -12"><span class='ocrx_word' id='word_1_75' title='bbox 261 1677 498 1717; x_wconf 87' lang='lat' dir='ltr'>consuetis</span> <span class='ocrx_word' id='word_1_76' title='bbox 526 1676 691 1716; x_wconf 90' lang='lat' dir='ltr'>studiis</span> <span class='ocrx_word' id='word_1_77' title='bbox 726 1688 1025 1728; x_wconf 79' lang='lat' dir='ltr'>occupamur,</span> <span class='ocrx_word' id='word_1_78' title='bbox 1059 1688 1207 1728; x_wconf 91' lang='lat' dir='ltr'>neque</span> <span class='ocrx_word' id='word_1_79' title='bbox 1235 1677 1334 1716; x_wconf 92' lang='lat' dir='ltr'>sine</span> <span class='ocrx_word' id='word_1_80' title='bbox 1363 1676 1559 1716; x_wconf 89' lang='lat' dir='ltr'>aliorum</span> <span class='ocrx_word' id='word_1_81' title='bbox 1587 1674 1741 1726; x_wconf 88' lang='lat' dir='ltr'>aliqua</span> <span class='ocrx_word' id='word_1_82' title='bbox 1767 1673 1885 1714; x_wconf 90' lang='lat' dir='ltr'>utili-</span> 
     </span>
     <span class='ocr_line' id='line_1_14' title="bbox 262 1744 1886 1798; baseline -0.002 -11"><span class='ocrx_word' id='word_1_83' title='bbox 262 1753 372 1788; x_wconf 89' lang='lat' dir='ltr'>tate.</span> <span class='ocrx_word' id='word_1_84' title='bbox 401 1747 520 1788; x_wconf 87' lang='lat' dir='ltr'>Nam</span> <span class='ocrx_word' id='word_1_85' title='bbox 550 1747 778 1798; x_wconf 79' lang='lat' dir='ltr'>plerique,</span> <span class='ocrx_word' id='word_1_86' title='bbox 816 1747 1094 1787; x_wconf 88' lang='lat' dir='ltr'>daemonum</span> <span class='ocrx_word' id='word_1_87' title='bbox 1126 1747 1289 1787; x_wconf 87' lang='lat' dir='ltr'>fraude</span> <span class='ocrx_word' id='word_1_88' title='bbox 1322 1746 1651 1797; x_wconf 78' lang='lat' dir='ltr'>blanditiisque</span> <span class='ocrx_word' id='word_1_89' title='bbox 1687 1744 1886 1796; x_wconf 90' lang='lat' dir='ltr'>decepti,</span> 
     </span>
     <span class='ocr_line' id='line_1_15' title="bbox 252 1815 1884 1870; baseline -0.002 -12"><span class='ocrx_word' id='word_1_90' title='bbox 252 1818 538 1870; x_wconf 84' lang='lat' dir='ltr'>quibuscum</span> <span class='ocrx_word' id='word_1_91' title='bbox 560 1828 798 1857; x_wconf 86' lang='lat' dir='ltr'>sermones</span> <span class='ocrx_word' id='word_1_92' title='bbox 819 1818 1088 1869; x_wconf 92' lang='lat' dir='ltr'>plerumque</span> <span class='ocrx_word' id='word_1_93' title='bbox 1111 1818 1425 1867; x_wconf 85' lang='lat' dir='ltr'>conferebant,</span> <span class='ocrx_word' id='word_1_94' title='bbox 1449 1823 1495 1856; x_wconf 90' lang='lat' dir='ltr'>ut</span> <span class='ocrx_word' id='word_1_95' title='bbox 1512 1827 1630 1868; x_wconf 91' lang='lat' dir='ltr'>quos</span> <span class='ocrx_word' id='word_1_96' title='bbox 1648 1815 1884 1856; x_wconf 89' lang='lat' dir='ltr'>defuncto-</span> 
     </span>
     <span class='ocr_line' id='line_1_16' title="bbox 263 1885 1889 1939; baseline -0.002 -10"><span class='ocrx_word' id='word_1_97' title='bbox 263 1901 366 1929; x_wconf 85' lang='lat' dir='ltr'>rum</span> <span class='ocrx_word' id='word_1_98' title='bbox 386 1888 544 1928; x_wconf 84' lang='lat' dir='ltr'>nescio</span> <span class='ocrx_word' id='word_1_99' title='bbox 566 1899 682 1939; x_wconf 91' lang='lat' dir='ltr'>quas</span> <span class='ocrx_word' id='word_1_100' title='bbox 705 1889 886 1928; x_wconf 87' lang='lat' dir='ltr'>animas</span> <span class='ocrx_word' id='word_1_101' title='bbox 919 1900 1021 1928; x_wconf 91' lang='lat' dir='ltr'>esse</span> <span class='ocrx_word' id='word_1_102' title='bbox 1047 1888 1388 1939; x_wconf 83' lang='lat' dir='ltr'>existimarent,</span> <span class='ocrx_word' id='word_1_103' title='bbox 1418 1887 1571 1928; x_wconf 89' lang='lat' dir='ltr'>Patris</span> <span class='ocrx_word' id='word_1_104' title='bbox 1597 1886 1745 1926; x_wconf 87' lang='lat' dir='ltr'>nostri</span> <span class='ocrx_word' id='word_1_105' title='bbox 1769 1885 1889 1926; x_wconf 90' lang='lat' dir='ltr'>Eue-</span> 
     </span>
     <span class='ocr_line' id='line_1_17' title="bbox 264 1957 1889 2010; baseline -0.002 -11"><span class='ocrx_word' id='word_1_106' title='bbox 264 1958 392 1999; x_wconf 87' lang='lat' dir='ltr'>rardi</span> <span class='ocrx_word' id='word_1_107' title='bbox 414 1959 621 1998; x_wconf 85' lang='lat' dir='ltr'>consiliis</span> <span class='ocrx_word' id='word_1_108' title='bbox 644 1957 719 2010; x_wconf 90' lang='lat' dir='ltr'>[et]</span> <span class='ocrx_word' id='word_1_109' title='bbox 743 1959 1073 1999; x_wconf 89' lang='lat' dir='ltr'>monitionibus</span> <span class='ocrx_word' id='word_1_110' title='bbox 1093 1959 1279 1999; x_wconf 90' lang='lat' dir='ltr'>fuerunt</span> <span class='ocrx_word' id='word_1_111' title='bbox 1306 1970 1333 1998; x_wconf 91' lang='lat' dir='ltr'>a</span> <span class='ocrx_word' id='word_1_112' title='bbox 1355 1964 1483 1998; x_wconf 90' lang='lat' dir='ltr'>tanto</span> <span class='ocrx_word' id='word_1_113' title='bbox 1512 1969 1671 1997; x_wconf 87' lang='lat' dir='ltr'>errore</span> <span class='ocrx_word' id='word_1_114' title='bbox 1699 1967 1889 1996; x_wconf 87' lang='lat' dir='ltr'>reuoca-</span> 
     </span>
     <span class='ocr_line' id='line_1_18' title="bbox 265 2026 1889 2080; baseline -0.002 -11"><span class='ocrx_word' id='word_1_115' title='bbox 265 2030 313 2070; x_wconf 83' lang='lat' dir='ltr'>ti.</span> <span class='ocrx_word' id='word_1_116' title='bbox 356 2029 443 2080; x_wconf 84' lang='lat' dir='ltr'>Qui</span> <span class='ocrx_word' id='word_1_117' title='bbox 479 2029 556 2068; x_wconf 91' lang='lat' dir='ltr'>ubi</span> <span class='ocrx_word' id='word_1_118' title='bbox 593 2041 642 2068; x_wconf 88' lang='lat' dir='ltr'>se</span> <span class='ocrx_word' id='word_1_119' title='bbox 682 2035 778 2069; x_wconf 89' lang='lat' dir='ltr'>tam</span> <span class='ocrx_word' id='word_1_120' title='bbox 818 2030 1077 2080; x_wconf 87' lang='lat' dir='ltr'>periculose</span> <span class='ocrx_word' id='word_1_121' title='bbox 1117 2030 1336 2080; x_wconf 87' lang='lat' dir='ltr'>deceptos</span> <span class='ocrx_word' id='word_1_122' title='bbox 1377 2034 1692 2079; x_wconf 83' lang='lat' dir='ltr'>agnouerunt,</span> <span class='ocrx_word' id='word_1_123' title='bbox 1738 2026 1889 2067; x_wconf 91' lang='lat' dir='ltr'>eidem</span> 
     </span>
     <span class='ocr_line' id='line_1_19' title="bbox 266 2098 1892 2151; baseline -0.002 -12"><span class='ocrx_word' id='word_1_124' title='bbox 266 2100 394 2140; x_wconf 85' lang='lat' dir='ltr'>Patri</span> <span class='ocrx_word' id='word_1_125' title='bbox 416 2100 617 2140; x_wconf 85' lang='lat' dir='ltr'>confessi</span> <span class='ocrx_word' id='word_1_126' title='bbox 638 2107 848 2150; x_wconf 85' lang='lat' dir='ltr'>peccata,</span> <span class='ocrx_word' id='word_1_127' title='bbox 873 2100 1220 2141; x_wconf 86' lang='lat' dir='ltr'>sanctissimum</span> <span class='ocrx_word' id='word_1_128' title='bbox 1241 2099 1315 2140; x_wconf 83' lang='lat' dir='ltr'>X.i</span> <span class='ocrx_word' id='word_1_129' title='bbox 1345 2111 1515 2151; x_wconf 92' lang='lat' dir='ltr'>corpus</span> <span class='ocrx_word' id='word_1_130' title='bbox 1547 2099 1605 2138; x_wconf 89' lang='lat' dir='ltr'>ab</span> <span class='ocrx_word' id='word_1_131' title='bbox 1632 2098 1796 2138; x_wconf 91' lang='lat' dir='ltr'>eodem</span> <span class='ocrx_word' id='word_1_132' title='bbox 1817 2108 1892 2137; x_wconf 87' lang='lat' dir='ltr'>ac-</span> 
     </span>
     <span class='ocr_line' id='line_1_20' title="bbox 267 2167 1893 2223; baseline -0.002 -13"><span class='ocrx_word' id='word_1_133' title='bbox 267 2176 506 2221; x_wconf 86' lang='lat' dir='ltr'>ceperunt,</span> <span class='ocrx_word' id='word_1_134' title='bbox 529 2179 963 2223; x_wconf 83' lang='lat' dir='ltr'>proposueruntque</span> <span class='ocrx_word' id='word_1_135' title='bbox 983 2171 1108 2211; x_wconf 90' lang='lat' dir='ltr'>nullo</span> <span class='ocrx_word' id='word_1_136' title='bbox 1129 2177 1267 2222; x_wconf 90' lang='lat' dir='ltr'>pacto</span> <span class='ocrx_word' id='word_1_137' title='bbox 1292 2171 1511 2222; x_wconf 88' lang='lat' dir='ltr'>deinceps</span> <span class='ocrx_word' id='word_1_138' title='bbox 1538 2167 1767 2210; x_wconf 90' lang='lat' dir='ltr'>eiusmodi</span> <span class='ocrx_word' id='word_1_139' title='bbox 1787 2167 1893 2208; x_wconf 86' lang='lat' dir='ltr'>dae-</span> 
     </span>
     <span class='ocr_line' id='line_1_21' title="bbox 269 2241 1893 2292; baseline -0.002 -11"><span class='ocrx_word' id='word_1_140' title='bbox 269 2253 460 2281; x_wconf 88' lang='lat' dir='ltr'>monum</span> <span class='ocrx_word' id='word_1_141' title='bbox 481 2241 770 2282; x_wconf 84' lang='lat' dir='ltr'>illusionibus</span> <span class='ocrx_word' id='word_1_142' title='bbox 800 2241 936 2282; x_wconf 88' lang='lat' dir='ltr'>fidem</span> <span class='ocrx_word' id='word_1_143' title='bbox 964 2242 1168 2282; x_wconf 87' lang='lat' dir='ltr'>daturos.</span> <span class='ocrx_word' id='word_1_144' title='bbox 1203 2241 1447 2292; x_wconf 86' lang='lat' dir='ltr'>Quoddam</span> <span class='ocrx_word' id='word_1_145' title='bbox 1476 2247 1720 2292; x_wconf 90' lang='lat' dir='ltr'>praeterea</span> <span class='ocrx_word' id='word_1_146' title='bbox 1750 2249 1893 2289; x_wconf 85' lang='lat' dir='ltr'>nego-</span> 
     </span>
     <span class='ocr_line' id='line_1_22' title="bbox 268 2308 1894 2364; baseline -0.002 -13"><span class='ocrx_word' id='word_1_147' title='bbox 268 2312 398 2352; x_wconf 89' lang='lat' dir='ltr'>cium</span> <span class='ocrx_word' id='word_1_148' title='bbox 420 2312 478 2352; x_wconf 92' lang='lat' dir='ltr'>ad</span> <span class='ocrx_word' id='word_1_149' title='bbox 500 2318 711 2351; x_wconf 88' lang='lat' dir='ltr'>sanctam</span> <span class='ocrx_word' id='word_1_150' title='bbox 732 2312 972 2352; x_wconf 89' lang='lat' dir='ltr'>Ecclesiae</span> <span class='ocrx_word' id='word_1_151' title='bbox 993 2313 1129 2353; x_wconf 90' lang='lat' dir='ltr'>fidem</span> <span class='ocrx_word' id='word_1_152' title='bbox 1150 2313 1403 2364; x_wconf 87' lang='lat' dir='ltr'>pertinens,</span> <span class='ocrx_word' id='word_1_153' title='bbox 1427 2323 1518 2363; x_wconf 93' lang='lat' dir='ltr'>qua</span> <span class='ocrx_word' id='word_1_154' title='bbox 1539 2311 1638 2351; x_wconf 89' lang='lat' dir='ltr'>fieri</span> <span class='ocrx_word' id='word_1_155' title='bbox 1658 2310 1806 2362; x_wconf 90' lang='lat' dir='ltr'>potuit</span> <span class='ocrx_word' id='word_1_156' title='bbox 1827 2308 1894 2349; x_wconf 94' lang='lat' dir='ltr'>di-</span> 
     </span>
     <span class='ocr_line' id='line_1_23' title="bbox 268 2381 1888 2435; baseline -0.002 -13"><span class='ocrx_word' id='word_1_157' title='bbox 268 2383 459 2433; x_wconf 82' lang='lat' dir='ltr'>ligentia</span> <span class='ocrx_word' id='word_1_158' title='bbox 495 2388 539 2422; x_wconf 88' lang='lat' dir='ltr'>et</span> <span class='ocrx_word' id='word_1_159' title='bbox 572 2382 840 2434; x_wconf 87' lang='lat' dir='ltr'>prudentia,</span> <span class='ocrx_word' id='word_1_160' title='bbox 877 2391 1090 2424; x_wconf 88' lang='lat' dir='ltr'>curatum</span> <span class='ocrx_word' id='word_1_161' title='bbox 1121 2390 1203 2423; x_wconf 88' lang='lat' dir='ltr'>est:</span> <span class='ocrx_word' id='word_1_162' title='bbox 1237 2383 1362 2435; x_wconf 87' lang='lat' dir='ltr'>quod</span> <span class='ocrx_word' id='word_1_163' title='bbox 1395 2382 1553 2433; x_wconf 83' lang='lat' dir='ltr'>magni</span> <span class='ocrx_word' id='word_1_164' title='bbox 1584 2386 1684 2421; x_wconf 88' lang='lat' dir='ltr'>erat</span> <span class='ocrx_word' id='word_1_165' title='bbox 1719 2381 1766 2420; x_wconf 91' lang='lat' dir='ltr'>in</span> <span class='ocrx_word' id='word_1_166' title='bbox 1799 2381 1888 2420; x_wconf 86' lang='lat' dir='ltr'>hac</span> 
     </span>
     <span class='ocr_line' id='line_1_24' title="bbox 269 2450 1887 2504; baseline -0.001 -12"><span class='ocrx_word' id='word_1_167' title='bbox 269 2454 397 2503; x_wconf 89' lang='lat' dir='ltr'>urbe,</span> <span class='ocrx_word' id='word_1_168' title='bbox 422 2458 469 2492; x_wconf 88' lang='lat' dir='ltr'>ut</span> <span class='ocrx_word' id='word_1_169' title='bbox 492 2453 669 2504; x_wconf 87' lang='lat' dir='ltr'>opinor,</span> <span class='ocrx_word' id='word_1_170' title='bbox 694 2454 929 2494; x_wconf 88' lang='lat' dir='ltr'>momenti.</span> <span class='ocrx_word' id='word_1_171' title='bbox 956 2454 1203 2494; x_wconf 89' lang='lat' dir='ltr'>Caeterum</span> <span class='ocrx_word' id='word_1_172' title='bbox 1232 2454 1342 2493; x_wconf 90' lang='lat' dir='ltr'>illud</span> <span class='ocrx_word' id='word_1_173' title='bbox 1369 2465 1462 2493; x_wconf 91' lang='lat' dir='ltr'>non</span> <span class='ocrx_word' id='word_1_174' title='bbox 1489 2452 1625 2504; x_wconf 88' lang='lat' dir='ltr'>parui</span> <span class='ocrx_word' id='word_1_175' title='bbox 1655 2450 1887 2500; x_wconf 83' lang='lat' dir='ltr'>existimo,</span> 
     </span>
     <span class='ocr_line' id='line_1_25' title="bbox 269 2522 1895 2575; baseline -0.002 -11"><span class='ocrx_word' id='word_1_176' title='bbox 269 2524 411 2564; x_wconf 82' lang='lat' dir='ltr'>fuisse</span> <span class='ocrx_word' id='word_1_177' title='bbox 445 2523 672 2574; x_wconf 87' lang='lat' dir='ltr'>quosdam</span> <span class='ocrx_word' id='word_1_178' title='bbox 709 2525 801 2575; x_wconf 88' lang='lat' dir='ltr'>qui,</span> <span class='ocrx_word' id='word_1_179' title='bbox 836 2526 1050 2575; x_wconf 82' lang='lat' dir='ltr'>neglecta</span> <span class='ocrx_word' id='word_1_180' title='bbox 1080 2524 1321 2575; x_wconf 83' lang='lat' dir='ltr'>religione,</span> <span class='ocrx_word' id='word_1_181' title='bbox 1354 2524 1429 2563; x_wconf 90' lang='lat' dir='ltr'>cui</span> <span class='ocrx_word' id='word_1_182' title='bbox 1459 2523 1587 2574; x_wconf 90' lang='lat' dir='ltr'>prius</span> <span class='ocrx_word' id='word_1_183' title='bbox 1619 2534 1667 2562; x_wconf 91' lang='lat' dir='ltr'>se</span> <span class='ocrx_word' id='word_1_184' title='bbox 1696 2522 1895 2562; x_wconf 88' lang='lat' dir='ltr'>deuoue-</span> 
     </span>
     <span class='ocr_line' id='line_1_26' title="bbox 269 2593 1894 2646; baseline -0.002 -12"><span class='ocrx_word' id='word_1_185' title='bbox 269 2600 388 2644; x_wconf 87' lang='lat' dir='ltr'>rant,</span> <span class='ocrx_word' id='word_1_186' title='bbox 414 2600 596 2644; x_wconf 86' lang='lat' dir='ltr'>turpem</span> <span class='ocrx_word' id='word_1_187' title='bbox 621 2594 767 2634; x_wconf 89' lang='lat' dir='ltr'>uitam</span> <span class='ocrx_word' id='word_1_188' title='bbox 789 2601 997 2646; x_wconf 82' lang='lat' dir='ltr'>agerent:</span> <span class='ocrx_word' id='word_1_189' title='bbox 1028 2607 1189 2635; x_wconf 88' lang='lat' dir='ltr'>uerum</span> <span class='ocrx_word' id='word_1_190' title='bbox 1217 2601 1452 2646; x_wconf 87' lang='lat' dir='ltr'>postremo</span> <span class='ocrx_word' id='word_1_191' title='bbox 1481 2593 1540 2633; x_wconf 88' lang='lat' dir='ltr'>ad</span> <span class='ocrx_word' id='word_1_192' title='bbox 1566 2593 1755 2633; x_wconf 86' lang='lat' dir='ltr'>saniora</span> <span class='ocrx_word' id='word_1_193' title='bbox 1786 2603 1894 2631; x_wconf 92' lang='lat' dir='ltr'>con-</span> 
     </span>
     <span class='ocr_line' id='line_1_27' title="bbox 270 2662 1893 2717; baseline -0.002 -13"><span class='ocrx_word' id='word_1_194' title='bbox 270 2665 375 2705; x_wconf 86' lang='lat' dir='ltr'>silia</span> <span class='ocrx_word' id='word_1_195' title='bbox 402 2664 653 2704; x_wconf 88' lang='lat' dir='ltr'>redierunt.</span> <span class='ocrx_word' id='word_1_196' title='bbox 690 2665 898 2716; x_wconf 85' lang='lat' dir='ltr'>Quorum</span> <span class='ocrx_word' id='word_1_197' title='bbox 925 2666 998 2715; x_wconf 88' lang='lat' dir='ltr'>(ut</span> <span class='ocrx_word' id='word_1_198' title='bbox 1032 2667 1294 2717; x_wconf 79' lang='lat' dir='ltr'>speramus)</span> <span class='ocrx_word' id='word_1_199' title='bbox 1326 2665 1417 2704; x_wconf 88' lang='lat' dir='ltr'>duo</span> <span class='ocrx_word' id='word_1_200' title='bbox 1454 2664 1585 2704; x_wconf 88' lang='lat' dir='ltr'>breui</span> <span class='ocrx_word' id='word_1_201' title='bbox 1620 2662 1893 2713; x_wconf 84' lang='lat' dir='ltr'>religionem</span> 
     </span>
     <span class='ocr_line' id='line_1_28' title="bbox 269 2733 1892 2787; baseline -0.002 -12"><span class='ocrx_word' id='word_1_202' title='bbox 269 2746 403 2775; x_wconf 89' lang='lat' dir='ltr'>suam</span> <span class='ocrx_word' id='word_1_203' title='bbox 426 2742 646 2785; x_wconf 85' lang='lat' dir='ltr'>repetent.</span> <span class='ocrx_word' id='word_1_204' title='bbox 671 2735 745 2775; x_wconf 82' lang='lat' dir='ltr'>Ad</span> <span class='ocrx_word' id='word_1_205' title='bbox 766 2736 881 2775; x_wconf 91' lang='lat' dir='ltr'>haec</span> <span class='ocrx_word' id='word_1_206' title='bbox 905 2735 1091 2787; x_wconf 88' lang='lat' dir='ltr'>quidam</span> <span class='ocrx_word' id='word_1_207' title='bbox 1114 2736 1337 2775; x_wconf 88' lang='lat' dir='ltr'>militares</span> <span class='ocrx_word' id='word_1_208' title='bbox 1358 2735 1516 2782; x_wconf 87' lang='lat' dir='ltr'>duces,</span> <span class='ocrx_word' id='word_1_209' title='bbox 1541 2739 1584 2773; x_wconf 91' lang='lat' dir='ltr'>et</span> <span class='ocrx_word' id='word_1_210' title='bbox 1607 2733 1892 2773; x_wconf 88' lang='lat' dir='ltr'>cohortatio-</span> 
     </span>
     <span class='ocr_line' id='line_1_29' title="bbox 271 2804 1894 2857; baseline -0.001 -13"><span class='ocrx_word' id='word_1_211' title='bbox 271 2805 420 2854; x_wconf 87' lang='lat' dir='ltr'>nibus,</span> <span class='ocrx_word' id='word_1_212' title='bbox 445 2812 489 2844; x_wconf 87' lang='lat' dir='ltr'>et</span> <span class='ocrx_word' id='word_1_213' title='bbox 511 2805 878 2846; x_wconf 80' lang='lat' dir='ltr'>confessionibus</span> <span class='ocrx_word' id='word_1_214' title='bbox 899 2806 1057 2857; x_wconf 90' lang='lat' dir='ltr'>adiuti,</span> <span class='ocrx_word' id='word_1_215' title='bbox 1084 2818 1189 2846; x_wconf 87' lang='lat' dir='ltr'>cum</span> <span class='ocrx_word' id='word_1_216' title='bbox 1209 2806 1380 2857; x_wconf 89' lang='lat' dir='ltr'>pietate</span> <span class='ocrx_word' id='word_1_217' title='bbox 1403 2804 1711 2855; x_wconf 88' lang='lat' dir='ltr'>impietatem,</span> <span class='ocrx_word' id='word_1_218' title='bbox 1736 2808 1780 2843; x_wconf 90' lang='lat' dir='ltr'>et</span> <span class='ocrx_word' id='word_1_219' title='bbox 1801 2808 1894 2843; x_wconf 87' lang='lat' dir='ltr'>tur-</span> 
     </span>
     <span class='ocr_line' id='line_1_30' title="bbox 263 2874 1894 2927; baseline -0.001 -13"><span class='ocrx_word' id='word_1_220' title='bbox 263 2875 527 2927; x_wconf 82' lang='lat' dir='ltr'>pitudinem</span> <span class='ocrx_word' id='word_1_221' title='bbox 548 2886 653 2915; x_wconf 89' lang='lat' dir='ltr'>cum</span> <span class='ocrx_word' id='word_1_222' title='bbox 672 2875 915 2916; x_wconf 87' lang='lat' dir='ltr'>honestate</span> <span class='ocrx_word' id='word_1_223' title='bbox 937 2882 1294 2916; x_wconf 87' lang='lat' dir='ltr'>commutarunt.</span> <span class='ocrx_word' id='word_1_224' title='bbox 1324 2876 1421 2916; x_wconf 90' lang='lat' dir='ltr'>Iam</span> <span class='ocrx_word' id='word_1_225' title='bbox 1441 2875 1532 2915; x_wconf 90' lang='lat' dir='ltr'>duo</span> <span class='ocrx_word' id='word_1_226' title='bbox 1555 2874 1625 2924; x_wconf 86' lang='lat' dir='ltr'>(ut</span> <span class='ocrx_word' id='word_1_227' title='bbox 1647 2874 1894 2914; x_wconf 89' lang='lat' dir='ltr'>nonnullos</span> 
     </span>
    </p>
   </div>
   <div class='ocr_carea' id='block_1_7' title="bbox 328 3035 1507 3072">
    <p class='ocr_par' dir='ltr' id='par_1_9' title="bbox 328 3035 1507 3072">
     <span class='ocr_line' id='line_1_31' title="bbox 328 3035 1507 3072; baseline 0.003 -11"><span class='ocrx_word' id='word_1_228' title='bbox 328 3035 338 3054; x_wconf 85' lang='lat'>ยน</span> <span class='ocrx_word' id='word_1_229' title='bbox 376 3035 625 3070; x_wconf 81' lang='lat' dir='ltr'>Autographae</span> <span class='ocrx_word' id='word_1_230' title='bbox 641 3038 765 3072; x_wconf 84' lang='lat' dir='ltr'>duplici</span> <span class='ocrx_word' id='word_1_231' title='bbox 783 3038 871 3071; x_wconf 82' lang='lat' dir='ltr'>folio,</span> <span class='ocrx_word' id='word_1_232' title='bbox 888 3038 994 3072; x_wconf 86' lang='lat' dir='ltr'>primo</span> <span class='ocrx_word' id='word_1_233' title='bbox 1011 3045 1041 3065; x_wconf 89' lang='lat' dir='ltr'>n.</span> <span class='ocrx_word' id='word_1_234' title='bbox 1057 3038 1100 3071; x_wconf 77' lang='lat'>28,</span> <span class='ocrx_word' id='word_1_235' title='bbox 1117 3039 1224 3065; x_wconf 72' lang='lat' dir='ltr'>altero</span> <span class='ocrx_word' id='word_1_236' title='bbox 1240 3045 1303 3064; x_wconf 88' lang='lat' dir='ltr'>non</span> <span class='ocrx_word' id='word_1_237' title='bbox 1319 3040 1507 3064; x_wconf 80' lang='lat' dir='ltr'>numerato.</span> 
     </span>
    </p>
   </div>
  </div>
 </body>
</html>
