<?xml version="1.0" encoding="UTF-8"?>
<!DOCTYPE html PUBLIC "-//W3C//DTD XHTML 1.0 Transitional//EN"
    "http://www.w3.org/TR/xhtml1/DTD/xhtml1-transitional.dtd">
<html xmlns="http://www.w3.org/1999/xhtml" xml:lang="en" lang="en">
 <head>
  <title>
</title>
<meta http-equiv="Content-Type" content="text/html;charset=utf-8" />
  <meta name='ocr-system' content='tesseract 3.04.00' />
  <meta name='ocr-capabilities' content='ocr_page ocr_carea ocr_par ocr_line ocrx_word'/>
</head>
<body>
  <div class='ocr_page' id='page_1' title='image "./litteraequadrime16lain/litteraequadrime16lain_0635.png"; bbox 0 0 2020 3342; ppageno 0'>
   <div class='ocr_carea' id='block_1_1' title="bbox 899 224 1807 266">
    <p class='ocr_par' dir='ltr' id='par_1_1' title="bbox 899 224 1807 266">
     <span class='ocr_line' id='line_1_1' title="bbox 899 224 1807 266; baseline 0.003 -4"><span class='ocrx_word' id='word_1_1' title='bbox 899 224 981 262; x_wconf 83' lang='lat' dir='ltr'>AN.</span> <span class='ocrx_word' id='word_1_2' title='bbox 1013 225 1103 263; x_wconf 80' lang='lat'>1556</span> <span class='ocrx_word' id='word_1_3' title='bbox 1144 244 1145 247; x_wconf 42' lang='lat'>¹</span> <span class='ocrx_word' id='word_1_4' title='bbox 1242 258 1244 262; x_wconf 72' lang='grc'><strong>,</strong></span> <span class='ocrx_word' id='word_1_5' title='bbox 1738 228 1807 266; x_wconf 81' lang='grc'>629</span> 
     </span>
    </p>
   </div>
   <div class='ocr_carea' id='block_1_2' title="bbox 127 319 1845 2923">
    <p class='ocr_par' dir='ltr' id='par_1_2' title="bbox 127 319 1805 584">
     <span class='ocr_line' id='line_1_2' title="bbox 127 319 1797 378; baseline 0.003 -20"><span class='ocrx_word' id='word_1_6' title='bbox 127 370 131 378; x_wconf 37' lang='grc'><strong><em>,</em></strong></span> <span class='ocrx_word' id='word_1_7' title='bbox 181 319 307 359; x_wconf 86' lang='lat' dir='ltr'>ribus</span> <span class='ocrx_word' id='word_1_8' title='bbox 323 328 531 370; x_wconf 78' lang='lat' dir='ltr'>erogent3</span> <span class='ocrx_word' id='word_1_9' title='bbox 555 320 750 371; x_wconf 87' lang='lat' dir='ltr'>denique</span> <span class='ocrx_word' id='word_1_10' title='bbox 769 320 927 370; x_wconf 84' lang='lat' dir='ltr'>vitam,</span> <span class='ocrx_word' id='word_1_11' title='bbox 952 332 1092 372; x_wconf 87' lang='lat' dir='ltr'>quam</span> <span class='ocrx_word' id='word_1_12' title='bbox 1112 322 1296 362; x_wconf 82' lang='lat' dir='ltr'>incaute</span> <span class='ocrx_word' id='word_1_13' title='bbox 1313 333 1362 361; x_wconf 89' lang='lat' dir='ltr'>se</span> <span class='ocrx_word' id='word_1_14' title='bbox 1379 321 1555 362; x_wconf 85' lang='lat' dir='ltr'>vixisse</span> <span class='ocrx_word' id='word_1_15' title='bbox 1577 322 1797 374; x_wconf 87' lang='lat' dir='ltr'>fatentur,</span> 
     </span>
     <span class='ocr_line' id='line_1_3' title="bbox 182 390 1804 445; baseline 0.003 -16"><span class='ocrx_word' id='word_1_16' title='bbox 182 391 226 430; x_wconf 94' lang='lat' dir='ltr'>in</span> <span class='ocrx_word' id='word_1_17' title='bbox 259 391 421 430; x_wconf 84' lang='lat' dir='ltr'>melius</span> <span class='ocrx_word' id='word_1_18' title='bbox 447 398 747 431; x_wconf 80' lang='lat' dir='ltr'><strong>commutent.</strong></span> <span class='ocrx_word' id='word_1_19' title='bbox 782 390 957 431; x_wconf 81' lang='lat' dir='ltr'>Amant</span> <span class='ocrx_word' id='word_1_20' title='bbox 995 392 1290 432; x_wconf 84' lang='lat' dir='ltr'>vehementer</span> <span class='ocrx_word' id='word_1_21' title='bbox 1326 398 1506 444; x_wconf 82' lang='lat' dir='ltr'>patreS,</span> <span class='ocrx_word' id='word_1_22' title='bbox 1540 394 1804 445; x_wconf 89' lang='lat' dir='ltr'>vellentque</span> 
     </span>
     <span class='ocr_line' id='line_1_4' title="bbox 181 450 1805 516; baseline 0.002 -16"><span class='ocrx_word' id='word_1_23' title='bbox 181 472 340 501; x_wconf 87' lang='lat' dir='ltr'>eorum</span> <span class='ocrx_word' id='word_1_24' title='bbox 364 461 533 509; x_wconf 86' lang='lat' dir='ltr'>iudicio</span> <span class='ocrx_word' id='word_1_25' title='bbox 561 473 658 502; x_wconf 91' lang='lat' dir='ltr'>rem</span> <span class='ocrx_word' id='word_1_26' title='bbox 688 473 872 502; x_wconf 88' lang='lat' dir='ltr'>omnem</span> <span class='ocrx_word' id='word_1_27' title='bbox 899 474 1031 502; x_wconf 89' lang='lat' dir='ltr'>suam</span> <span class='ocrx_word' id='word_1_28' title='bbox 1058 463 1334 503; x_wconf 81' lang='lat' dir='ltr'>familiarem</span> <span class='ocrx_word' id='word_1_29' title='bbox 1363 450 1641 504; x_wconf 85' lang='lat' dir='ltr'>distribuere</span> <span class='ocrx_word' id='word_1_30' title='bbox 1664 471 1805 516; x_wconf 87' lang='lat' dir='ltr'>atque</span> 
     </span>
     <span class='ocr_line' id='line_1_5' title="bbox 182 531 1260 584; baseline 0.001 -14"><span class='ocrx_word' id='word_1_31' title='bbox 182 531 227 570; x_wconf 93' lang='lat' dir='ltr'>in</span> <span class='ocrx_word' id='word_1_32' title='bbox 249 543 350 571; x_wconf 87' lang='lat' dir='ltr'>eam</span> <span class='ocrx_word' id='word_1_33' title='bbox 372 543 470 572; x_wconf 89' lang='lat' dir='ltr'>rem</span> <span class='ocrx_word' id='word_1_34' title='bbox 492 532 604 572; x_wconf 90' lang='lat' dir='ltr'>dant</span> <span class='ocrx_word' id='word_1_35' title='bbox 626 544 817 584; x_wconf 80' lang='lat' dir='ltr'>operam</span> <span class='ocrx_word' id='word_1_36' title='bbox 840 539 884 572; x_wconf 90' lang='lat' dir='ltr'>et</span> <span class='ocrx_word' id='word_1_37' title='bbox 904 539 1072 583; x_wconf 90' lang='lat' dir='ltr'>urgent</span> <span class='ocrx_word' id='word_1_38' title='bbox 1094 540 1143 573; x_wconf 92' lang='lat' dir='ltr'>ut</span> <span class='ocrx_word' id='word_1_39' title='bbox 1164 533 1260 573; x_wconf 90' lang='lat' dir='ltr'>fiat.</span> 
     </span>
    </p>

    <p class='ocr_par' dir='ltr' id='par_1_3' title="bbox 176 601 1845 1211">
     <span class='ocr_line' id='line_1_6' title="bbox 260 601 1805 655; baseline 0.003 -13"><span class='ocrx_word' id='word_1_40' title='bbox 260 601 449 654; x_wconf 89' lang='lat' dir='ltr'>Aliquot</span> <span class='ocrx_word' id='word_1_41' title='bbox 472 604 565 643; x_wconf 89' lang='lat' dir='ltr'>iam</span> <span class='ocrx_word' id='word_1_42' title='bbox 586 603 719 643; x_wconf 90' lang='lat' dir='ltr'>annis</span> <span class='ocrx_word' id='word_1_43' title='bbox 742 604 859 643; x_wconf 90' lang='lat' dir='ltr'>inter</span> <span class='ocrx_word' id='word_1_44' title='bbox 888 604 1006 643; x_wconf 91' lang='lat' dir='ltr'>duos</span> <span class='ocrx_word' id='word_1_45' title='bbox 1036 616 1093 644; x_wconf 88' lang='lat' dir='ltr'>ex</span> <span class='ocrx_word' id='word_1_46' title='bbox 1123 604 1404 655; x_wconf 91' lang='lat' dir='ltr'>primoribus</span> <span class='ocrx_word' id='word_1_47' title='bbox 1433 605 1568 645; x_wconf 86' lang='lat' dir='ltr'>huius</span> <span class='ocrx_word' id='word_1_48' title='bbox 1600 606 1805 646; x_wconf 89' lang='lat' dir='ltr'>civitatis</span> 
     </span>
     <span class='ocr_line' id='line_1_7' title="bbox 179 671 1845 727; baseline 0.003 -15"><span class='ocrx_word' id='word_1_49' title='bbox 179 671 330 713; x_wconf 81' lang='lat' dir='ltr'>fuerat</span> <span class='ocrx_word' id='word_1_50' title='bbox 351 674 540 714; x_wconf 89' lang='lat' dir='ltr'>suborta</span> <span class='ocrx_word' id='word_1_51' title='bbox 571 674 626 714; x_wconf 90' lang='lat' dir='ltr'>lis</span> <span class='ocrx_word' id='word_1_52' title='bbox 653 685 792 725; x_wconf 90' lang='lat' dir='ltr'>super</span> <span class='ocrx_word' id='word_1_53' title='bbox 812 686 862 714; x_wconf 90' lang='lat' dir='ltr'>re</span> <span class='ocrx_word' id='word_1_54' title='bbox 884 686 975 714; x_wconf 92' lang='lat' dir='ltr'>non</span> <span class='ocrx_word' id='word_1_55' title='bbox 1006 675 1159 715; x_wconf 88' lang='lat' dir='ltr'>minus</span> <span class='ocrx_word' id='word_1_56' title='bbox 1188 676 1327 726; x_wconf 86' lang='lat' dir='ltr'>gravi</span> <span class='ocrx_word' id='word_1_57' title='bbox 1355 687 1496 727; x_wconf 90' lang='lat' dir='ltr'>quam</span> <span class='ocrx_word' id='word_1_58' title='bbox 1516 676 1800 727; x_wconf 79' lang='lat' dir='ltr'>periculosa,</span> <span class='ocrx_word' id='word_1_59' title='bbox 1843 691 1845 694; x_wconf 62' lang='grc'>’</span> 
     </span>
     <span class='ocr_line' id='line_1_8' title="bbox 179 745 1804 797; baseline 0.003 -14"><span class='ocrx_word' id='word_1_60' title='bbox 179 754 317 795; x_wconf 91' lang='lat' dir='ltr'>quam</span> <span class='ocrx_word' id='word_1_61' title='bbox 339 745 469 784; x_wconf 90' lang='lat' dir='ltr'>multi</span> <span class='ocrx_word' id='word_1_62' title='bbox 490 745 716 785; x_wconf 87' lang='lat' dir='ltr'>hactenus</span> <span class='ocrx_word' id='word_1_63' title='bbox 737 745 892 785; x_wconf 87' lang='lat' dir='ltr'>conati</span> <span class='ocrx_word' id='word_1_64' title='bbox 914 751 1020 785; x_wconf 85' lang='lat' dir='ltr'>sunt</span> <span class='ocrx_word' id='word_1_65' title='bbox 1042 745 1330 797; x_wconf 80' lang='lat' dir='ltr'>rescindere,</span> <span class='ocrx_word' id='word_1_66' title='bbox 1353 746 1435 786; x_wconf 91' lang='lat' dir='ltr'>sed</span> <span class='ocrx_word' id='word_1_67' title='bbox 1463 746 1654 788; x_wconf 86' lang='lat' dir='ltr'>frustra.</span> <span class='ocrx_word' id='word_1_68' title='bbox 1680 747 1776 788; x_wconf 88' lang='lat' dir='ltr'>Ten</span> <span class='ocrx_word' id='word_1_69' title='bbox 1793 771 1804 776; x_wconf 96' lang='lat'>-</span> 
     </span>
     <span class='ocr_line' id='line_1_9' title="bbox 178 816 1804 867; baseline 0.003 -13"><span class='ocrx_word' id='word_1_70' title='bbox 178 821 334 854; x_wconf 91' lang='lat' dir='ltr'>tarunt</span> <span class='ocrx_word' id='word_1_71' title='bbox 356 827 453 855; x_wconf 89' lang='lat' dir='ltr'>rem</span> <span class='ocrx_word' id='word_1_72' title='bbox 475 816 662 867; x_wconf 90' lang='lat' dir='ltr'>quidam</span> <span class='ocrx_word' id='word_1_73' title='bbox 684 828 741 855; x_wconf 85' lang='lat' dir='ltr'>cx</span> <span class='ocrx_word' id='word_1_74' title='bbox 762 816 986 867; x_wconf 86' lang='lat' dir='ltr'>patribus,</span> <span class='ocrx_word' id='word_1_75' title='bbox 1012 816 1257 867; x_wconf 89' lang='lat' dir='ltr'>implorato</span> <span class='ocrx_word' id='word_1_76' title='bbox 1280 817 1455 857; x_wconf 87' lang='lat' dir='ltr'>auxilio</span> <span class='ocrx_word' id='word_1_77' title='bbox 1478 817 1653 859; x_wconf 90' lang='lat' dir='ltr'>divino:</span> <span class='ocrx_word' id='word_1_78' title='bbox 1681 818 1804 859; x_wconf 86' lang='lat' dir='ltr'>votis</span> 
     </span>
     <span class='ocr_line' id='line_1_10' title="bbox 177 886 1801 944; baseline 0.003 -19"><span class='ocrx_word' id='word_1_79' title='bbox 177 886 416 937; x_wconf 77' lang='lat' dir='ltr'>respondit</span> <span class='ocrx_word' id='word_1_80' title='bbox 436 893 646 936; x_wconf 81' lang='lat' dir='ltr'>eventus,</span> <span class='ocrx_word' id='word_1_81' title='bbox 671 886 794 938; x_wconf 87' lang='lat' dir='ltr'>quod</span> <span class='ocrx_word' id='word_1_82' title='bbox 816 886 949 927; x_wconf 87' lang='lat' dir='ltr'>cedat</span> <span class='ocrx_word' id='word_1_83' title='bbox 971 888 1018 927; x_wconf 93' lang='lat' dir='ltr'>in</span> <span class='ocrx_word' id='word_1_84' title='bbox 1039 887 1125 927; x_wconf 89' lang='lat' dir='ltr'>Dei</span> <span class='ocrx_word' id='word_1_85' title='bbox 1146 888 1361 938; x_wconf 79' lang='lat' dir='ltr'>gloriam.</span> <span class='ocrx_word' id='word_1_86' title='bbox 1390 887 1510 928; x_wconf 92' lang='lat' dir='ltr'>Nam</span> <span class='ocrx_word' id='word_1_87' title='bbox 1535 901 1629 929; x_wconf 89' lang='lat' dir='ltr'>non</span> <span class='ocrx_word' id='word_1_88' title='bbox 1651 890 1801 944; x_wconf 87' lang='lat' dir='ltr'>solum</span> 
     </span>
     <span class='ocr_line' id='line_1_11' title="bbox 177 947 1803 1009; baseline 0.003 -13"><span class='ocrx_word' id='word_1_89' title='bbox 177 957 400 997; x_wconf 90' lang='lat' dir='ltr'>distracta</span> <span class='ocrx_word' id='word_1_90' title='bbox 423 957 744 997; x_wconf 89' lang='lat' dir='ltr'>controversia</span> <span class='ocrx_word' id='word_1_91' title='bbox 766 963 849 1007; x_wconf 87' lang='lat' dir='ltr'>est,</span> <span class='ocrx_word' id='word_1_92' title='bbox 874 969 963 1008; x_wconf 90' lang='lat' dir='ltr'>qua</span> <span class='ocrx_word' id='word_1_93' title='bbox 986 959 1172 1009; x_wconf 91' lang='lat' dir='ltr'>plenum</span> <span class='ocrx_word' id='word_1_94' title='bbox 1193 965 1293 998; x_wconf 87' lang='lat' dir='ltr'>erat</span> <span class='ocrx_word' id='word_1_95' title='bbox 1310 947 1449 999; x_wconf 90' lang='lat' dir='ltr'>omne</span> <span class='ocrx_word' id='word_1_96' title='bbox 1467 959 1636 1007; x_wconf 88' lang='lat' dir='ltr'>forum,</span> <span class='ocrx_word' id='word_1_97' title='bbox 1656 961 1737 1001; x_wconf 90' lang='lat' dir='ltr'>sed</span> <span class='ocrx_word' id='word_1_98' title='bbox 1756 961 1803 1001; x_wconf 92' lang='lat' dir='ltr'>in</span> 
     </span>
     <span class='ocr_line' id='line_1_12' title="bbox 176 1028 1802 1082; baseline 0.002 -15"><span class='ocrx_word' id='word_1_99' title='bbox 176 1039 405 1067; x_wconf 85' lang='lat' dir='ltr'>summam</span> <span class='ocrx_word' id='word_1_100' title='bbox 427 1028 626 1078; x_wconf 86' lang='lat' dir='ltr'>gratiam</span> <span class='ocrx_word' id='word_1_101' title='bbox 650 1028 851 1077; x_wconf 87' lang='lat' dir='ltr'>redacti,</span> <span class='ocrx_word' id='word_1_102' title='bbox 877 1028 1077 1079; x_wconf 86' lang='lat' dir='ltr'>benigno</span> <span class='ocrx_word' id='word_1_103' title='bbox 1100 1040 1356 1079; x_wconf 88' lang='lat' dir='ltr'>congressu</span> <span class='ocrx_word' id='word_1_104' title='bbox 1387 1030 1556 1070; x_wconf 90' lang='lat' dir='ltr'>mutuis</span> <span class='ocrx_word' id='word_1_105' title='bbox 1579 1031 1802 1082; x_wconf 84' lang='lat' dir='ltr'>amplexi-</span> 
     </span>
     <span class='ocr_line' id='line_1_13' title="bbox 177 1098 1799 1152; baseline 0.003 -15"><span class='ocrx_word' id='word_1_106' title='bbox 177 1099 260 1138; x_wconf 91' lang='lat' dir='ltr'>bus</span> <span class='ocrx_word' id='word_1_107' title='bbox 280 1098 679 1150; x_wconf 79' lang='lat' dir='ltr'>familiaribusque</span> <span class='ocrx_word' id='word_1_108' title='bbox 703 1099 913 1150; x_wconf 81' lang='lat' dir='ltr'>alloquiis</span> <span class='ocrx_word' id='word_1_109' title='bbox 936 1099 980 1139; x_wconf 91' lang='lat' dir='ltr'>in</span> <span class='ocrx_word' id='word_1_110' title='bbox 1002 1099 1072 1139; x_wconf 92' lang='lat' dir='ltr'>his</span> <span class='ocrx_word' id='word_1_111' title='bbox 1094 1100 1266 1139; x_wconf 90' lang='lat' dir='ltr'>nostris</span> <span class='ocrx_word' id='word_1_112' title='bbox 1295 1100 1487 1140; x_wconf 90' lang='lat' dir='ltr'>aedibus</span> <span class='ocrx_word' id='word_1_113' title='bbox 1519 1113 1799 1152; x_wconf 85' lang='lat' dir='ltr'>propensam</span> 
     </span>
     <span class='ocr_line' id='line_1_14' title="bbox 176 1169 1456 1211; baseline 0.002 -3"><span class='ocrx_word' id='word_1_114' title='bbox 176 1170 290 1209; x_wconf 89' lang='lat' dir='ltr'>alter</span> <span class='ocrx_word' id='word_1_115' title='bbox 313 1169 358 1209; x_wconf 91' lang='lat' dir='ltr'>in</span> <span class='ocrx_word' id='word_1_116' title='bbox 380 1170 578 1209; x_wconf 90' lang='lat' dir='ltr'>alterum</span> <span class='ocrx_word' id='word_1_117' title='bbox 599 1170 741 1209; x_wconf 90' lang='lat' dir='ltr'>animi</span> <span class='ocrx_word' id='word_1_118' title='bbox 764 1171 1053 1210; x_wconf 88' lang='lat' dir='ltr'>voluntatem</span> <span class='ocrx_word' id='word_1_119' title='bbox 1075 1170 1312 1210; x_wconf 87' lang='lat' dir='ltr'>testificati</span> <span class='ocrx_word' id='word_1_120' title='bbox 1334 1178 1456 1211; x_wconf 89' lang='lat' dir='ltr'>sunt.</span> 
     </span>
    </p>

    <p class='ocr_par' dir='ltr' id='par_1_4' title="bbox 175 1239 1797 1434">
     <span class='ocr_line' id='line_1_15' title="bbox 256 1239 1797 1294; baseline 0.002 -14"><span class='ocrx_word' id='word_1_121' title='bbox 256 1239 325 1280; x_wconf 89' lang='lat' dir='ltr'>De</span> <span class='ocrx_word' id='word_1_122' title='bbox 346 1252 598 1280; x_wconf 90' lang='lat' dir='ltr'>sarraceno</span> <span class='ocrx_word' id='word_1_123' title='bbox 620 1252 723 1281; x_wconf 91' lang='lat' dir='ltr'>cum</span> <span class='ocrx_word' id='word_1_124' title='bbox 745 1241 1020 1281; x_wconf 91' lang='lat' dir='ltr'>sumendum</span> <span class='ocrx_word' id='word_1_125' title='bbox 1048 1248 1169 1281; x_wconf 90' lang='lat' dir='ltr'>esset</span> <span class='ocrx_word' id='word_1_126' title='bbox 1196 1242 1495 1293; x_wconf 90' lang='lat' dir='ltr'>supplicium,</span> <span class='ocrx_word' id='word_1_127' title='bbox 1520 1243 1679 1283; x_wconf 89' lang='lat' dir='ltr'>divina</span> <span class='ocrx_word' id='word_1_128' title='bbox 1710 1254 1797 1294; x_wconf 89' lang='lat' dir='ltr'>ope</span> 
     </span>
     <span class='ocr_line' id='line_1_16' title="bbox 175 1310 1796 1365; baseline 0.002 -15"><span class='ocrx_word' id='word_1_129' title='bbox 175 1310 388 1351; x_wconf 82' lang='lat' dir='ltr'>eflectum</span> <span class='ocrx_word' id='word_1_130' title='bbox 409 1318 491 1361; x_wconf 90' lang='lat' dir='ltr'>est,</span> <span class='ocrx_word' id='word_1_131' title='bbox 516 1318 564 1351; x_wconf 91' lang='lat' dir='ltr'>ut</span> <span class='ocrx_word' id='word_1_132' title='bbox 586 1311 643 1352; x_wconf 92' lang='lat' dir='ltr'>ad</span> <span class='ocrx_word' id='word_1_133' title='bbox 666 1311 801 1352; x_wconf 87' lang='lat' dir='ltr'>fidem</span> <span class='ocrx_word' id='word_1_134' title='bbox 823 1319 1031 1352; x_wconf 88' lang='lat' dir='ltr'>nostram</span> <span class='ocrx_word' id='word_1_135' title='bbox 1060 1324 1316 1352; x_wconf 88' lang='lat' dir='ltr'>conversus</span> <span class='ocrx_word' id='word_1_136' title='bbox 1345 1324 1399 1352; x_wconf 91' lang='lat' dir='ltr'>ac</span> <span class='ocrx_word' id='word_1_137' title='bbox 1422 1314 1685 1364; x_wconf 87' lang='lat' dir='ltr'>baptizatus</span> <span class='ocrx_word' id='word_1_138' title='bbox 1707 1314 1796 1365; x_wconf 88' lang='lat' dir='ltr'>pie,</span> 
     </span>
     <span class='ocr_line' id='line_1_17' title="bbox 175 1383 1399 1434; baseline 0.002 -12"><span class='ocrx_word' id='word_1_139' title='bbox 175 1389 224 1422; x_wconf 91' lang='lat' dir='ltr'>ut</span> <span class='ocrx_word' id='word_1_140' title='bbox 246 1384 478 1434; x_wconf 90' lang='lat' dir='ltr'>apparuit,</span> <span class='ocrx_word' id='word_1_141' title='bbox 503 1394 557 1422; x_wconf 94' lang='lat' dir='ltr'>ac</span> <span class='ocrx_word' id='word_1_142' title='bbox 580 1383 833 1423; x_wconf 86' lang='lat' dir='ltr'>christiane</span> <span class='ocrx_word' id='word_1_143' title='bbox 854 1395 912 1423; x_wconf 86' lang='lat' dir='ltr'>ex</span> <span class='ocrx_word' id='word_1_144' title='bbox 934 1384 1022 1424; x_wconf 91' lang='lat' dir='ltr'>hac</span> <span class='ocrx_word' id='word_1_145' title='bbox 1045 1383 1140 1423; x_wconf 87' lang='lat' dir='ltr'>vita</span> <span class='ocrx_word' id='word_1_146' title='bbox 1163 1384 1399 1434; x_wconf 87' lang='lat' dir='ltr'>migravit.</span> 
     </span>
    </p>

    <p class='ocr_par' dir='ltr' id='par_1_5' title="bbox 167 1452 1796 2072">
     <span class='ocr_line' id='line_1_18' title="bbox 251 1452 1794 1507; baseline 0.002 -14"><span class='ocrx_word' id='word_1_147' title='bbox 251 1452 321 1494; x_wconf 91' lang='lat' dir='ltr'>De</span> <span class='ocrx_word' id='word_1_148' title='bbox 343 1454 501 1494; x_wconf 89' lang='lat' dir='ltr'>schola</span> <span class='ocrx_word' id='word_1_149' title='bbox 526 1454 741 1502; x_wconf 89' lang='lat' dir='ltr'>breviter;</span> <span class='ocrx_word' id='word_1_150' title='bbox 763 1461 946 1505; x_wconf 91' lang='lat' dir='ltr'>praeter</span> <span class='ocrx_word' id='word_1_151' title='bbox 969 1454 1231 1495; x_wconf 90' lang='lat' dir='ltr'>auditorum</span> <span class='ocrx_word' id='word_1_152' title='bbox 1248 1466 1507 1506; x_wconf 89' lang='lat' dir='ltr'>numerum,</span> <span class='ocrx_word' id='word_1_153' title='bbox 1526 1456 1605 1507; x_wconf 89' lang='lat' dir='ltr'>qui</span> <span class='ocrx_word' id='word_1_154' title='bbox 1626 1456 1672 1496; x_wconf 88' lang='lat' dir='ltr'>in</span> <span class='ocrx_word' id='word_1_155' title='bbox 1694 1455 1794 1496; x_wconf 91' lang='lat' dir='ltr'>dies</span> 
     </span>
     <span class='ocr_line' id='line_1_19' title="bbox 172 1525 1791 1577; baseline 0.001 -13"><span class='ocrx_word' id='word_1_156' title='bbox 172 1531 385 1576; x_wconf 86' lang='lat' dir='ltr'>augetur,</span> <span class='ocrx_word' id='word_1_157' title='bbox 409 1536 504 1564; x_wconf 92' lang='lat' dir='ltr'>non</span> <span class='ocrx_word' id='word_1_158' title='bbox 526 1525 624 1564; x_wconf 85' lang='lat' dir='ltr'>sine</span> <span class='ocrx_word' id='word_1_159' title='bbox 645 1525 856 1576; x_wconf 89' lang='lat' dir='ltr'>profectu</span> <span class='ocrx_word' id='word_1_160' title='bbox 873 1532 916 1565; x_wconf 90' lang='lat' dir='ltr'>et</span> <span class='ocrx_word' id='word_1_161' title='bbox 938 1526 1135 1577; x_wconf 87' lang='lat' dir='ltr'>spiritali</span> <span class='ocrx_word' id='word_1_162' title='bbox 1152 1532 1195 1566; x_wconf 93' lang='lat' dir='ltr'>et</span> <span class='ocrx_word' id='word_1_163' title='bbox 1212 1526 1418 1566; x_wconf 91' lang='lat' dir='ltr'>literario</span> <span class='ocrx_word' id='word_1_164' title='bbox 1442 1526 1513 1566; x_wconf 92' lang='lat' dir='ltr'>die</span> <span class='ocrx_word' id='word_1_165' title='bbox 1535 1526 1791 1567; x_wconf 86' lang='lat' dir='ltr'>beatissimi</span> 
     </span>
     <span class='ocr_line' id='line_1_20' title="bbox 171 1595 1795 1648; baseline 0.002 -13"><span class='ocrx_word' id='word_1_166' title='bbox 171 1596 326 1635; x_wconf 89' lang='lat' dir='ltr'>Lucae</span> <span class='ocrx_word' id='word_1_167' title='bbox 348 1607 405 1636; x_wconf 87' lang='lat' dir='ltr'>ex</span> <span class='ocrx_word' id='word_1_168' title='bbox 426 1595 647 1636; x_wconf 86' lang='lat' dir='ltr'>fratribus</span> <span class='ocrx_word' id='word_1_169' title='bbox 669 1608 788 1636; x_wconf 92' lang='lat' dir='ltr'>unus</span> <span class='ocrx_word' id='word_1_170' title='bbox 809 1597 990 1648; x_wconf 89' lang='lat' dir='ltr'>publice</span> <span class='ocrx_word' id='word_1_171' title='bbox 1011 1597 1269 1636; x_wconf 90' lang='lat' dir='ltr'>orationem</span> <span class='ocrx_word' id='word_1_172' title='bbox 1299 1597 1457 1637; x_wconf 88' lang='lat' dir='ltr'>habuit</span> <span class='ocrx_word' id='word_1_173' title='bbox 1486 1597 1531 1637; x_wconf 91' lang='lat' dir='ltr'>in</span> <span class='ocrx_word' id='word_1_174' title='bbox 1563 1609 1795 1638; x_wconf 89' lang='lat' dir='ltr'>commen·</span> 
     </span>
     <span class='ocr_line' id='line_1_21' title="bbox 171 1666 1795 1719; baseline 0.001 -13"><span class='ocrx_word' id='word_1_175' title='bbox 171 1667 406 1706; x_wconf 87' lang='lat' dir='ltr'>dationem</span> <span class='ocrx_word' id='word_1_176' title='bbox 440 1666 764 1707; x_wconf 89' lang='lat' dir='ltr'>scientiarum:</span> <span class='ocrx_word' id='word_1_177' title='bbox 798 1668 973 1718; x_wconf 91' lang='lat' dir='ltr'>placuit</span> <span class='ocrx_word' id='word_1_178' title='bbox 1010 1678 1153 1719; x_wconf 88' lang='lat' dir='ltr'>supra</span> <span class='ocrx_word' id='word_1_179' title='bbox 1184 1667 1387 1708; x_wconf 89' lang='lat' dir='ltr'>modum.</span> <span class='ocrx_word' id='word_1_180' title='bbox 1423 1667 1693 1709; x_wconf 88' lang='lat' dir='ltr'>Orationem</span> <span class='ocrx_word' id='word_1_181' title='bbox 1725 1680 1795 1708; x_wconf 88' lang='lat' dir='ltr'>se-</span> 
     </span>
     <span class='ocr_line' id='line_1_22' title="bbox 169 1737 1796 1790; baseline 0.002 -14"><span class='ocrx_word' id='word_1_182' title='bbox 169 1743 339 1788; x_wconf 86' lang='lat' dir='ltr'>quutae</span> <span class='ocrx_word' id='word_1_183' title='bbox 373 1744 479 1777; x_wconf 90' lang='lat' dir='ltr'>sunt</span> <span class='ocrx_word' id='word_1_184' title='bbox 506 1737 844 1789; x_wconf 87' lang='lat' dir='ltr'>disputationes</span> <span class='ocrx_word' id='word_1_185' title='bbox 873 1738 1170 1788; x_wconf 86' lang='lat' dir='ltr'>dialecticae,</span> <span class='ocrx_word' id='word_1_186' title='bbox 1202 1749 1320 1790; x_wconf 90' lang='lat' dir='ltr'>quae</span> <span class='ocrx_word' id='word_1_187' title='bbox 1347 1739 1507 1790; x_wconf 91' lang='lat' dir='ltr'>praelo</span> <span class='ocrx_word' id='word_1_188' title='bbox 1545 1738 1796 1780; x_wconf 89' lang='lat' dir='ltr'>mandatae</span> 
     </span>
     <span class='ocr_line' id='line_1_23' title="bbox 170 1808 1794 1861; baseline 0.002 -14"><span class='ocrx_word' id='word_1_189' title='bbox 170 1809 315 1848; x_wconf 86' lang='lat' dir='ltr'>variis</span> <span class='ocrx_word' id='word_1_190' title='bbox 336 1808 382 1848; x_wconf 90' lang='lat' dir='ltr'>in</span> <span class='ocrx_word' id='word_1_191' title='bbox 403 1808 520 1849; x_wconf 89' lang='lat' dir='ltr'>locis</span> <span class='ocrx_word' id='word_1_192' title='bbox 541 1808 707 1849; x_wconf 88' lang='lat' dir='ltr'>affixae</span> <span class='ocrx_word' id='word_1_193' title='bbox 729 1816 849 1849; x_wconf 89' lang='lat' dir='ltr'>sunt.</span> <span class='ocrx_word' id='word_1_194' title='bbox 873 1808 1087 1849; x_wconf 90' lang='lat' dir='ltr'>Perstant</span> <span class='ocrx_word' id='word_1_195' title='bbox 1105 1810 1151 1849; x_wconf 92' lang='lat' dir='ltr'>in</span> <span class='ocrx_word' id='word_1_196' title='bbox 1169 1809 1438 1861; x_wconf 88' lang='lat' dir='ltr'>disputandi</span> <span class='ocrx_word' id='word_1_197' title='bbox 1456 1810 1794 1851; x_wconf 86' lang='lat' dir='ltr'>exercitatione</span> 
     </span>
     <span class='ocr_line' id='line_1_24' title="bbox 169 1879 1789 1932; baseline 0.002 -14"><span class='ocrx_word' id='word_1_198' title='bbox 169 1880 297 1919; x_wconf 85' lang='lat' dir='ltr'>iuxta</span> <span class='ocrx_word' id='word_1_199' title='bbox 316 1879 658 1931; x_wconf 89' lang='lat' dir='ltr'>praescriptam</span> <span class='ocrx_word' id='word_1_200' title='bbox 678 1879 724 1919; x_wconf 91' lang='lat' dir='ltr'>in</span> <span class='ocrx_word' id='word_1_201' title='bbox 745 1880 920 1930; x_wconf 89' lang='lat' dir='ltr'>regulis</span> <span class='ocrx_word' id='word_1_202' title='bbox 941 1880 1153 1920; x_wconf 89' lang='lat' dir='ltr'>formam.</span> <span class='ocrx_word' id='word_1_203' title='bbox 1180 1880 1269 1931; x_wconf 86' lang='lat' dir='ltr'>Qui</span> <span class='ocrx_word' id='word_1_204' title='bbox 1287 1892 1401 1920; x_wconf 88' lang='lat' dir='ltr'>vero</span> <span class='ocrx_word' id='word_1_205' title='bbox 1424 1880 1564 1921; x_wconf 91' lang='lat' dir='ltr'>latine</span> <span class='ocrx_word' id='word_1_206' title='bbox 1587 1881 1789 1932; x_wconf 89' lang='lat' dir='ltr'>student,</span> 
     </span>
     <span class='ocr_line' id='line_1_25' title="bbox 168 1950 1793 2003; baseline 0.001 -13"><span class='ocrx_word' id='word_1_207' title='bbox 168 1950 364 1990; x_wconf 88' lang='lat' dir='ltr'>dicendo</span> <span class='ocrx_word' id='word_1_208' title='bbox 394 1957 437 1990; x_wconf 90' lang='lat' dir='ltr'>et</span> <span class='ocrx_word' id='word_1_209' title='bbox 465 1950 785 2001; x_wconf 91' lang='lat' dir='ltr'>componendo</span> <span class='ocrx_word' id='word_1_210' title='bbox 822 1961 869 1990; x_wconf 91' lang='lat' dir='ltr'>se</span> <span class='ocrx_word' id='word_1_211' title='bbox 900 1958 1134 1991; x_wconf 85' lang='lat' dir='ltr'>exercent.</span> <span class='ocrx_word' id='word_1_212' title='bbox 1173 1951 1353 1991; x_wconf 88' lang='lat' dir='ltr'>Cedunt</span> <span class='ocrx_word' id='word_1_213' title='bbox 1391 1952 1546 1991; x_wconf 86' lang='lat' dir='ltr'>omnia</span> <span class='ocrx_word' id='word_1_214' title='bbox 1580 1952 1793 2003; x_wconf 69' lang='lat' dir='ltr'>feliciter,</span> 
     </span>
     <span class='ocr_line' id='line_1_26' title="bbox 167 2021 948 2072; baseline 0 -11"><span class='ocrx_word' id='word_1_215' title='bbox 167 2022 355 2061; x_wconf 86' lang='lat' dir='ltr'>Christo</span> <span class='ocrx_word' id='word_1_216' title='bbox 379 2021 583 2072; x_wconf 91' lang='lat' dir='ltr'>auspice,</span> <span class='ocrx_word' id='word_1_217' title='bbox 608 2021 681 2060; x_wconf 91' lang='lat' dir='ltr'>cui</span> <span class='ocrx_word' id='word_1_218' title='bbox 705 2021 761 2060; x_wconf 89' lang='lat' dir='ltr'>sit</span> <span class='ocrx_word' id='word_1_219' title='bbox 783 2021 948 2072; x_wconf 89' lang='lat' dir='ltr'>gloria.</span> 
     </span>
    </p>

    <p class='ocr_par' dir='ltr' id='par_1_6' title="bbox 165 2091 1793 2286">
     <span class='ocr_line' id='line_1_27' title="bbox 244 2091 1793 2144; baseline 0.002 -13"><span class='ocrx_word' id='word_1_220' title='bbox 244 2091 507 2143; x_wconf 85' lang='lat' dir='ltr'>Tragoedia</span> <span class='ocrx_word' id='word_1_221' title='bbox 529 2099 634 2131; x_wconf 89' lang='lat' dir='ltr'>acta</span> <span class='ocrx_word' id='word_1_222' title='bbox 656 2098 740 2141; x_wconf 88' lang='lat' dir='ltr'>est,</span> <span class='ocrx_word' id='word_1_223' title='bbox 764 2103 848 2131; x_wconf 89' lang='lat' dir='ltr'>nec</span> <span class='ocrx_word' id='word_1_224' title='bbox 871 2091 1056 2133; x_wconf 86' lang='lat' dir='ltr'>defuere</span> <span class='ocrx_word' id='word_1_225' title='bbox 1077 2093 1154 2144; x_wconf 89' lang='lat' dir='ltr'>qui</span> <span class='ocrx_word' id='word_1_226' title='bbox 1183 2093 1243 2133; x_wconf 94' lang='lat' dir='ltr'>ad</span> <span class='ocrx_word' id='word_1_227' title='bbox 1270 2093 1612 2134; x_wconf 87' lang='lat' dir='ltr'>confessionem</span> <span class='ocrx_word' id='word_1_228' title='bbox 1635 2093 1793 2134; x_wconf 86' lang='lat' dir='ltr'>confu-</span> 
     </span>
     <span class='ocr_line' id='line_1_28' title="bbox 165 2163 1792 2216; baseline 0.001 -14"><span class='ocrx_word' id='word_1_229' title='bbox 165 2164 318 2212; x_wconf 75' lang='lat' dir='ltr'>gerint</span> <span class='ocrx_word' id='word_1_230' title='bbox 340 2163 561 2203; x_wconf 90' lang='lat' dir='ltr'>commoti</span> <span class='ocrx_word' id='word_1_231' title='bbox 593 2163 858 2203; x_wconf 85' lang='lat' dir='ltr'>miserando</span> <span class='ocrx_word' id='word_1_232' title='bbox 886 2163 1047 2215; x_wconf 87' lang='lat' dir='ltr'>Euripi</span> <span class='ocrx_word' id='word_1_233' title='bbox 1078 2165 1226 2215; x_wconf 84' lang='lat' dir='ltr'>exitu;</span> <span class='ocrx_word' id='word_1_234' title='bbox 1260 2176 1368 2204; x_wconf 89' lang='lat' dir='ltr'>nam</span> <span class='ocrx_word' id='word_1_235' title='bbox 1399 2164 1443 2204; x_wconf 93' lang='lat' dir='ltr'>id</span> <span class='ocrx_word' id='word_1_236' title='bbox 1473 2171 1573 2204; x_wconf 89' lang='lat' dir='ltr'>erat</span> <span class='ocrx_word' id='word_1_237' title='bbox 1606 2171 1792 2216; x_wconf 85' lang='lat' dir='ltr'>tragoe-</span> 
     </span>
     <span class='ocr_line' id='line_1_29' title="bbox 166 2234 1790 2286; baseline -0.001 -12"><span class='ocrx_word' id='word_1_238' title='bbox 166 2235 269 2274; x_wconf 84' lang='lat' dir='ltr'>diae</span> <span class='ocrx_word' id='word_1_239' title='bbox 290 2246 473 2285; x_wconf 91' lang='lat' dir='ltr'>nomen,</span> <span class='ocrx_word' id='word_1_240' title='bbox 498 2246 616 2286; x_wconf 88' lang='lat' dir='ltr'>quae</span> <span class='ocrx_word' id='word_1_241' title='bbox 640 2235 802 2274; x_wconf 89' lang='lat' dir='ltr'>mortis</span> <span class='ocrx_word' id='word_1_242' title='bbox 825 2242 960 2285; x_wconf 79' lang='lat' dir='ltr'>atque</span> <span class='ocrx_word' id='word_1_243' title='bbox 983 2235 1150 2275; x_wconf 89' lang='lat' dir='ltr'>inferni</span> <span class='ocrx_word' id='word_1_244' title='bbox 1178 2235 1430 2286; x_wconf 84' lang='lat' dir='ltr'>imaginem</span> <span class='ocrx_word' id='word_1_245' title='bbox 1463 2234 1790 2276; x_wconf 87' lang='lat' dir='ltr'>adumbrabat.</span> 
     </span>
    </p>

    <p class='ocr_par' dir='ltr' id='par_1_7' title="bbox 166 2304 1790 2629">
     <span class='ocr_line' id='line_1_30' title="bbox 244 2304 1789 2355; baseline 0.001 -10"><span class='ocrx_word' id='word_1_246' title='bbox 244 2305 373 2345; x_wconf 90' lang='lat' dir='ltr'>Haec</span> <span class='ocrx_word' id='word_1_247' title='bbox 395 2317 443 2345; x_wconf 88' lang='lat' dir='ltr'>se</span> <span class='ocrx_word' id='word_1_248' title='bbox 475 2304 674 2345; x_wconf 88' lang='lat' dir='ltr'>offerunt</span> <span class='ocrx_word' id='word_1_249' title='bbox 703 2305 964 2345; x_wconf 84' lang='lat' dir='ltr'>scribenda.</span> <span class='ocrx_word' id='word_1_250' title='bbox 995 2304 1157 2346; x_wconf 86' lang='lat' dir='ltr'>Patres</span> <span class='ocrx_word' id='word_1_251' title='bbox 1186 2312 1229 2345; x_wconf 91' lang='lat' dir='ltr'>et</span> <span class='ocrx_word' id='word_1_252' title='bbox 1262 2306 1432 2346; x_wconf 88' lang='lat' dir='ltr'>fratres</span> <span class='ocrx_word' id='word_1_253' title='bbox 1459 2313 1586 2346; x_wconf 90' lang='lat' dir='ltr'>recte</span> <span class='ocrx_word' id='word_1_254' title='bbox 1618 2307 1789 2355; x_wconf 82' lang='lat' dir='ltr'>valent,</span> 
     </span>
     <span class='ocr_line' id='line_1_31' title="bbox 167 2375 1789 2427; baseline 0 -11"><span class='ocrx_word' id='word_1_255' title='bbox 167 2376 352 2417; x_wconf 87' lang='lat' dir='ltr'>Christo</span> <span class='ocrx_word' id='word_1_256' title='bbox 372 2376 567 2427; x_wconf 88' lang='lat' dir='ltr'>gratias.</span> <span class='ocrx_word' id='word_1_257' title='bbox 592 2375 736 2416; x_wconf 86' lang='lat' dir='ltr'>Suum</span> <span class='ocrx_word' id='word_1_258' title='bbox 768 2376 960 2427; x_wconf 88' lang='lat' dir='ltr'>quisque</span> <span class='ocrx_word' id='word_1_259' title='bbox 992 2388 1159 2416; x_wconf 91' lang='lat' dir='ltr'>munus</span> <span class='ocrx_word' id='word_1_260' title='bbox 1186 2383 1351 2416; x_wconf 89' lang='lat' dir='ltr'>curant</span> <span class='ocrx_word' id='word_1_261' title='bbox 1381 2376 1643 2427; x_wconf 89' lang='lat' dir='ltr'>diligenter.</span> <span class='ocrx_word' id='word_1_262' title='bbox 1674 2376 1789 2417; x_wconf 89' lang='lat' dir='ltr'>Peti-</span> 
     </span>
     <span class='ocr_line' id='line_1_32' title="bbox 166 2446 1789 2498; baseline 0 -11"><span class='ocrx_word' id='word_1_263' title='bbox 166 2459 268 2487; x_wconf 87' lang='lat' dir='ltr'>mus</span> <span class='ocrx_word' id='word_1_264' title='bbox 297 2447 565 2498; x_wconf 90' lang='lat' dir='ltr'>suppliciter</span> <span class='ocrx_word' id='word_1_265' title='bbox 593 2446 809 2498; x_wconf 88' lang='lat' dir='ltr'>precibus</span> <span class='ocrx_word' id='word_1_266' title='bbox 845 2446 941 2487; x_wconf 64' lang='lat' dir='ltr'>P.tiS</span> <span class='ocrx_word' id='word_1_267' title='bbox 968 2454 1074 2487; x_wconf 89' lang='lat' dir='ltr'>tuae</span> <span class='ocrx_word' id='word_1_268' title='bbox 1104 2454 1201 2487; x_wconf 90' lang='lat' dir='ltr'>tum</span> <span class='ocrx_word' id='word_1_269' title='bbox 1228 2447 1369 2487; x_wconf 87' lang='lat' dir='ltr'>etiam</span> <span class='ocrx_word' id='word_1_270' title='bbox 1402 2454 1585 2498; x_wconf 87' lang='lat' dir='ltr'>patrum</span> <span class='ocrx_word' id='word_1_271' title='bbox 1614 2459 1669 2487; x_wconf 91' lang='lat' dir='ltr'>ac</span> <span class='ocrx_word' id='word_1_272' title='bbox 1700 2447 1789 2487; x_wconf 85' lang='lat' dir='ltr'>fra·</span> 
     </span>
     <span class='ocr_line' id='line_1_33' title="bbox 168 2517 1790 2571; baseline 0 -13"><span class='ocrx_word' id='word_1_273' title='bbox 168 2527 289 2558; x_wconf 85' lang='lat' dir='ltr'>trum</span> <span class='ocrx_word' id='word_1_274' title='bbox 311 2518 541 2565; x_wconf 87' lang='lat' dir='ltr'>adiuvari,</span> <span class='ocrx_word' id='word_1_275' title='bbox 567 2529 683 2568; x_wconf 89' lang='lat' dir='ltr'>quos</span> <span class='ocrx_word' id='word_1_276' title='bbox 706 2529 866 2557; x_wconf 88' lang='lat' dir='ltr'>omnes</span> <span class='ocrx_word' id='word_1_277' title='bbox 888 2518 932 2557; x_wconf 92' lang='lat' dir='ltr'>in</span> <span class='ocrx_word' id='word_1_278' title='bbox 956 2517 1142 2558; x_wconf 86' lang='lat' dir='ltr'>Christo</span> <span class='ocrx_word' id='word_1_279' title='bbox 1162 2518 1273 2571; x_wconf 88' lang='lat' dir='ltr'>Jesu</span> <span class='ocrx_word' id='word_1_280' title='bbox 1295 2519 1453 2558; x_wconf 87' lang='lat' dir='ltr'>Valere</span> <span class='ocrx_word' id='word_1_281' title='bbox 1475 2525 1690 2569; x_wconf 90' lang='lat' dir='ltr'>optamus</span> <span class='ocrx_word' id='word_1_282' title='bbox 1714 2530 1790 2558; x_wconf 82' lang='lat' dir='ltr'>ve-</span> 
     </span>
     <span class='ocr_line' id='line_1_34' title="bbox 166 2590 422 2629; baseline -0.004 0"><span class='ocrx_word' id='word_1_283' title='bbox 166 2590 422 2629; x_wconf 88' lang='lat' dir='ltr'>hementer.</span> 
     </span>
    </p>

    <p class='ocr_par' dir='ltr' id='par_1_8' title="bbox 245 2659 1467 2713">
     <span class='ocr_line' id='line_1_35' title="bbox 245 2659 1467 2713; baseline 0.001 -13"><span class='ocrx_word' id='word_1_284' title='bbox 245 2659 506 2710; x_wconf 87' lang='lat' dir='ltr'>Cordubae,</span> <span class='ocrx_word' id='word_1_285' title='bbox 530 2660 676 2711; x_wconf 89' lang='lat' dir='ltr'>pridie</span> <span class='ocrx_word' id='word_1_286' title='bbox 700 2661 919 2701; x_wconf 89' lang='lat' dir='ltr'>calendas</span> <span class='ocrx_word' id='word_1_287' title='bbox 938 2660 1147 2713; x_wconf 88' lang='lat' dir='ltr'>Januarii</span> <span class='ocrx_word' id='word_1_288' title='bbox 1168 2694 1174 2711; x_wconf 88' lang='lat'>,</span> <span class='ocrx_word' id='word_1_289' title='bbox 1200 2673 1321 2700; x_wconf 89' lang='lat' dir='ltr'>anno</span> <span class='ocrx_word' id='word_1_290' title='bbox 1350 2661 1467 2701; x_wconf 70' lang='lat'>1556.</span> 
     </span>
    </p>

    <p class='ocr_par' dir='ltr' id='par_1_9' title="bbox 458 2730 1392 2923">
     <span class='ocr_line' id='line_1_36' title="bbox 458 2730 1392 2783; baseline 0.002 -13"><span class='ocrx_word' id='word_1_291' title='bbox 458 2730 529 2770; x_wconf 86' lang='lat' dir='ltr'>Ex</span> <span class='ocrx_word' id='word_1_292' title='bbox 550 2730 875 2771; x_wconf 90' lang='lat' dir='ltr'>commissione</span> <span class='ocrx_word' id='word_1_293' title='bbox 898 2731 945 2771; x_wconf 88' lang='grc' dir='ltr'>Ρ.</span> <span class='ocrx_word' id='word_1_294' title='bbox 971 2731 1201 2783; x_wconf 84' lang='lat' dir='ltr'>Alphonsi</span> <span class='ocrx_word' id='word_1_295' title='bbox 1222 2732 1392 2783; x_wconf 80' lang='lat' dir='ltr'>LopeZ‚</span> 
     </span>
     <span class='ocr_line' id='line_1_37' title="bbox 589 2801 1238 2853; baseline 0.002 -12"><span class='ocrx_word' id='word_1_296' title='bbox 589 2801 638 2841; x_wconf 84' lang='lat' dir='ltr'>P.</span> <span class='ocrx_word' id='word_1_297' title='bbox 670 2801 721 2841; x_wconf 89' lang='lat' dir='ltr'>T.</span> <span class='ocrx_word' id='word_1_298' title='bbox 746 2802 1099 2853; x_wconf 89' lang='lat' dir='ltr'>indignissimus</span> <span class='ocrx_word' id='word_1_299' title='bbox 1119 2802 1238 2842; x_wconf 87' lang='lat' dir='ltr'>filius</span> 
     </span>
     <span class='ocr_line' id='line_1_38' title="bbox 722 2873 1253 2923; baseline 0.002 -11"><span class='ocrx_word' id='word_1_300' title='bbox 722 2880 766 2913; x_wconf 91' lang='lat' dir='ltr'>et</span> <span class='ocrx_word' id='word_1_301' title='bbox 788 2884 952 2913; x_wconf 87' lang='lat' dir='ltr'>servus</span> <span class='ocrx_word' id='word_1_302' title='bbox 973 2873 1018 2913; x_wconf 93' lang='lat' dir='ltr'>in</span> <span class='ocrx_word' id='word_1_303' title='bbox 1036 2873 1253 2923; x_wconf 86' lang='lat' dir='ltr'>Domino,</span> 
     </span>
    </p>
   </div>
   <div class='ocr_carea' id='block_1_3' title="bbox 1218 3015 1578 3065">
    <p class='ocr_par' dir='ltr' id='par_1_10' title="bbox 1218 3015 1578 3065">
     <span class='ocr_line' id='line_1_39' title="bbox 1218 3015 1578 3065; baseline 0 -10"><span class='ocrx_word' id='word_1_304' title='bbox 1218 3017 1245 3064; x_wconf 87' lang='lat'><strong>†</strong></span> <span class='ocrx_word' id='word_1_305' title='bbox 1274 3015 1515 3056; x_wconf 66' lang='lat' dir='ltr'>Azssvssno.</span> <span class='ocrx_word' id='word_1_306' title='bbox 1549 3016 1578 3065; x_wconf 90' lang='lat'><strong>†</strong></span> 
     </span>
    </p>
   </div>
  </div>
 </body>
</html>
