2020 3342
876 229 959 266 ΑΝ.
991 229 1080 267 1556
1725 231 1796 274 1⁸19

160 335 248 364 cae
286 323 406 367 filiae
443 323 620 364 uictum
655 331 954 375 compararet
974 356 980 373 ,
1023 336 1114 364 non
1151 324 1381 365 inueniret
1402 357 1410 375 ,
1446 325 1794 367 confessarium

164 406 299 434 suum
321 394 565 446 (siquidem
584 395 643 438 ab
674 395 800 436 omni
830 396 1032 436 humano
1061 394 1293 445 praesidio
1320 407 1369 435 se
1398 394 1673 435 derelictam
1697 408 1792 436 cer-

162 465 318 515 nebat)
340 465 675 509 consulendum
702 477 804 505 esse
832 465 1054 506 decreuit:
1084 477 1174 517 quo
1195 465 1320 505 facto
1349 466 1583 506 consuluit
1619 466 1711 515 ille,
1745 476 1794 507 ut

164 546 294 585 spem
315 546 449 575 suam
469 535 652 585 penitus
673 536 719 575 in
741 535 940 577 Domino
961 536 1213 586 repositam
1234 536 1442 586 haberet,
1467 541 1511 576 et
1538 537 1585 576 in
1610 543 1792 587 egesta-

163 612 207 645 te
228 618 311 645 sua
333 606 578 656 exultaret,
607 606 984 658 quandoquidem
1009 606 1086 656 qui
1114 605 1315 656 alitibus,
1345 617 1434 660 non
1468 607 1793 647 laborantibus

162 688 248 716 nec
269 676 499 726 uentibus,
517 676 574 716 de
594 677 874 717 necessariis
895 675 1106 728 prouidet
1128 676 1174 716 in
1196 676 1309 726 dies,
1329 676 1415 716 sibi
1436 688 1639 728 quoque,
1661 677 1793 717 cuius

153 747 316 798 >capilli
337 747 567 786 numerati
594 754 743 795 erant,
775 747 1051 798 prouidebit.
1082 747 1183 786 Hac
1213 747 1369 798 itaque
1400 758 1482 798 spe
1513 747 1712 798 munita,
1744 759 1794 787 56

158 818 349 857 domum
369 817 615 867 conuertit,
647 824 785 869 atque
812 829 896 858 nec
925 818 986 857 ibi
1013 830 1097 857 nec
1125 817 1295 857 alicubi
1325 818 1558 869 corporali
1581 818 1684 858 cibo
1716 830 1793 858 ue-

152 888 393 937 scebatur,
427 900 533 928 cum
554 888 664 940 quid
686 888 952 929 comederet
974 900 1067 927 non
1087 888 1264 938 fuisset,
1296 888 1377 928 sed
1404 888 1541 928 simul
1564 900 1671 928 cum
1698 888 1792 929 filia

159 958 281 998 farne
297 959 430 1010 quasi
448 958 797 1009 conficiebatur;
816 959 988 998 durnin
1006 970 1312 1010 supernorum
1324 959 1552 998 bonorum
1574 965 1791 1010 expecta-

158 1030 284 1069 tione'
303 1030 546 1080 extitisset,
572 1042 658 1070 nec
679 1030 995 1081 comparando
1018 1030 1121 1069 cibo
1150 1041 1341 1080 operam
1372 1029 1527 1080 dabat,
1550 1041 1607 1069 ne
1629 1029 1749 1069 forte
1767 1042 1794 1070 a

158 1111 255 1151 spe,
280 1112 419 1151 quam
439 1107 488 1140 ut
509 1100 717 1150 haberet,
746 1101 832 1140 sibi
854 1101 1152 1140 consuluerat
1173 1099 1503 1151 confessarius,
1534 1099 1790 1140 recederet:

159 1170 282 1210 nullo
298 1170 484 1210 interim
509 1172 574 1219 (ut
590 1170 838 1220 credimus)
856 1171 1188 1221 impatientiae,
1212 1170 1614 1221 murmurationis,
1641 1170 1791 1210 detra-

154 1241 338 1291 ctionis,
354 1241 671 1292 blasphemiae
684 1242 883 1293 denique
896 1248 1033 1292 atque
1046 1241 1386 1292 desperationis
1398 1241 1575 1291 inditio,
1591 1241 1672 1281 sed
1689 1242 1790 1281 sola

156 1323 239 1362 spe
256 1312 560 1352 nutriebatur:
580 1319 761 1352 tantum
776 1312 882 1352 fidei
899 1313 946 1352 in
963 1312 1115 1352 uerbis
1126 1311 1280 1352 Patris
1299 1311 1371 1351 sui
1388 1311 1644 1363 spiritualis
1658 1323 1786 1363 repo-

156 1383 358 1422 nendum
379 1389 582 1434 putarat,
605 1390 655 1423 ut
675 1383 714 1422 si
734 1385 808 1422 uel
828 1383 885 1421 ab
907 1384 1075 1433 angelo
1104 1383 1176 1422 uel
1204 1395 1230 1422 a
1253 1381 1470 1432 Domino,
1494 1381 1617 1434 quod
1638 1382 1789 1422 maius

155 1458 240 1503 est,
259 1461 562 1504 praeceptum
581 1453 758 1493 fuisset.
784 1453 885 1493 Hoc
903 1453 1023 1503 dico,
1048 1452 1204 1501 effero,
1224 1458 1268 1492 et
1289 1452 1522 1492 efferendo
1539 1458 1717 1503 repeto,
1736 1459 1785 1492 ut

156 1523 386 1575 frequenti
407 1525 573 1564 saltem
593 1525 866 1576 repetitione
897 1531 941 1564 et
963 1524 1253 1563 obedientiae
1283 1529 1327 1563 et
1357 1523 1609 1574 patientiae
1640 1523 1789 1563 uirtu-

156 1601 261 1643 tem,
285 1595 325 1634 si
344 1607 436 1634 non
457 1596 656 1646 penitus,
679 1607 737 1635 ex
757 1602 890 1646 parte
911 1606 1210 1645 cognoscam,
1234 1594 1437 1644 discam,
1470 1605 1733 1634 exerceam.

234 1666 481 1706 Caeterum
503 1668 660 1717 plures
677 1679 703 1706 a
724 1666 913 1706 nefariis
935 1665 1188 1706 sceleribus
1210 1665 1567 1716 sacrilegiisque
1597 1666 1784 1705 auocati

153 1745 276 1787 sunt,
309 1748 368 1777 ex
401 1737 568 1788 quibus
604 1736 834 1788 quaedam
862 1737 1029 1788 puella,
1059 1735 1151 1776 XX
1184 1735 1281 1775 fere
1315 1747 1492 1775 annum
1528 1736 1780 1789 attingens,

151 1818 271 1857 quae
292 1819 374 1858 per
394 1808 630 1848 biennium
651 1808 929 1848 foedissimis
951 1808 1027 1848 aui
1049 1806 1380 1857 cupiditatibus
1409 1806 1667 1858 obsequuta
1688 1806 1785 1847 fue·

153 1885 240 1918 rat:
264 1878 452 1918 tandem
471 1879 747 1919 confessarii
776 1881 848 1920 sui
878 1880 1284 1920 exhortationibus
1316 1892 1342 1920 a
1374 1885 1503 1919 tanto
1534 1878 1784 1928 sacrilegio

153 1949 362 1988 recessit.
385 1948 627 2000 Quaedam
647 1956 693 1989 et
713 1950 892 2000 mulier,
916 1950 1158 1991 detestatis
1185 1950 1405 2001 peccatis,
1435 1950 1601 2001 quibus
1628 1948 1708 1988 diu
1728 1960 1778 1988 se

152 2019 430 2070 subiecerat,
452 2031 790 2060 conuersarum
810 2021 1085 2072 religionem
1101 2021 1315 2072 ingressa
1333 2027 1416 2060 est:
1437 2021 1527 2060 alia
1550 2030 1662 2060 uero
1681 2020 1758 2071 qui
1772 2042 1781 2046 -

149 2088 253 2129 dem
275 2090 459 2141 ingredi
479 2092 734 2143 proposuit.
759 2091 823 2132 Vt
854 2099 1009 2132 autem
1036 2092 1091 2131 de
1113 2092 1327 2132 omnibus
1348 2092 1490 2131 semel
1520 2090 1689 2140 dicam,
1719 2102 1778 2130 ex

149 2160 219 2210 iis,
243 2161 320 2212 qui
347 2167 615 2202 nostrorum
644 2168 830 2213 patrum
860 2163 1115 2202 ministerio
1146 2169 1339 2202 utuntur
1369 2161 1416 2201 in
1447 2161 1780 2210 sacramentis,

150 2232 305 2281 plures
321 2238 365 2272 et
382 2233 600 2273 mulieres
617 2240 661 2273 et
678 2233 886 2284 uirgines
900 2233 1174 2284 religionem
1189 2233 1480 2283 ingrediendi
1493 2232 1667 2284 optimo
1681 2231 1774 2272 ani-

150 2313 224 2341 mo
245 2309 351 2342 sunt
373 2303 582 2352 affectae,
605 2311 651 2344 et
670 2305 826 2356 plures
854 2311 1065 2345 caeteras
1087 2304 1146 2344 ad
1173 2303 1492 2344 confessiones
1519 2303 1751 2343 exhortari
1773 2325 1785 2330 -

149 2378 237 2423 tur,
274 2373 394 2413 inter
422 2386 539 2426 quas
568 2375 801 2427 quaedam
831 2375 1109 2415 conditionis
1130 2375 1194 2425 (ut
1222 2387 1249 2414 a
1283 2374 1455 2414 mundo
1488 2374 1773 2425 asseclisque

148 2444 244 2483 suis
265 2444 575 2496 existimatur)
596 2446 805 2486 abiectae
827 2446 958 2496 duas,
983 2457 1102 2497 quae
1124 2457 1226 2485 sese
1248 2445 1290 2485 ei
1311 2444 1475 2485 obuiae
1494 2445 1772 2493 obtulerant,

148 2514 208 2553 ad
235 2515 543 2556 confessionis
571 2524 921 2557 sacramentum
951 2517 1160 2556 attraxit:
1193 2516 1316 2567 quod
1343 2528 1370 2556 a
1401 2515 1573 2567 Spiritu
1604 2515 1778 2556 Sancto

147 2595 256 2624 uere
276 2585 453 2626 factum
472 2586 669 2638 uidetur,
699 2588 929 2640 siquidem
959 2588 1143 2628 illarum
1164 2588 1326 2638 altera,
1357 2599 1476 2638 quae
1502 2592 1646 2638 nupta
1678 2588 1773 2626 iam

145 2666 195 2694 se
212 2663 406 2707 peccato
422 2657 694 2710 tradiderat,
712 2660 908 2701 alteram
926 2670 1124 2711 quoque,
1145 2670 1263 2710 quae
1279 2658 1599 2698 immunditiae
1615 2658 1775 2698 nescia

136 2732 260 2777 erat,
283 2726 343 2767 ad
362 2728 653 2779 peccandum
672 2729 893 2770 inducere
914 2729 1204 2780 decreuerat;
1236 2740 1400 2769 uerum
1421 2728 1769 2769 confessionum

144 2796 368 2838 beneficio
389 2804 571 2839 tantum
590 2801 743 2840 scelus
765 2801 1002 2851 repulsum
1018 2799 1116 2839 fuit.
1134 2799 1386 2839 quencula
1407 2798 1596 2839 tandem
1612 2799 1670 2838 ab
1688 2799 1750 2838 im
1764 2821 1775 2826 -

145 2867 335 2917 pudenti
354 2869 556 2920 quodam
585 2870 849 2920 sollicitata,
882 2882 988 2911 cum
1009 2871 1132 2910 nullo
1155 2876 1294 2920 pacto
1323 2869 1511 2910 effrenis
1535 2870 1633 2909 eius
1656 2869 1773 2909 desi-

139 2937 287 2978 deriis
307 2951 473 2990 parere
491 2941 611 2980 uelle
631 2941 868 2992 obiiceret,
892 2941 1088 2981 credidit
1108 2941 1183 2981 ille
1205 2941 1296 2980 alio
1318 2940 1699 2991 confugiendum,
1723 2947 1771 2980 ut

138 3009 336 3049 alterius
356 3010 597 3062 beneficio,
620 3012 744 3063 quod
763 3013 901 3053 nullis
922 3013 1021 3064 ipse
1039 3012 1257 3064 precibus
1288 3023 1372 3052 nec
1389 3011 1657 3051 muneribus
1678 3011 1771 3063 pol-
