2020 3342
849 233 934 271 AN.
965 233 1055 272 1550
1717 237 1766 274 53

804 683 1103 737 CDLXVI

206 909 253 946 P.
276 909 509 956 Quintinus
530 910 735 947 Charlart

254 975 374 1012 Patri
393 974 560 1022 Ignatio
581 974 634 1012 de
653 974 838 1022 Loyola.

301 1039 516 1085 Tornaco,
540 1039 583 1076 10
600 1040 798 1086 Januarii
819 1040 909 1078 1556
930 1041 955 1076 ¹.

927 1216 956 1260 ,Γ

210 1391 309 1431 Pax
330 1390 502 1431 Christi
523 1392 781 1432 nobiscum.

210 1462 308 1502 R.de
321 1464 368 1502 in
390 1462 576 1502 Christo
598 1462 752 1503 Pater.

208 1533 272 1573 Vt
293 1533 497 1573 debitum
520 1533 810 1574 obedientiae
828 1542 1118 1586 praestemus
1136 1544 1179 1576 et
1198 1537 1448 1577 reddamus
1465 1536 1750 1588 obsequium,

130 1605 293 1656 paucis
316 1604 517 1655 accipiat
537 1603 591 1644 R.
616 1604 673 1644 V.
698 1604 748 1644 Ρ.
771 1605 991 1656 quidnam
1014 1607 1101 1647 hoc
1122 1614 1219 1647 toto
1241 1607 1572 1659 quadrimestri
1593 1607 1753 1658 digna-

130 1682 204 1715 tus
225 1676 283 1715 sit
304 1675 535 1715 Dominus
555 1676 741 1725 operari
771 1688 852 1727 per
880 1689 991 1717 suos
1019 1679 1205 1719 inutiles
1235 1690 1398 1718 seruos
1426 1679 1474 1718 in
1502 1678 1590 1718 isto
1620 1678 1752 1718 mise-

127 1747 303 1786 randae
331 1745 582 1786 Flandriae
618 1748 806 1797 angulo.
842 1747 1072 1799 Imprimis
1107 1762 1192 1789 nos
1220 1761 1313 1789 non
1346 1761 1512 1801 parum
1542 1750 1752 1789 exercuit

127 1816 373 1867 confessio,
399 1824 443 1857 et
464 1817 649 1868 quidem
672 1818 881 1866 assidua3
907 1831 1016 1859 nam
1037 1831 1146 1871 ego,
1173 1821 1249 1871 qui
1269 1820 1386 1860 haec
1407 1820 1581 1870 scribo,
1606 1821 1751 1871 quoti-

127 1888 200 1927 die
221 1894 265 1927 et
286 1900 426 1939 saepe
448 1900 475 1928 a
496 1899 677 1928 summo
699 1900 835 1928 mane
866 1890 1006 1929 etiam
1036 1897 1143 1930 ante
1173 1891 1326 1931 lucem
1353 1902 1500 1942 vsque
1530 1890 1588 1930 ad
1619 1891 1752 1930 meri-

126 1957 247 1998 diem
274 1959 432 1998 desedi
466 1958 512 1998 in
548 1959 719 2009 templo
754 1971 951 2008 summo,
986 1960 1230 2001 audiendis
1264 1961 1637 2002 confessionibus
1671 1973 1750 2001 va-

125 2041 252 2069 cans.
276 2029 414 2069 Pater
436 2041 619 2081 quoque
640 2029 875 2070 Antonius
896 2030 910 2048 ‘²
931 2031 978 2070 in
999 2031 1162 2072 eodem
1182 2033 1376 2083 templo,
1406 2044 1432 2071 a
1461 2044 1533 2072 me
1554 2033 1749 2072 multum

123 2106 340 2149 semotus,
363 2100 461 2140 fere
482 2100 686 2151 quotidie
717 2107 814 2140 toto
843 2101 919 2141 illo
949 2108 1158 2153 tempore
1187 2103 1364 2143 audiuit
1397 2104 1538 2143 etiam
1569 2102 1751 2143 confes-

123 2171 293 2220 siones;
318 2183 376 2210 ex
398 2171 564 2222 quibus
587 2178 761 2222 quanta
790 2172 981 2212 Vbertas
1010 2174 1182 2223 segetis
1208 2174 1335 2214 Vitae
1364 2174 1619 2224 spiritualis
1649 2185 1748 2214 suc-

123 2242 337 2291 creuerst,
362 2242 568 2282 indicant
590 2242 695 2282 illae
716 2254 859 2282 voces
883 2244 1025 2294 vulgo
1049 2244 1216 2284 iactari
1246 2245 1300 2284 de
1331 2245 1463 2284 nobis
1484 2244 1672 2285 solitae:
1699 2244 1748 2283 “o

124 2313 273 2363 qualis
295 2313 613 2353 confessarius
634 2319 702 2352 est
725 2314 800 2353 ille
822 2313 973 2354 Pater!
998 2327 1023 2353 o
1046 2321 1220 2366 quanta
1243 2327 1348 2355 cum
1369 2315 1621 2355 securitate
1643 2327 1748 2355 con-

125 2383 346 2423 scientiae
366 2396 489 2423 nunc
510 2384 619 2423 Viuo
642 2390 889 2435 postquam
910 2385 998 2425 illis
1020 2386 1261 2426 confessus
1277 2387 1395 2426 sum!
1419 2386 1527 2435 “et„,
1547 2386 1586 2425 si
1604 2387 1745 2426 talem

125 2453 312 2494 Patrem
342 2466 434 2494 non
455 2454 689 2504 adiissem,
715 2455 808 2494 iam
830 2461 986 2496 actum
1007 2456 1171 2496 fuisset
1191 2457 1246 2496 de
1267 2457 1365 2497 vita
1387 2469 1519 2505 mea„
1540 2469 1547 2497 :
1572 2457 1631 2496 sit
1652 2455 1744 2496 Do-

125 2524 275 2564 minus
296 2525 582 2566 benedictus.

201 2594 405 2646 Singulis
428 2608 609 2648 quoque
631 2598 792 2637 diebus
813 2598 1058 2638 dominicis
1074 2599 1122 2638 in
1143 2599 1347 2650 quodam
1367 2600 1538 2639 sacello
1572 2600 1743 2639 summi

120 2667 279 2718 templi
320 2669 768 2708 communicauimus
808 2670 964 2719 plures
997 2669 1154 2718 solito,
1192 2670 1422 2721 longeque
1456 2671 1612 2721 plures
1649 2671 1737 2716 (sat

118 2737 304 2785 scimus)
329 2739 741 2788 communicarent,
767 2739 805 2779 si
826 2740 1049 2791 templum
1070 2741 1145 2779 vel
1161 2740 1385 2780 sacellum
1402 2741 1517 2780 bene
1540 2741 1745 2791 amplum

117 2808 251 2847 nobis
273 2808 556 2849 destinatum
577 2810 710 2860 foret,
742 2822 832 2861 quo
860 2812 1031 2861 populo
1058 2811 1202 2850 libere
1231 2817 1276 2851 et
1305 2811 1548 2851 commode
1580 2823 1746 2850 conue-

174 2989 181 3007 ¹
227 2990 472 3025 Autographae
489 2992 613 3026 duplici
631 2993 720 3026 folio,
736 2994 845 3027 primo
861 3001 896 3021 n.
913 2994 976 3025 308,
992 2995 1101 3021 altero
1120 3001 1185 3021 non
1200 2999 1393 3021 numeram.

170 3037 185 3054 -''
228 3036 265 3064 P.
281 3038 450 3065 Antonius
465 3038 633 3073 Bouclier,
650 3041 736 3067 alias
749 3041 888 3068 Bouclet
904 3041 1024 3068 dictus.
