2020 3342
199 332 238 372 ju:

217 1893 256 1935 ssi)

831 230 914 272 AN.
946 232 1036 273 1556
1673 236 1741 274 337

323 331 532 383 Quatuor
567 343 726 371 sumus
755 331 1025 371 sacerdotes
1055 338 1099 371 ct
1134 331 1350 382 theologi;
1389 332 1553 384 reliqui
1586 338 1740 372 autem

373 402 585 453 Magistri
607 408 650 442 et
672 403 874 442 cultores
895 402 1122 442 bonarum
1144 402 1327 451 artium,
1352 414 1471 453 quae
1500 403 1558 442 ad
1582 403 1741 453 juuen-

374 479 515 512 tutem
538 480 663 513 recte
685 486 738 513 ac
762 473 833 524 pie
854 473 1185 513 instituendam
1207 479 1434 523 spectant.

327 544 499 584 Omnes
521 544 656 584 unius
677 544 882 584 eiusdem
904 542 1167 591 Societatis‚
1198 555 1317 595 quac
1339 544 1523 584 nomine
1550 545 1659 597 Jesu
1680 545 1740 584 in-

375 615 544 666 signita
580 622 664 664 est,
694 616 837 655 ueluti
871 616 1080 666 corporis
1109 616 1340 665 membra,
1375 623 1417 655 et
1448 615 1527 655 filii
1562 616 1744 667 quidem

382 685 470 724 R.di
494 685 644 725 Patris
665 686 711 725 in
738 685 923 726 Christo
951 687 1097 726 nostri
1125 685 1313 726 Domini
1341 685 1522 736 Ignatii,
1555 686 1631 737 qui
1661 686 1747 726 has

378 757 536 796 literas
567 756 575 774 ¹
606 757 744 804 misit,
774 763 818 796 et
845 764 1033 796 nostras
1062 757 1266 797 omnium
1295 769 1462 808 operas
1492 756 1662 807 offerri,
1692 769 1746 797 ac

381 828 426 867 in
444 827 630 867 Christo
646 827 852 867 dedicari
870 835 913 867 et
931 828 1070 867 tribui
1093 828 1238 867 uoluit
1257 827 1590 868 Serenissimae
1610 827 1747 867 Maie-

378 899 485 938 stati
510 897 722 938 Vestrae.

332 969 448 1009 Eam
477 970 744 1021 suppliciter
780 969 824 1009 id
862 981 1003 1009 unum
1030 981 1232 1020 oramus,
1269 975 1338 1017 ut,
1362 970 1482 1010 sicut
1508 969 1747 1020 hactenus,

378 1052 519 1091 supra
560 1051 721 1080 omnes
760 1040 1040 1081 Germaniae
1082 1040 1319 1091 Principes
1357 1041 1479 1080 hanc
1512 1041 1752 1081 minimam

379 1111 548 1151 Christi
572 1110 852 1151 Societatem
874 1111 1106 1162 amplecti,
1141 1118 1184 1151 et
1215 1111 1362 1162 Regia
1394 1123 1476 1151 sua
1507 1113 1751 1152 clementia

381 1190 519 1234 atque
548 1182 824 1222 liberalitate
854 1183 1072 1233 prosequi
1107 1183 1273 1234 coepit,
1310 1183 1377 1223 sic
1413 1195 1498 1223 nos
1532 1183 1671 1223 etiam
1707 1184 1753 1222 in

382 1254 471 1293 hoc
494 1254 666 1304 inclyto
689 1253 864 1304 Regiae
886 1252 1142 1293 Maiestatis
1160 1253 1359 1294 Vestrae
1381 1254 1560 1305 Regno,
1584 1262 1627 1294 et
1646 1254 1751 1294 Pra-

381 1325 514 1375 gensi
548 1323 771 1375 Collegio‚
812 1335 953 1375 porro
988 1324 1148 1364 fouere
1178 1333 1221 1364 et
1252 1337 1529 1376 promouere
1560 1336 1652 1365 non
1681 1325 1754 1364 de·

384 1396 615 1447 dignetur.

334 1467 466 1518 Quod
488 1467 532 1507 in
554 1466 687 1507 nobis
709 1466 810 1517 erit,
835 1478 1026 1518 operam
1047 1478 1207 1507 omnes
1227 1468 1518 1518 nauabimus,
1538 1480 1594 1507 ne
1616 1468 1662 1508 in
1678 1468 1754 1508 ho-

386 1539 532 1578 mines
554 1538 766 1589 ignauOS,
790 1539 864 1578 uel
893 1538 1118 1589 ingratos,
1149 1539 1327 1579 isthaec
1356 1538 1501 1590 Regia
1529 1550 1642 1590 erga
1670 1551 1756 1580 nos

387 1609 632 1650 clementia
650 1614 694 1649 et
715 1608 1029 1649 munificentia
1047 1610 1276 1650 collocata
1297 1621 1398 1650 esse
1418 1610 1646 1650 uideatur.

339 1680 428 1722 Sed
446 1687 507 1731 ut,
528 1682 782 1721 secundum
796 1679 1044 1721 Societatis
1061 1682 1533 1731 nostraeinstitutum,
1548 1689 1591 1722 et
1605 1681 1756 1723 officio

385 1758 544 1792 nostro
579 1758 621 1792 et
656 1752 886 1792 uoluntati
923 1751 1258 1792 Serenissimae
1291 1752 1468 1804 Regiae
1499 1753 1757 1804 Majestatis

385 1823 585 1863 Vestrae
607 1822 666 1862 ad
687 1834 828 1863 unum
850 1834 1010 1862 omnes
1031 1828 1253 1874 perpetuo
1276 1824 1657 1875 respondeamus.

341 1894 408 1935 Ne
430 1900 586 1934 autem
607 1893 756 1934 oratio
777 1905 899 1933 nunc
921 1893 1062 1934 etiam
1084 1894 1216 1944 desit,
1239 1894 1452 1934 inditium
1474 1906 1528 1935 ac
1554 1893 1755 1936 testimo-

388 1966 513 2005 nium
536 1965 724 2016 aliquod
751 1965 1077 2005 obseruantiae
1104 1972 1294 2005 nostrae
1322 1977 1436 2017 erga
1458 1966 1681 2017 optimum
1713 1974 1757 2007 et

390 2037 777 2088 benignissimum
797 2036 1065 2087 Patronum,
1085 2036 1336 2077 adferimus
1358 2037 1446 2077 hoc
1465 2038 1582 2077 exile
1597 2049 1756 2078 munu-

391 2110 570 2149 sculum
591 2107 620 2156 2,
645 2108 766 2159 quod
795 2107 970 2158 Regiae
997 2108 1159 2159 pietati
1179 2108 1379 2149 Vestrae
1408 2114 1457 2148 ut
1483 2120 1575 2149 non
1605 2108 1757 2160 displi-

391 2186 494 2220 ceat
517 2180 657 2220 etiam
679 2186 816 2230 atque
839 2179 978 2219 etiam
1000 2179 1314 2220 obsecramus.

195 2318 203 2338 ¹
251 2317 320 2345 Eae
336 2318 453 2352 procul
476 2317 576 2344 dubio
591 2321 679 2351 sunt,
703 2324 786 2350 quas
801 2316 906 2343 habes
929 2317 958 2343 in
983 2316 1106 2343 Cartas
1128 2317 1169 2343 de
1193 2317 1264 2343 San
1287 2316 1441 2350 Ignact'o,
1456 2320 1477 2343 t.
1495 2323 1540 2350 vr,
1562 2325 1641 2352 pag.
1663 2317 1714 2346 130
1727 2324 1759 2346 et

141 2367 194 2393 45¹2
228 2388 231 2393 .

195 2415 207 2432 ἵ
251 2412 440 2446 Rosarium,
457 2413 495 2440 de
512 2420 576 2447 quo
591 2419 693 2446 supra
711 2412 779 2445 ipse
793 2412 1000 2446 Goissonius‚
1017 2420 1091 2448 pag.
1109 2413 1172 2441 331.

322 3100 344 3136 '.
369 3110 419 3136 xv.

1545 3111 1587 3134 22
