<?xml version="1.0" encoding="UTF-8"?>
<!DOCTYPE html PUBLIC "-//W3C//DTD XHTML 1.0 Transitional//EN"
    "http://www.w3.org/TR/xhtml1/DTD/xhtml1-transitional.dtd">
<html xmlns="http://www.w3.org/1999/xhtml" xml:lang="en" lang="en">
 <head>
  <title>
</title>
<meta http-equiv="Content-Type" content="text/html;charset=utf-8" />
  <meta name='ocr-system' content='tesseract 3.04.00' />
  <meta name='ocr-capabilities' content='ocr_page ocr_carea ocr_par ocr_line ocrx_word'/>
</head>
<body>
  <div class='ocr_page' id='page_1' title='image "./litteraequadrime16lain_0437.png"; bbox 0 0 2020 3342; ppageno 0'>
   <div class='ocr_carea' id='block_1_1' title="bbox 850 244 1769 284">
    <p class='ocr_par' dir='ltr' id='par_1_1' title="bbox 850 244 1769 284">
     <span class='ocr_line' id='line_1_1' title="bbox 850 244 1769 284; baseline -0.005 -1"><span class='ocrx_word' id='word_1_1' title='bbox 850 248 933 284; x_wconf 81' lang='grc' dir='ltr'>ΑΝ.</span> <span class='ocrx_word' id='word_1_2' title='bbox 970 245 1061 283; x_wconf 81' lang='lat'>1556</span> <span class='ocrx_word' id='word_1_3' title='bbox 1698 244 1769 279; x_wconf 54' lang='lat'>431*</span> 
     </span>
    </p>
   </div>
   <div class='ocr_carea' id='block_1_2' title="bbox 144 339 1778 1875">
    <p class='ocr_par' dir='ltr' id='par_1_2' title="bbox 144 339 1774 1242">
     <span class='ocr_line' id='line_1_2' title="bbox 144 339 1766 398; baseline -0.007 -10"><span class='ocrx_word' id='word_1_4' title='bbox 144 347 334 398; x_wconf 87' lang='lat' dir='ltr'>Agnum</span> <span class='ocrx_word' id='word_1_5' title='bbox 356 345 443 386; x_wconf 91' lang='lat' dir='ltr'>Dei</span> <span class='ocrx_word' id='word_1_6' title='bbox 464 350 473 370; x_wconf 91' lang='lat'>¹</span> <span class='ocrx_word' id='word_1_7' title='bbox 497 344 693 395; x_wconf 89' lang='lat' dir='ltr'>accepit,</span> <span class='ocrx_word' id='word_1_8' title='bbox 718 343 840 395; x_wconf 90' lang='lat' dir='ltr'>quod</span> <span class='ocrx_word' id='word_1_9' title='bbox 860 354 1019 383; x_wconf 89' lang='lat' dir='ltr'>secum</span> <span class='ocrx_word' id='word_1_10' title='bbox 1038 341 1162 391; x_wconf 87' lang='lat' dir='ltr'>tulit,</span> <span class='ocrx_word' id='word_1_11' title='bbox 1185 340 1322 381; x_wconf 85' lang='lat' dir='ltr'>vnice</span> <span class='ocrx_word' id='word_1_12' title='bbox 1343 339 1517 380; x_wconf 92' lang='lat' dir='ltr'>nostris</span> <span class='ocrx_word' id='word_1_13' title='bbox 1545 339 1766 378; x_wconf 89' lang='lat' dir='ltr'>orationi-</span> 
     </span>
     <span class='ocr_line' id='line_1_3' title="bbox 144 408 1767 464; baseline -0.006 -6"><span class='ocrx_word' id='word_1_14' title='bbox 144 419 230 458; x_wconf 86' lang='lat' dir='ltr'>bus</span> <span class='ocrx_word' id='word_1_15' title='bbox 253 422 298 457; x_wconf 92' lang='lat' dir='ltr'>et</span> <span class='ocrx_word' id='word_1_16' title='bbox 319 415 563 457; x_wconf 88' lang='lat' dir='ltr'>sacrificiis</span> <span class='ocrx_word' id='word_1_17' title='bbox 584 426 633 454; x_wconf 92' lang='lat' dir='ltr'>se</span> <span class='ocrx_word' id='word_1_18' title='bbox 655 413 1003 454; x_wconf 87' lang='lat' dir='ltr'>commendans.</span> <span class='ocrx_word' id='word_1_19' title='bbox 1028 412 1116 464; x_wconf 88' lang='lat' dir='ltr'>Qui</span> <span class='ocrx_word' id='word_1_20' title='bbox 1133 412 1288 461; x_wconf 90' lang='lat' dir='ltr'>etiam,</span> <span class='ocrx_word' id='word_1_21' title='bbox 1308 415 1592 461; x_wconf 82' lang='lat' dir='ltr'>suggerente</span> <span class='ocrx_word' id='word_1_22' title='bbox 1608 408 1657 449; x_wconf 88' lang='lat' dir='ltr'>P.</span> <span class='ocrx_word' id='word_1_23' title='bbox 1683 408 1767 449; x_wconf 87' lang='lat' dir='ltr'>Ca-</span> 
     </span>
     <span class='ocr_line' id='line_1_4' title="bbox 144 479 1767 537; baseline -0.006 -9"><span class='ocrx_word' id='word_1_24' title='bbox 144 488 279 537; x_wconf 91' lang='lat' dir='ltr'>nisio,</span> <span class='ocrx_word' id='word_1_25' title='bbox 304 486 542 527; x_wconf 88' lang='lat' dir='ltr'>constituit</span> <span class='ocrx_word' id='word_1_26' title='bbox 564 491 614 525; x_wconf 91' lang='lat' dir='ltr'>ut</span> <span class='ocrx_word' id='word_1_27' title='bbox 634 495 716 536; x_wconf 87' lang='lat' dir='ltr'>per</span> <span class='ocrx_word' id='word_1_28' title='bbox 736 490 883 524; x_wconf 89' lang='lat' dir='ltr'>totam</span> <span class='ocrx_word' id='word_1_29' title='bbox 904 484 1143 524; x_wconf 74' lang='lat' dir='ltr'>Boemiam</span> <span class='ocrx_word' id='word_1_30' title='bbox 1170 483 1473 522; x_wconf 90' lang='lat' dir='ltr'>innouaretur</span> <span class='ocrx_word' id='word_1_31' title='bbox 1504 490 1606 520; x_wconf 92' lang='lat' dir='ltr'>mos</span> <span class='ocrx_word' id='word_1_32' title='bbox 1633 479 1767 519; x_wconf 88' lang='lat' dir='ltr'>meri-</span> 
     </span>
     <span class='ocr_line' id='line_1_5' title="bbox 146 550 1769 610; baseline -0.006 -11"><span class='ocrx_word' id='word_1_33' title='bbox 146 559 219 599; x_wconf 89' lang='lat' dir='ltr'>die</span> <span class='ocrx_word' id='word_1_34' title='bbox 258 557 474 610; x_wconf 90' lang='lat' dir='ltr'>pulsandi</span> <span class='ocrx_word' id='word_1_35' title='bbox 517 562 684 596; x_wconf 88' lang='lat' dir='ltr'>contra</span> <span class='ocrx_word' id='word_1_36' title='bbox 722 555 795 604; x_wconf 72' lang='lat' dir='ltr'>X.i</span> <span class='ocrx_word' id='word_1_37' title='bbox 833 555 990 594; x_wconf 90' lang='lat' dir='ltr'>hostes</span> <span class='ocrx_word' id='word_1_38' title='bbox 1035 566 1090 594; x_wconf 90' lang='lat' dir='ltr'>ac</span> <span class='ocrx_word' id='word_1_39' title='bbox 1135 565 1219 605; x_wconf 91' lang='lat' dir='ltr'>pro</span> <span class='ocrx_word' id='word_1_40' title='bbox 1265 552 1462 593; x_wconf 86' lang='lat' dir='ltr'>Xianae.</span> <span class='ocrx_word' id='word_1_41' title='bbox 1508 550 1769 601; x_wconf 83' lang='lat' dir='ltr'>Religionis</span> 
     </span>
     <span class='ocr_line' id='line_1_6' title="bbox 145 621 1770 681; baseline -0.006 -11"><span class='ocrx_word' id='word_1_42' title='bbox 145 640 370 681; x_wconf 89' lang='lat' dir='ltr'>prospero</span> <span class='ocrx_word' id='word_1_43' title='bbox 392 637 635 677; x_wconf 88' lang='lat' dir='ltr'>successu;</span> <span class='ocrx_word' id='word_1_44' title='bbox 659 632 927 666; x_wconf 78' lang='lat' dir='ltr'>reuerentes</span> <span class='ocrx_word' id='word_1_45' title='bbox 949 625 1128 676; x_wconf 77' lang='lat' dir='ltr'>gratias</span> <span class='ocrx_word' id='word_1_46' title='bbox 1150 635 1297 675; x_wconf 88' lang='lat' dir='ltr'>agens</span> <span class='ocrx_word' id='word_1_47' title='bbox 1318 622 1522 672; x_wconf 90' lang='lat' dir='ltr'>Canisio,</span> <span class='ocrx_word' id='word_1_48' title='bbox 1552 621 1644 673; x_wconf 90' lang='lat' dir='ltr'>qui,</span> <span class='ocrx_word' id='word_1_49' title='bbox 1672 626 1770 661; x_wconf 89' lang='lat' dir='ltr'>tam</span> 
     </span>
     <span class='ocr_line' id='line_1_7' title="bbox 146 692 1767 751; baseline -0.007 -10"><span class='ocrx_word' id='word_1_50' title='bbox 146 701 343 741; x_wconf 85' lang='lat' dir='ltr'>honesta</span> <span class='ocrx_word' id='word_1_51' title='bbox 363 697 578 751; x_wconf 86' lang='lat' dir='ltr'>petendo,</span> <span class='ocrx_word' id='word_1_52' title='bbox 601 696 865 747; x_wconf 81' lang='lat' dir='ltr'>Principem</span> <span class='ocrx_word' id='word_1_53' title='bbox 887 695 1169 735; x_wconf 90' lang='lat' dir='ltr'>catholicum</span> <span class='ocrx_word' id='word_1_54' title='bbox 1191 693 1328 734; x_wconf 88' lang='lat' dir='ltr'>officii</span> <span class='ocrx_word' id='word_1_55' title='bbox 1349 693 1420 733; x_wconf 91' lang='lat' dir='ltr'>sui</span> <span class='ocrx_word' id='word_1_56' title='bbox 1442 692 1714 732; x_wconf 90' lang='lat' dir='ltr'>admoneret</span> <span class='ocrx_word' id='word_1_57' title='bbox 1737 692 1767 728; x_wconf 87' lang='grc'><strong>”-’.</strong></span> 
     </span>
     <span class='ocr_line' id='line_1_8' title="bbox 146 763 1769 820; baseline -0.007 -8"><span class='ocrx_word' id='word_1_58' title='bbox 146 771 375 812; x_wconf 86' lang='lat' dir='ltr'>Effectum</span> <span class='ocrx_word' id='word_1_59' title='bbox 395 774 465 809; x_wconf 89' lang='lat' dir='ltr'>est</span> <span class='ocrx_word' id='word_1_60' title='bbox 487 768 610 820; x_wconf 89' lang='lat' dir='ltr'>apud</span> <span class='ocrx_word' id='word_1_61' title='bbox 631 779 735 808; x_wconf 86' lang='lat' dir='ltr'>eum</span> <span class='ocrx_word' id='word_1_62' title='bbox 759 773 806 806; x_wconf 92' lang='lat' dir='ltr'>ut</span> <span class='ocrx_word' id='word_1_63' title='bbox 828 767 1053 817; x_wconf 87' lang='lat' dir='ltr'>probatae</span> <span class='ocrx_word' id='word_1_64' title='bbox 1074 765 1180 806; x_wconf 89' lang='lat' dir='ltr'>fidei</span> <span class='ocrx_word' id='word_1_65' title='bbox 1205 765 1360 804; x_wconf 82' lang='lat' dir='ltr'>virum</span> <span class='ocrx_word' id='word_1_66' title='bbox 1386 763 1769 804; x_wconf 80' lang='lat' dir='ltr'>concionatorem</span> 
     </span>
     <span class='ocr_line' id='line_1_9' title="bbox 145 833 1772 889; baseline -0.006 -7"><span class='ocrx_word' id='word_1_67' title='bbox 145 842 338 883; x_wconf 89' lang='lat' dir='ltr'>haberet</span> <span class='ocrx_word' id='word_1_68' title='bbox 359 841 406 881; x_wconf 90' lang='lat' dir='ltr'>in</span> <span class='ocrx_word' id='word_1_69' title='bbox 427 840 589 879; x_wconf 86' lang='lat' dir='ltr'>militia</span> <span class='ocrx_word' id='word_1_70' title='bbox 611 837 641 889; x_wconf 78' lang='lat'>³,</span> <span class='ocrx_word' id='word_1_71' title='bbox 674 844 718 878; x_wconf 94' lang='lat' dir='ltr'>et</span> <span class='ocrx_word' id='word_1_72' title='bbox 747 844 933 878; x_wconf 86' lang='lat' dir='ltr'>curaret</span> <span class='ocrx_word' id='word_1_73' title='bbox 962 837 1123 877; x_wconf 92' lang='lat' dir='ltr'>diebus</span> <span class='ocrx_word' id='word_1_74' title='bbox 1153 835 1341 876; x_wconf 88' lang='lat' dir='ltr'>veneris</span> <span class='ocrx_word' id='word_1_75' title='bbox 1370 835 1417 875; x_wconf 90' lang='lat' dir='ltr'>in</span> <span class='ocrx_word' id='word_1_76' title='bbox 1447 840 1547 874; x_wconf 92' lang='lat' dir='ltr'>tota</span> <span class='ocrx_word' id='word_1_77' title='bbox 1578 833 1772 874; x_wconf 74' lang='lat' dir='ltr'>Boe-mia</span> 
     </span>
     <span class='ocr_line' id='line_1_10' title="bbox 145 905 1771 965; baseline -0.006 -12"><span class='ocrx_word' id='word_1_78' title='bbox 145 912 493 965; x_wconf 85' lang='lat' dir='ltr'>processionem</span> <span class='ocrx_word' id='word_1_79' title='bbox 513 910 626 959; x_wconf 88' lang='lat' dir='ltr'>fieri,</span> <span class='ocrx_word' id='word_1_80' title='bbox 651 915 695 949; x_wconf 90' lang='lat' dir='ltr'>et</span> <span class='ocrx_word' id='word_1_81' title='bbox 716 909 908 949; x_wconf 77' lang='lat' dir='ltr'>missam</span> <span class='ocrx_word' id='word_1_82' title='bbox 929 907 984 947; x_wconf 92' lang='lat' dir='ltr'>de</span> <span class='ocrx_word' id='word_1_83' title='bbox 1005 908 1181 948; x_wconf 86' lang='lat' dir='ltr'>Sancta</span> <span class='ocrx_word' id='word_1_84' title='bbox 1202 906 1351 947; x_wconf 85' lang='lat' dir='ltr'>Cruce</span> <span class='ocrx_word' id='word_1_85' title='bbox 1372 905 1571 955; x_wconf 89' lang='lat' dir='ltr'>cantari,</span> <span class='ocrx_word' id='word_1_86' title='bbox 1602 910 1646 944; x_wconf 93' lang='lat' dir='ltr'>et</span> <span class='ocrx_word' id='word_1_87' title='bbox 1677 915 1771 943; x_wconf 91' lang='lat' dir='ltr'>mo-</span> 
     </span>
     <span class='ocr_line' id='line_1_11' title="bbox 145 974 1771 1035; baseline -0.006 -11"><span class='ocrx_word' id='word_1_88' title='bbox 145 984 244 1024; x_wconf 90' lang='lat' dir='ltr'>neri</span> <span class='ocrx_word' id='word_1_89' title='bbox 265 983 488 1035; x_wconf 92' lang='lat' dir='ltr'>populum</span> <span class='ocrx_word' id='word_1_90' title='bbox 509 981 564 1021; x_wconf 91' lang='lat' dir='ltr'>de</span> <span class='ocrx_word' id='word_1_91' title='bbox 585 979 870 1032; x_wconf 89' lang='lat' dir='ltr'>poenitentia</span> <span class='ocrx_word' id='word_1_92' title='bbox 891 985 937 1019; x_wconf 91' lang='lat' dir='ltr'>et</span> <span class='ocrx_word' id='word_1_93' title='bbox 959 979 1132 1030; x_wconf 90' lang='lat' dir='ltr'>pietate</span> <span class='ocrx_word' id='word_1_94' title='bbox 1153 976 1183 1028; x_wconf 73' lang='lat'>⁴,</span> <span class='ocrx_word' id='word_1_95' title='bbox 1207 983 1252 1018; x_wconf 92' lang='lat' dir='ltr'>et</span> <span class='ocrx_word' id='word_1_96' title='bbox 1271 977 1351 1017; x_wconf 89' lang='lat' dir='ltr'>vbi</span> <span class='ocrx_word' id='word_1_97' title='bbox 1371 988 1456 1016; x_wconf 90' lang='lat' dir='ltr'>nos</span> <span class='ocrx_word' id='word_1_98' title='bbox 1477 974 1771 1026; x_wconf 88' lang='lat' dir='ltr'>coeperimus</span> 
     </span>
     <span class='ocr_line' id='line_1_12' title="bbox 144 1047 1774 1098; baseline -0.006 -4"><span class='ocrx_word' id='word_1_99' title='bbox 144 1053 510 1094; x_wconf 85' lang='lat' dir='ltr'>familiaritatem</span> <span class='ocrx_word' id='word_1_100' title='bbox 530 1052 647 1092; x_wconf 89' lang='lat' dir='ltr'>inire</span> <span class='ocrx_word' id='word_1_101' title='bbox 665 1062 771 1090; x_wconf 92' lang='lat' dir='ltr'>cum</span> <span class='ocrx_word' id='word_1_102' title='bbox 788 1050 961 1090; x_wconf 89' lang='lat' dir='ltr'>nostris</span> <span class='ocrx_word' id='word_1_103' title='bbox 979 1049 1267 1089; x_wconf 86' lang='lat' dir='ltr'>auditoribus</span> <span class='ocrx_word' id='word_1_104' title='bbox 1285 1047 1424 1098; x_wconf 91' lang='lat' dir='ltr'>(quod</span> <span class='ocrx_word' id='word_1_105' title='bbox 1443 1059 1501 1086; x_wconf 79' lang='lat' dir='ltr'>ex</span> <span class='ocrx_word' id='word_1_106' title='bbox 1518 1051 1652 1097; x_wconf 91' lang='lat' dir='ltr'>parte</span> <span class='ocrx_word' id='word_1_107' title='bbox 1670 1056 1774 1085; x_wconf 94' lang='lat' dir='ltr'>coe-</span> 
     </span>
     <span class='ocr_line' id='line_1_13' title="bbox 146 1115 1772 1177; baseline -0.006 -12"><span class='ocrx_word' id='word_1_108' title='bbox 146 1124 330 1177; x_wconf 88' lang='lat' dir='ltr'>pimus),</span> <span class='ocrx_word' id='word_1_109' title='bbox 353 1135 448 1164; x_wconf 89' lang='lat' dir='ltr'>non</span> <span class='ocrx_word' id='word_1_110' title='bbox 468 1123 733 1163; x_wconf 86' lang='lat' dir='ltr'>dubitamus</span> <span class='ocrx_word' id='word_1_111' title='bbox 755 1122 865 1173; x_wconf 90' lang='lat' dir='ltr'>quin</span> <span class='ocrx_word' id='word_1_112' title='bbox 885 1121 1126 1160; x_wconf 90' lang='lat' dir='ltr'>literarum</span> <span class='ocrx_word' id='word_1_113' title='bbox 1153 1124 1384 1171; x_wconf 83' lang='lat' dir='ltr'>pretextu,</span> <span class='ocrx_word' id='word_1_114' title='bbox 1415 1116 1603 1168; x_wconf 81' lang='lat' dir='ltr'>pietatis</span> <span class='ocrx_word' id='word_1_115' title='bbox 1629 1115 1772 1156; x_wconf 90' lang='lat' dir='ltr'>etiam</span> 
     </span>
     <span class='ocr_line' id='line_1_14' title="bbox 146 1191 1021 1242; baseline -0.007 -6"><span class='ocrx_word' id='word_1_116' title='bbox 146 1196 348 1236; x_wconf 89' lang='lat' dir='ltr'>fructum</span> <span class='ocrx_word' id='word_1_117' title='bbox 369 1194 635 1235; x_wconf 90' lang='lat' dir='ltr'>uberiorem</span> <span class='ocrx_word' id='word_1_118' title='bbox 657 1192 801 1232; x_wconf 88' lang='lat' dir='ltr'>simus</span> <span class='ocrx_word' id='word_1_119' title='bbox 823 1191 1021 1242; x_wconf 86' lang='lat' dir='ltr'>capturi.</span> 
     </span>
    </p>

    <p class='ocr_par' dir='ltr' id='par_1_3' title="bbox 147 1259 1778 1875">
     <span class='ocr_line' id='line_1_15' title="bbox 225 1259 1774 1315; baseline -0.006 -8"><span class='ocrx_word' id='word_1_120' title='bbox 225 1266 470 1308; x_wconf 88' lang='lat' dir='ltr'>Vocantur</span> <span class='ocrx_word' id='word_1_121' title='bbox 507 1263 755 1315; x_wconf 88' lang='lat' dir='ltr'>aliquando</span> <span class='ocrx_word' id='word_1_122' title='bbox 790 1263 938 1303; x_wconf 89' lang='lat' dir='ltr'>nostri</span> <span class='ocrx_word' id='word_1_123' title='bbox 970 1262 1029 1302; x_wconf 90' lang='lat' dir='ltr'>ad</span> <span class='ocrx_word' id='word_1_124' title='bbox 1057 1267 1304 1312; x_wconf 87' lang='lat' dir='ltr'>magnates</span> <span class='ocrx_word' id='word_1_125' title='bbox 1335 1259 1393 1300; x_wconf 91' lang='lat' dir='ltr'>ad</span> <span class='ocrx_word' id='word_1_126' title='bbox 1422 1259 1582 1300; x_wconf 87' lang='lat' dir='ltr'>varias</span> <span class='ocrx_word' id='word_1_127' title='bbox 1612 1268 1774 1298; x_wconf 91' lang='lat' dir='ltr'>eorum</span> 
     </span>
     <span class='ocr_line' id='line_1_16' title="bbox 149 1327 1774 1387; baseline -0.007 -8"><span class='ocrx_word' id='word_1_128' title='bbox 149 1338 444 1379; x_wconf 83' lang='lat' dir='ltr'>difficultates</span> <span class='ocrx_word' id='word_1_129' title='bbox 464 1335 749 1387; x_wconf 83' lang='lat' dir='ltr'>responsuri,</span> <span class='ocrx_word' id='word_1_130' title='bbox 773 1334 939 1386; x_wconf 90' lang='lat' dir='ltr'>quibus</span> <span class='ocrx_word' id='word_1_131' title='bbox 960 1345 1055 1373; x_wconf 92' lang='lat' dir='ltr'>non</span> <span class='ocrx_word' id='word_1_132' title='bbox 1075 1334 1227 1373; x_wconf 87' lang='lat' dir='ltr'>solum</span> <span class='ocrx_word' id='word_1_133' title='bbox 1248 1332 1464 1372; x_wconf 90' lang='lat' dir='ltr'>doctores</span> <span class='ocrx_word' id='word_1_134' title='bbox 1491 1329 1659 1378; x_wconf 87' lang='lat' dir='ltr'>nostri,</span> <span class='ocrx_word' id='word_1_135' title='bbox 1692 1327 1774 1368; x_wconf 90' lang='lat' dir='ltr'>sed</span> 
     </span>
     <span class='ocr_line' id='line_1_17' title="bbox 150 1399 1775 1457; baseline -0.007 -7"><span class='ocrx_word' id='word_1_136' title='bbox 150 1416 195 1450; x_wconf 91' lang='lat' dir='ltr'>et</span> <span class='ocrx_word' id='word_1_137' title='bbox 216 1409 294 1449; x_wconf 86' lang='lat' dir='ltr'>alii</span> <span class='ocrx_word' id='word_1_138' title='bbox 314 1409 392 1457; x_wconf 87' lang='lat' dir='ltr'>ita,</span> <span class='ocrx_word' id='word_1_139' title='bbox 417 1407 560 1447; x_wconf 89' lang='lat' dir='ltr'>uerbo</span> <span class='ocrx_word' id='word_1_140' title='bbox 583 1405 669 1446; x_wconf 88' lang='lat' dir='ltr'>sibi</span> <span class='ocrx_word' id='word_1_141' title='bbox 689 1405 797 1445; x_wconf 92' lang='lat' dir='ltr'>dato</span> <span class='ocrx_word' id='word_1_142' title='bbox 820 1405 1028 1454; x_wconf 89' lang='lat' dir='ltr'>coelitus,</span> <span class='ocrx_word' id='word_1_143' title='bbox 1049 1403 1357 1451; x_wconf 86' lang='lat' dir='ltr'>satisfaciunt,</span> <span class='ocrx_word' id='word_1_144' title='bbox 1381 1408 1432 1442; x_wconf 87' lang='lat' dir='ltr'>vt</span> <span class='ocrx_word' id='word_1_145' title='bbox 1453 1401 1566 1441; x_wconf 86' lang='lat' dir='ltr'>illud</span> <span class='ocrx_word' id='word_1_146' title='bbox 1582 1399 1775 1440; x_wconf 85' lang='lat' dir='ltr'>manife-</span> 
     </span>
     <span class='ocr_line' id='line_1_18' title="bbox 148 1470 1776 1531; baseline -0.007 -10"><span class='ocrx_word' id='word_1_147' title='bbox 148 1487 218 1521; x_wconf 90' lang='lat' dir='ltr'>ste</span> <span class='ocrx_word' id='word_1_148' title='bbox 239 1480 506 1531; x_wconf 89' lang='lat' dir='ltr'>impleatur:</span> <span class='ocrx_word' id='word_1_149' title='bbox 531 1476 689 1517; x_wconf 68' lang='lat' dir='ltr'>Nolite</span> <span class='ocrx_word' id='word_1_150' title='bbox 703 1475 1051 1527; x_wconf 68' lang='lat' dir='ltr'>praemeditari</span> <span class='ocrx_word' id='word_1_151' title='bbox 1069 1475 1181 1525; x_wconf 71' lang='lat' dir='ltr'>quid</span> <span class='ocrx_word' id='word_1_152' title='bbox 1208 1472 1554 1525; x_wconf 73' lang='lat' dir='ltr'>respondeatis,</span> <span class='ocrx_word' id='word_1_153' title='bbox 1582 1470 1776 1510; x_wconf 71' lang='lat' dir='ltr'>dabitur</span> 
     </span>
     <span class='ocr_line' id='line_1_19' title="bbox 147 1542 1774 1598; baseline -0.006 -7"><span class='ocrx_word' id='word_1_154' title='bbox 147 1551 270 1591; x_wconf 74' lang='lat' dir='ltr'>enim</span> <span class='ocrx_word' id='word_1_155' title='bbox 305 1549 439 1590; x_wconf 70' lang='lat' dir='ltr'>uobis</span> <span class='ocrx_word' id='word_1_156' title='bbox 473 1549 522 1588; x_wconf 71' lang='lat' dir='ltr'>ln</span> <span class='ocrx_word' id='word_1_157' title='bbox 557 1547 641 1587; x_wconf 74' lang='lat' dir='ltr'>illa</span> <span class='ocrx_word' id='word_1_158' title='bbox 674 1547 793 1587; x_wconf 76' lang='lat' dir='ltr'>hora</span> <span class='ocrx_word' id='word_1_159' title='bbox 827 1546 940 1598; x_wconf 70' lang='lat' dir='ltr'>quid</span> <span class='ocrx_word' id='word_1_160' title='bbox 969 1545 1238 1597; x_wconf 70' lang='lat' dir='ltr'>loquamini</span> <span class='ocrx_word' id='word_1_161' title='bbox 1263 1542 1294 1595; x_wconf 80' lang='lat'>⁵,</span> <span class='ocrx_word' id='word_1_162' title='bbox 1323 1548 1404 1584; x_wconf 78' lang='lat' dir='ltr'>etc.</span> <span class='ocrx_word' id='word_1_163' title='bbox 1446 1542 1606 1583; x_wconf 93' lang='lat' dir='ltr'>Lectio</span> <span class='ocrx_word' id='word_1_164' title='bbox 1638 1542 1686 1582; x_wconf 86' lang='lat' dir='ltr'>fit</span> <span class='ocrx_word' id='word_1_165' title='bbox 1726 1542 1774 1581; x_wconf 88' lang='lat' dir='ltr'>in</span> 
     </span>
     <span class='ocr_line' id='line_1_20' title="bbox 154 1613 1777 1671; baseline -0.006 -9"><span class='ocrx_word' id='word_1_166' title='bbox 154 1614 506 1671; x_wconf 61' lang='lat' dir='ltr'>Arce&#39;singulis</span> <span class='ocrx_word' id='word_1_167' title='bbox 535 1619 696 1659; x_wconf 89' lang='lat' dir='ltr'>diebus</span> <span class='ocrx_word' id='word_1_168' title='bbox 725 1617 985 1667; x_wconf 90' lang='lat' dir='ltr'>dominicis,</span> <span class='ocrx_word' id='word_1_169' title='bbox 1016 1617 1222 1656; x_wconf 85' lang='lat' dir='ltr'>maxima</span> <span class='ocrx_word' id='word_1_170' title='bbox 1251 1627 1358 1656; x_wconf 92' lang='lat' dir='ltr'>cum</span> <span class='ocrx_word' id='word_1_171' title='bbox 1386 1613 1697 1654; x_wconf 88' lang='lat' dir='ltr'>admiratione</span> <span class='ocrx_word' id='word_1_172' title='bbox 1733 1618 1777 1652; x_wconf 89' lang='lat' dir='ltr'>et</span> 
     </span>
     <span class='ocr_line' id='line_1_21' title="bbox 151 1684 1778 1743; baseline -0.007 -10"><span class='ocrx_word' id='word_1_173' title='bbox 151 1694 321 1743; x_wconf 85' lang='lat' dir='ltr'>fructu,</span> <span class='ocrx_word' id='word_1_174' title='bbox 354 1703 412 1732; x_wconf 84' lang='lat' dir='ltr'>ex</span> <span class='ocrx_word' id='word_1_175' title='bbox 443 1702 580 1731; x_wconf 89' lang='lat' dir='ltr'>sacra</span> <span class='ocrx_word' id='word_1_176' title='bbox 611 1689 868 1741; x_wconf 84' lang='lat' dir='ltr'>Scriptura,</span> <span class='ocrx_word' id='word_1_177' title='bbox 902 1700 928 1728; x_wconf 91' lang='lat' dir='ltr'>a</span> <span class='ocrx_word' id='word_1_178' title='bbox 956 1688 1164 1728; x_wconf 89' lang='lat' dir='ltr'>Doctore</span> <span class='ocrx_word' id='word_1_179' title='bbox 1191 1687 1370 1740; x_wconf 89' lang='lat' dir='ltr'>Joanne</span> <span class='ocrx_word' id='word_1_180' title='bbox 1400 1685 1581 1726; x_wconf 87' lang='lat' dir='ltr'>Tilano.</span> <span class='ocrx_word' id='word_1_181' title='bbox 1615 1684 1778 1724; x_wconf 87' lang='lat' dir='ltr'>Variis</span> 
     </span>
     <span class='ocr_line' id='line_1_22' title="bbox 151 1755 1771 1812; baseline -0.006 -8"><span class='ocrx_word' id='word_1_182' title='bbox 151 1764 274 1804; x_wconf 88' lang='lat' dir='ltr'>enim</span> <span class='ocrx_word' id='word_1_183' title='bbox 294 1762 445 1803; x_wconf 90' lang='lat' dir='ltr'>modis</span> <span class='ocrx_word' id='word_1_184' title='bbox 467 1761 755 1812; x_wconf 89' lang='lat' dir='ltr'>disponimus</span> <span class='ocrx_word' id='word_1_185' title='bbox 777 1759 1022 1799; x_wconf 87' lang='lat' dir='ltr'>materiam</span> <span class='ocrx_word' id='word_1_186' title='bbox 1054 1769 1160 1798; x_wconf 86' lang='lat' dir='ltr'>cum</span> <span class='ocrx_word' id='word_1_187' title='bbox 1186 1757 1371 1797; x_wconf 89' lang='lat' dir='ltr'>varium</span> <span class='ocrx_word' id='word_1_188' title='bbox 1396 1756 1599 1796; x_wconf 73' lang='lat' dir='ltr'>fructum</span> <span class='ocrx_word' id='word_1_189' title='bbox 1626 1755 1771 1806; x_wconf 88' lang='lat' dir='ltr'>pullu-</span> 
     </span>
     <span class='ocr_line' id='line_1_23' title="bbox 148 1834 525 1875; baseline -0.008 0"><span class='ocrx_word' id='word_1_190' title='bbox 148 1837 246 1875; x_wconf 91' lang='lat' dir='ltr'>lare</span> <span class='ocrx_word' id='word_1_191' title='bbox 266 1834 525 1874; x_wconf 89' lang='lat' dir='ltr'>uideamus.</span> 
     </span>
    </p>
   </div>
   <div class='ocr_carea' id='block_1_3' title="bbox 148 2011 1784 3097">
    <p class='ocr_par' dir='ltr' id='par_1_4' title="bbox 148 2011 1782 2197">
     <span class='ocr_line' id='line_1_24' title="bbox 202 2011 1776 2053; baseline -0.006 -7"><span class='ocrx_word' id='word_1_192' title='bbox 202 2019 213 2039; x_wconf 88' lang='lat'>¹</span> <span class='ocrx_word' id='word_1_193' title='bbox 252 2019 389 2053; x_wconf 77' lang='lat' dir='ltr'>“Agnus</span> <span class='ocrx_word' id='word_1_194' title='bbox 404 2017 474 2044; x_wconf 81' lang='lat' dir='ltr'>Dei.</span> <span class='ocrx_word' id='word_1_195' title='bbox 490 2016 620 2051; x_wconf 84' lang='lat' dir='ltr'>Figura</span> <span class='ocrx_word' id='word_1_196' title='bbox 635 2023 746 2046; x_wconf 81' lang='lat' dir='ltr'>cerea.</span> <span class='ocrx_word' id='word_1_197' title='bbox 761 2015 814 2042; x_wconf 89' lang='lat' dir='ltr'>cui</span> <span class='ocrx_word' id='word_1_198' title='bbox 830 2014 942 2048; x_wconf 79' lang='lat' dir='ltr'>imago</span> <span class='ocrx_word' id='word_1_199' title='bbox 958 2015 1044 2048; x_wconf 84' lang='lat' dir='ltr'>agni</span> <span class='ocrx_word' id='word_1_200' title='bbox 1058 2014 1125 2041; x_wconf 75' lang='lat' dir='ltr'>Dei</span> <span class='ocrx_word' id='word_1_201' title='bbox 1139 2014 1305 2047; x_wconf 88' lang='lat' dir='ltr'>impressa</span> <span class='ocrx_word' id='word_1_202' title='bbox 1316 2016 1378 2045; x_wconf 89' lang='lat' dir='ltr'>est;</span> <span class='ocrx_word' id='word_1_203' title='bbox 1391 2018 1477 2045; x_wconf 88' lang='lat' dir='ltr'>quae</span> <span class='ocrx_word' id='word_1_204' title='bbox 1492 2011 1620 2045; x_wconf 82' lang='lat' dir='ltr'>figurae</span> <span class='ocrx_word' id='word_1_205' title='bbox 1639 2017 1776 2038; x_wconf 88' lang='lat' dir='ltr'>consue-</span> 
     </span>
     <span class='ocr_line' id='line_1_25' title="bbox 148 2059 1782 2099; baseline -0.006 -5"><span class='ocrx_word' id='word_1_206' title='bbox 148 2067 262 2094; x_wconf 84' lang='lat' dir='ltr'>tudine</span> <span class='ocrx_word' id='word_1_207' title='bbox 274 2071 393 2094; x_wconf 84' lang='lat' dir='ltr'>vetere</span> <span class='ocrx_word' id='word_1_208' title='bbox 407 2073 427 2092; x_wconf 89' lang='lat' dir='ltr'>a</span> <span class='ocrx_word' id='word_1_209' title='bbox 438 2073 565 2092; x_wconf 89' lang='lat' dir='ltr'>summo</span> <span class='ocrx_word' id='word_1_210' title='bbox 581 2063 738 2099; x_wconf 87' lang='lat' dir='ltr'>pontifice</span> <span class='ocrx_word' id='word_1_211' title='bbox 753 2063 857 2090; x_wconf 86' lang='lat' dir='ltr'>certis</span> <span class='ocrx_word' id='word_1_212' title='bbox 871 2062 1079 2096; x_wconf 84' lang='lat' dir='ltr'>temporibus</span> <span class='ocrx_word' id='word_1_213' title='bbox 1091 2060 1301 2089; x_wconf 88' lang='lat' dir='ltr'>sollemniter</span> <span class='ocrx_word' id='word_1_214' title='bbox 1311 2065 1503 2088; x_wconf 83' lang='lat' dir='ltr'>sacrantur.</span> <span class='ocrx_word' id='word_1_215' title='bbox 1520 2059 1674 2086; x_wconf 86' lang='lat' dir='ltr'>Viennae</span> <span class='ocrx_word' id='word_1_216' title='bbox 1688 2059 1721 2086; x_wconf 90' lang='lat' dir='ltr'>in</span> <span class='ocrx_word' id='word_1_217' title='bbox 1731 2059 1782 2086; x_wconf 92' lang='lat' dir='ltr'>bi-</span> 
     </span>
     <span class='ocr_line' id='line_1_26' title="bbox 148 2107 1779 2143; baseline -0.006 0"><span class='ocrx_word' id='word_1_218' title='bbox 148 2116 320 2142; x_wconf 86' lang='lat' dir='ltr'>bliotheca</span> <span class='ocrx_word' id='word_1_219' title='bbox 334 2121 497 2141; x_wconf 83' lang='lat' dir='ltr'>caesarea</span> <span class='ocrx_word' id='word_1_220' title='bbox 513 2113 628 2140; x_wconf 80' lang='lat' dir='ltr'>brevis</span> <span class='ocrx_word' id='word_1_221' title='bbox 640 2111 903 2139; x_wconf 88' lang='lat' dir='ltr'>commentarius</span> <span class='ocrx_word' id='word_1_222' title='bbox 920 2118 1019 2137; x_wconf 86' lang='lat' dir='ltr'>manu</span> <span class='ocrx_word' id='word_1_223' title='bbox 1034 2110 1183 2143; x_wconf 87' lang='lat' dir='ltr'>scriptus</span> <span class='ocrx_word' id='word_1_224' title='bbox 1199 2112 1321 2142; x_wconf 88' lang='lat' dir='ltr'>exstat,</span> <span class='ocrx_word' id='word_1_225' title='bbox 1338 2108 1390 2135; x_wconf 92' lang='lat' dir='ltr'>cui</span> <span class='ocrx_word' id='word_1_226' title='bbox 1407 2108 1525 2135; x_wconf 90' lang='lat' dir='ltr'>titulus</span> <span class='ocrx_word' id='word_1_227' title='bbox 1541 2112 1603 2134; x_wconf 89' lang='lat' dir='ltr'>est:</span> <span class='ocrx_word' id='word_1_228' title='bbox 1620 2107 1779 2134; x_wconf 84' lang='lat' dir='ltr'>Virtutes</span> 
     </span>
     <span class='ocr_line' id='line_1_27' title="bbox 148 2153 1772 2197; baseline -0.007 -7"><span class='ocrx_word' id='word_1_229' title='bbox 148 2163 324 2197; x_wconf 85' lang='lat' dir='ltr'>Agnorum</span> <span class='ocrx_word' id='word_1_230' title='bbox 336 2161 400 2188; x_wconf 89' lang='lat' dir='ltr'>Dei</span> <span class='ocrx_word' id='word_1_231' title='bbox 414 2162 526 2188; x_wconf 86' lang='lat' dir='ltr'>soluta</span> <span class='ocrx_word' id='word_1_232' title='bbox 541 2161 694 2187; x_wconf 85' lang='lat' dir='ltr'>oratione</span> <span class='ocrx_word' id='word_1_233' title='bbox 709 2159 853 2186; x_wconf 83' lang='lat' dir='ltr'>authore</span> <span class='ocrx_word' id='word_1_234' title='bbox 874 2158 909 2185; x_wconf 85' lang='grc' dir='ltr'>Ρ.</span> <span class='ocrx_word' id='word_1_235' title='bbox 927 2157 1062 2184; x_wconf 83' lang='lat' dir='ltr'>Canisio</span> <span class='ocrx_word' id='word_1_236' title='bbox 1079 2156 1263 2184; x_wconf 84' lang='lat' dir='ltr'>Societatis</span> <span class='ocrx_word' id='word_1_237' title='bbox 1277 2154 1417 2188; x_wconf 77' lang='lat' dir='ltr'>JESV.,‚</span> <span class='ocrx_word' id='word_1_238' title='bbox 1432 2155 1492 2186; x_wconf 78' lang='lat' dir='ltr'>Io..</span> <span class='ocrx_word' id='word_1_239' title='bbox 1510 2155 1596 2188; x_wconf 79' lang='lat' dir='ltr'>ibid,</span> <span class='ocrx_word' id='word_1_240' title='bbox 1615 2158 1729 2181; x_wconf 90' lang='lat' dir='ltr'>annot.</span> <span class='ocrx_word' id='word_1_241' title='bbox 1743 2153 1772 2180; x_wconf 89' lang='lat'>8.</span> 
     </span>
    </p>

    <p class='ocr_par' dir='ltr' id='par_1_5' title="bbox 148 2202 1783 2760">
     <span class='ocr_line' id='line_1_28' title="bbox 201 2202 1779 2240; baseline -0.006 -3"><span class='ocrx_word' id='word_1_242' title='bbox 201 2210 214 2230; x_wconf 77' lang='lat'><strong>²</strong></span> <span class='ocrx_word' id='word_1_243' title='bbox 252 2208 505 2236; x_wconf 83' lang='lat' dir='ltr'>“Ferdinandus</span> <span class='ocrx_word' id='word_1_244' title='bbox 528 2207 694 2235; x_wconf 84' lang='lat' dir='ltr'>archidux</span> <span class='ocrx_word' id='word_1_245' title='bbox 716 2210 836 2240; x_wconf 83' lang='lat' dir='ltr'>postea</span> <span class='ocrx_word' id='word_1_246' title='bbox 865 2206 992 2233; x_wconf 88' lang='lat' dir='ltr'>similes</span> <span class='ocrx_word' id='word_1_247' title='bbox 1016 2212 1135 2239; x_wconf 81' lang='lat' dir='ltr'>preces</span> <span class='ocrx_word' id='word_1_248' title='bbox 1159 2203 1264 2230; x_wconf 84' lang='lat' dir='ltr'>etiam</span> <span class='ocrx_word' id='word_1_249' title='bbox 1290 2202 1522 2230; x_wconf 87' lang='lat' dir='ltr'>Tirolensibus</span> <span class='ocrx_word' id='word_1_250' title='bbox 1553 2202 1779 2236; x_wconf 86' lang='lat' dir='ltr'>praescripsit</span> 
     </span>
     <span class='ocr_line' id='line_1_29' title="bbox 148 2248 1779 2289; baseline -0.006 -5"><span class='ocrx_word' id='word_1_251' title='bbox 148 2256 247 2289; x_wconf 89' lang='lat' dir='ltr'>(Hirn</span> <span class='ocrx_word' id='word_1_252' title='bbox 261 2264 282 2284; x_wconf 91' lang='lat'>1.</span> <span class='ocrx_word' id='word_1_253' title='bbox 295 2264 323 2283; x_wconf 91' lang='lat' dir='ltr'>c.</span> <span class='ocrx_word' id='word_1_254' title='bbox 339 2263 358 2289; x_wconf 78' lang='grc' dir='ltr'>ι,</span> <span class='ocrx_word' id='word_1_255' title='bbox 376 2254 674 2289; x_wconf 74' lang='lat' dir='ltr'>173›.—-Supersunt</span> <span class='ocrx_word' id='word_1_256' title='bbox 690 2253 839 2286; x_wconf 81' lang='lat' dir='ltr'>litterae,</span> <span class='ocrx_word' id='word_1_257' title='bbox 856 2261 875 2280; x_wconf 91' lang='lat' dir='ltr'>a</span> <span class='ocrx_word' id='word_1_258' title='bbox 891 2251 1152 2286; x_wconf 81' lang='lat' dir='ltr'>metropolitano</span> <span class='ocrx_word' id='word_1_259' title='bbox 1169 2251 1318 2285; x_wconf 86' lang='lat' dir='ltr'>capitulo</span> <span class='ocrx_word' id='word_1_260' title='bbox 1329 2250 1489 2285; x_wconf 85' lang='lat' dir='ltr'>pragensi</span> <span class='ocrx_word' id='word_1_261' title='bbox 1506 2250 1620 2283; x_wconf 83' lang='lat' dir='ltr'>Praga</span> <span class='ocrx_word' id='word_1_262' title='bbox 1634 2250 1678 2276; x_wconf 69' lang='lat'>24.</span> <span class='ocrx_word' id='word_1_263' title='bbox 1699 2248 1779 2282; x_wconf 86' lang='lat' dir='ltr'>Julii</span> 
     </span>
     <span class='ocr_line' id='line_1_30' title="bbox 150 2295 1779 2333; baseline -0.006 -2"><span class='ocrx_word' id='word_1_264' title='bbox 150 2304 218 2331; x_wconf 83' lang='lat'>1556</span> <span class='ocrx_word' id='word_1_265' title='bbox 231 2303 273 2331; x_wconf 88' lang='lat' dir='ltr'>ad</span> <span class='ocrx_word' id='word_1_266' title='bbox 288 2304 416 2330; x_wconf 84' lang='lat' dir='ltr'>clerum</span> <span class='ocrx_word' id='word_1_267' title='bbox 430 2302 520 2329; x_wconf 84' lang='lat' dir='ltr'>illius</span> <span class='ocrx_word' id='word_1_268' title='bbox 535 2301 799 2328; x_wconf 83' lang='lat' dir='ltr'>archidioecesis</span> <span class='ocrx_word' id='word_1_269' title='bbox 814 2300 927 2332; x_wconf 83' lang='lat' dir='ltr'>datae,</span> <span class='ocrx_word' id='word_1_270' title='bbox 944 2300 1064 2333; x_wconf 84' lang='lat' dir='ltr'>quibus</span> <span class='ocrx_word' id='word_1_271' title='bbox 1078 2299 1234 2326; x_wconf 78' lang='lat' dir='ltr'>edicitur:</span> <span class='ocrx_word' id='word_1_272' title='bbox 1250 2297 1378 2331; x_wconf 85' lang='lat' dir='ltr'>Regem</span> <span class='ocrx_word' id='word_1_273' title='bbox 1393 2297 1622 2324; x_wconf 89' lang='lat' dir='ltr'>Romanorum</span> <span class='ocrx_word' id='word_1_274' title='bbox 1644 2300 1679 2323; x_wconf 90' lang='lat' dir='ltr'>et</span> <span class='ocrx_word' id='word_1_275' title='bbox 1695 2295 1779 2322; x_wconf 84' lang='lat' dir='ltr'>Fer-</span> 
     </span>
     <span class='ocr_line' id='line_1_31' title="bbox 150 2344 1781 2382; baseline -0.006 -4"><span class='ocrx_word' id='word_1_276' title='bbox 150 2350 331 2378; x_wconf 88' lang='lat' dir='ltr'>dinandum</span> <span class='ocrx_word' id='word_1_277' title='bbox 345 2349 563 2377; x_wconf 82' lang='lat' dir='ltr'>archiducem</span> <span class='ocrx_word' id='word_1_278' title='bbox 578 2349 678 2379; x_wconf 84' lang='lat' dir='ltr'>velle.</span> <span class='ocrx_word' id='word_1_279' title='bbox 694 2352 730 2375; x_wconf 88' lang='lat' dir='ltr'>ut</span> <span class='ocrx_word' id='word_1_280' title='bbox 746 2347 946 2382; x_wconf 82' lang='lat' dir='ltr'>periculosis</span> <span class='ocrx_word' id='word_1_281' title='bbox 962 2347 1001 2373; x_wconf 89' lang='lat' dir='ltr'>iis</span> <span class='ocrx_word' id='word_1_282' title='bbox 1017 2346 1226 2380; x_wconf 87' lang='lat' dir='ltr'>temporibus</span> <span class='ocrx_word' id='word_1_283' title='bbox 1241 2352 1301 2379; x_wconf 88' lang='lat' dir='ltr'>per</span> <span class='ocrx_word' id='word_1_284' title='bbox 1318 2349 1426 2372; x_wconf 87' lang='lat' dir='ltr'>totam</span> <span class='ocrx_word' id='word_1_285' title='bbox 1448 2344 1645 2371; x_wconf 88' lang='lat' dir='ltr'>Bohemiam</span> <span class='ocrx_word' id='word_1_286' title='bbox 1661 2350 1781 2378; x_wconf 85' lang='lat' dir='ltr'>preces</span> 
     </span>
     <span class='ocr_line' id='line_1_32' title="bbox 150 2390 1782 2432; baseline -0.005 -6"><span class='ocrx_word' id='word_1_287' title='bbox 150 2398 242 2430; x_wconf 72' lang='lat' dir='ltr'>fiant,</span> <span class='ocrx_word' id='word_1_288' title='bbox 259 2398 399 2432; x_wconf 89' lang='lat' dir='ltr'>ideoque</span> <span class='ocrx_word' id='word_1_289' title='bbox 421 2400 620 2429; x_wconf 82' lang='lat' dir='ltr'>„renouetur</span> <span class='ocrx_word' id='word_1_290' title='bbox 645 2400 795 2429; x_wconf 83' lang='lat' dir='ltr'>tempore</span> <span class='ocrx_word' id='word_1_291' title='bbox 820 2394 1006 2422; x_wconf 87' lang='lat' dir='ltr'>meridiano</span> <span class='ocrx_word' id='word_1_292' title='bbox 1028 2401 1098 2420; x_wconf 91' lang='lat' dir='ltr'>mos</span> <span class='ocrx_word' id='word_1_293' title='bbox 1120 2393 1275 2427; x_wconf 85' lang='lat' dir='ltr'>pulsandi</span> <span class='ocrx_word' id='word_1_294' title='bbox 1298 2400 1358 2427; x_wconf 88' lang='lat' dir='ltr'>per</span> <span class='ocrx_word' id='word_1_295' title='bbox 1380 2399 1581 2426; x_wconf 85' lang='lat' dir='ltr'>campanam</span> <span class='ocrx_word' id='word_1_296' title='bbox 1603 2390 1635 2418; x_wconf 91' lang='lat' dir='ltr'>in</span> <span class='ocrx_word' id='word_1_297' title='bbox 1658 2398 1782 2418; x_wconf 89' lang='lat' dir='ltr'>memo-</span> 
     </span>
     <span class='ocr_line' id='line_1_33' title="bbox 150 2439 1780 2478; baseline -0.005 -5"><span class='ocrx_word' id='word_1_298' title='bbox 150 2447 236 2473; x_wconf 86' lang='lat' dir='ltr'>riam</span> <span class='ocrx_word' id='word_1_299' title='bbox 251 2445 449 2473; x_wconf 87' lang='lat' dir='ltr'>Dominicae</span> <span class='ocrx_word' id='word_1_300' title='bbox 464 2444 659 2478; x_wconf 76' lang='lat' dir='ltr'>passionis“,</span> <span class='ocrx_word' id='word_1_301' title='bbox 676 2448 777 2477; x_wconf 87' lang='lat' dir='ltr'>atque</span> <span class='ocrx_word' id='word_1_302' title='bbox 791 2443 839 2470; x_wconf 80' lang='lat' dir='ltr'>ita</span> <span class='ocrx_word' id='word_1_303' title='bbox 854 2450 969 2469; x_wconf 89' lang='lat' dir='ltr'>omnes</span> <span class='ocrx_word' id='word_1_304' title='bbox 991 2442 1196 2468; x_wconf 89' lang='lat' dir='ltr'>coniunctim</span> <span class='ocrx_word' id='word_1_305' title='bbox 1218 2440 1326 2467; x_wconf 93' lang='lat' dir='ltr'>Deum</span> <span class='ocrx_word' id='word_1_306' title='bbox 1347 2444 1541 2474; x_wconf 72' lang='lat' dir='ltr'>precentur,</span> <span class='ocrx_word' id='word_1_307' title='bbox 1557 2444 1592 2466; x_wconf 88' lang='lat' dir='ltr'>ut</span> <span class='ocrx_word' id='word_1_308' title='bbox 1615 2439 1780 2466; x_wconf 87' lang='lat' dir='ltr'>ecclesiae</span> 
     </span>
     <span class='ocr_line' id='line_1_34' title="bbox 150 2487 1779 2525; baseline -0.003 -5"><span class='ocrx_word' id='word_1_309' title='bbox 150 2501 230 2521; x_wconf 89' lang='lat' dir='ltr'>suae</span> <span class='ocrx_word' id='word_1_310' title='bbox 246 2493 448 2520; x_wconf 83' lang='lat' dir='ltr'>misereatur</span> <span class='ocrx_word' id='word_1_311' title='bbox 462 2496 496 2518; x_wconf 87' lang='lat' dir='ltr'>et</span> <span class='ocrx_word' id='word_1_312' title='bbox 511 2492 689 2525; x_wconf 90' lang='lat' dir='ltr'>imperium</span> <span class='ocrx_word' id='word_1_313' title='bbox 705 2498 880 2518; x_wconf 82' lang='lat' dir='ltr'>romanum</span> <span class='ocrx_word' id='word_1_314' title='bbox 897 2498 937 2517; x_wconf 79' lang='lat' dir='ltr'>ex</span> <span class='ocrx_word' id='word_1_315' title='bbox 953 2490 1105 2524; x_wconf 83' lang='lat' dir='ltr'>periculo</span> <span class='ocrx_word' id='word_1_316' title='bbox 1120 2489 1249 2516; x_wconf 83' lang='lat' dir='ltr'>turcico</span> <span class='ocrx_word' id='word_1_317' title='bbox 1272 2488 1407 2522; x_wconf 89' lang='lat' dir='ltr'>eripiat.</span> <span class='ocrx_word' id='word_1_318' title='bbox 1430 2488 1536 2515; x_wconf 89' lang='lat' dir='ltr'>Simul</span> <span class='ocrx_word' id='word_1_319' title='bbox 1555 2487 1779 2521; x_wconf 86' lang='lat' dir='ltr'>praecipitur.</span> 
     </span>
     <span class='ocr_line' id='line_1_35' title="bbox 150 2529 1780 2575; baseline -0.004 -7"><span class='ocrx_word' id='word_1_320' title='bbox 150 2547 186 2569; x_wconf 90' lang='lat' dir='ltr'>ut</span> <span class='ocrx_word' id='word_1_321' title='bbox 203 2547 389 2575; x_wconf 87' lang='lat' dir='ltr'>campanae</span> <span class='ocrx_word' id='word_1_322' title='bbox 405 2539 516 2566; x_wconf 84' lang='lat' dir='ltr'>sonitu</span> <span class='ocrx_word' id='word_1_323' title='bbox 530 2539 646 2566; x_wconf 87' lang='lat' dir='ltr'>audito</span> <span class='ocrx_word' id='word_1_324' title='bbox 660 2546 784 2571; x_wconf 81' lang='lat' dir='ltr'>omnes,</span> <span class='ocrx_word' id='word_1_325' title='bbox 800 2539 1000 2572; x_wconf 87' lang='lat' dir='ltr'>ubicumque</span> <span class='ocrx_word' id='word_1_326' title='bbox 1017 2529 1196 2566; x_wconf 58' lang='lat' dir='ltr'>exsistant.</span> <span class='ocrx_word' id='word_1_327' title='bbox 1213 2543 1324 2570; x_wconf 85' lang='lat' dir='ltr'>genua</span> <span class='ocrx_word' id='word_1_328' title='bbox 1339 2536 1477 2563; x_wconf 88' lang='lat' dir='ltr'>flectant</span> <span class='ocrx_word' id='word_1_329' title='bbox 1491 2543 1531 2563; x_wconf 89' lang='lat' dir='ltr'>ac</span> <span class='ocrx_word' id='word_1_330' title='bbox 1552 2535 1695 2569; x_wconf 85' lang='lat' dir='ltr'>genibus</span> <span class='ocrx_word' id='word_1_331' title='bbox 1710 2535 1780 2561; x_wconf 84' lang='lat' dir='ltr'>nixi</span> 
     </span>
     <span class='ocr_line' id='line_1_36' title="bbox 150 2582 1783 2622; baseline -0.004 -6"><span class='ocrx_word' id='word_1_332' title='bbox 150 2588 258 2617; x_wconf 90' lang='lat' dir='ltr'>Deum</span> <span class='ocrx_word' id='word_1_333' title='bbox 274 2591 466 2622; x_wconf 88' lang='lat' dir='ltr'>precentur;</span> <span class='ocrx_word' id='word_1_334' title='bbox 481 2587 566 2620; x_wconf 93' lang='lat' dir='ltr'>quod</span> <span class='ocrx_word' id='word_1_335' title='bbox 580 2587 606 2613; x_wconf 91' lang='lat' dir='ltr'>si</span> <span class='ocrx_word' id='word_1_336' title='bbox 619 2586 843 2620; x_wconf 80' lang='lat' dir='ltr'>neglexerint,</span> <span class='ocrx_word' id='word_1_337' title='bbox 857 2593 876 2613; x_wconf 88' lang='lat' dir='ltr'>a</span> <span class='ocrx_word' id='word_1_338' title='bbox 889 2585 1097 2619; x_wconf 82' lang='lat' dir='ltr'>magistratu</span> <span class='ocrx_word' id='word_1_339' title='bbox 1112 2585 1206 2618; x_wconf 82' lang='lat' dir='ltr'>regio</span> <span class='ocrx_word' id='word_1_340' title='bbox 1218 2584 1405 2619; x_wconf 83' lang='lat' dir='ltr'>puniendos</span> <span class='ocrx_word' id='word_1_341' title='bbox 1416 2591 1501 2610; x_wconf 87' lang='lat' dir='ltr'>esse.</span> <span class='ocrx_word' id='word_1_342' title='bbox 1511 2582 1642 2610; x_wconf 87' lang='lat' dir='ltr'>Harum</span> <span class='ocrx_word' id='word_1_343' title='bbox 1654 2583 1783 2610; x_wconf 82' lang='lat' dir='ltr'>littera-</span> 
     </span>
     <span class='ocr_line' id='line_1_37' title="bbox 150 2630 1783 2670; baseline -0.005 -6"><span class='ocrx_word' id='word_1_344' title='bbox 150 2644 225 2664; x_wconf 91' lang='lat' dir='ltr'>rum</span> <span class='ocrx_word' id='word_1_345' title='bbox 239 2636 441 2670; x_wconf 85' lang='lat' dir='ltr'>exemplum,</span> <span class='ocrx_word' id='word_1_346' title='bbox 457 2635 548 2670; x_wconf 87' lang='lat' dir='ltr'>typis</span> <span class='ocrx_word' id='word_1_347' title='bbox 565 2634 775 2668; x_wconf 84' lang='lat' dir='ltr'>exscriptum</span> <span class='ocrx_word' id='word_1_348' title='bbox 789 2638 822 2660; x_wconf 93' lang='lat' dir='ltr'>et</span> <span class='ocrx_word' id='word_1_349' title='bbox 839 2634 881 2661; x_wconf 87' lang='lat' dir='ltr'>ab</span> <span class='ocrx_word' id='word_1_350' title='bbox 898 2633 1047 2661; x_wconf 88' lang='lat' dir='ltr'>Henrico</span> <span class='ocrx_word' id='word_1_351' title='bbox 1063 2632 1239 2660; x_wconf 84' lang='lat' dir='ltr'>Scribonio</span> <span class='ocrx_word' id='word_1_352' title='bbox 1253 2632 1450 2666; x_wconf 85' lang='lat' dir='ltr'>praeposito</span> <span class='ocrx_word' id='word_1_353' title='bbox 1471 2630 1614 2665; x_wconf 83' lang='lat' dir='ltr'>capituli</span> <span class='ocrx_word' id='word_1_354' title='bbox 1636 2630 1783 2657; x_wconf 89' lang='lat' dir='ltr'>subscri·</span> 
     </span>
     <span class='ocr_line' id='line_1_38' title="bbox 148 2678 1781 2720; baseline -0.004 -9"><span class='ocrx_word' id='word_1_355' title='bbox 148 2688 256 2720; x_wconf 87' lang='lat' dir='ltr'>ptum,</span> <span class='ocrx_word' id='word_1_356' title='bbox 272 2687 386 2710; x_wconf 83' lang='lat' dir='ltr'>exstat</span> <span class='ocrx_word' id='word_1_357' title='bbox 404 2683 537 2717; x_wconf 85' lang='lat' dir='ltr'>Pragae</span> <span class='ocrx_word' id='word_1_358' title='bbox 553 2682 586 2709; x_wconf 93' lang='lat' dir='ltr'>in</span> <span class='ocrx_word' id='word_1_359' title='bbox 603 2682 746 2709; x_wconf 87' lang='lat' dir='ltr'>archivo</span> <span class='ocrx_word' id='word_1_360' title='bbox 761 2682 901 2715; x_wconf 87' lang='lat' dir='ltr'>capituli</span> <span class='ocrx_word' id='word_1_361' title='bbox 919 2681 1175 2715; x_wconf 86' lang='lat' dir='ltr'>metropolitani</span> <span class='ocrx_word' id='word_1_362' title='bbox 1190 2681 1286 2712; x_wconf 74' lang='lat' dir='ltr'>(xvn,</span> <span class='ocrx_word' id='word_1_363' title='bbox 1301 2681 1356 2713; x_wconf 73' lang='lat'>1).„</span> <span class='ocrx_word' id='word_1_364' title='bbox 1370 2679 1432 2713; x_wconf 83' lang='lat' dir='ltr'>Io.‚</span> <span class='ocrx_word' id='word_1_365' title='bbox 1448 2679 1531 2712; x_wconf 83' lang='lat' dir='ltr'>ibid,</span> <span class='ocrx_word' id='word_1_366' title='bbox 1548 2685 1626 2713; x_wconf 79' lang='lat' dir='ltr'>pag.</span> <span class='ocrx_word' id='word_1_367' title='bbox 1644 2678 1706 2711; x_wconf 82' lang='lat'>772,</span> <span class='ocrx_word' id='word_1_368' title='bbox 1725 2685 1781 2704; x_wconf 84' lang='lat' dir='ltr'>an-</span> 
     </span>
     <span class='ocr_line' id='line_1_39' title="bbox 150 2732 475 2760; baseline -0.006 0"><span class='ocrx_word' id='word_1_369' title='bbox 150 2736 220 2760; x_wconf 90' lang='lat' dir='ltr'>not.</span> <span class='ocrx_word' id='word_1_370' title='bbox 237 2732 265 2758; x_wconf 92' lang='lat'>1.</span> <span class='ocrx_word' id='word_1_371' title='bbox 472 2754 475 2758; x_wconf 92' lang='lat'>.</span> 
     </span>
    </p>

    <p class='ocr_par' dir='ltr' id='par_1_6' title="bbox 151 2773 1783 2902">
     <span class='ocr_line' id='line_1_40' title="bbox 202 2773 1783 2811; baseline -0.005 -4"><span class='ocrx_word' id='word_1_372' title='bbox 202 2779 217 2800; x_wconf 75' lang='lat'>5</span> <span class='ocrx_word' id='word_1_373' title='bbox 255 2779 442 2807; x_wconf 83' lang='lat' dir='ltr'>“Antonius</span> <span class='ocrx_word' id='word_1_374' title='bbox 457 2778 544 2805; x_wconf 90' lang='lat' dir='ltr'>Brus</span> <span class='ocrx_word' id='word_1_375' title='bbox 559 2778 610 2807; x_wconf 87' lang='lat' dir='ltr'>(de</span> <span class='ocrx_word' id='word_1_376' title='bbox 621 2777 783 2811; x_wconf 67' lang='lat' dir='ltr'>Milglitz),</span> <span class='ocrx_word' id='word_1_377' title='bbox 799 2777 1062 2809; x_wconf 74' lang='lat' dir='ltr'>crucigerorum</span> <span class='ocrx_word' id='word_1_378' title='bbox 1079 2783 1157 2803; x_wconf 86' lang='lat' dir='ltr'>cum</span> <span class='ocrx_word' id='word_1_379' title='bbox 1175 2776 1282 2802; x_wconf 78' lang='lat' dir='ltr'>rubea</span> <span class='ocrx_word' id='word_1_380' title='bbox 1298 2774 1401 2801; x_wconf 81' lang='lat' dir='ltr'>stella</span> <span class='ocrx_word' id='word_1_381' title='bbox 1418 2773 1582 2807; x_wconf 79' lang='lat' dir='ltr'>magister</span> <span class='ocrx_word' id='word_1_382' title='bbox 1597 2773 1783 2806; x_wconf 81' lang='lat' dir='ltr'>generalis,</span> 
     </span>
     <span class='ocr_line' id='line_1_41' title="bbox 151 2820 1782 2858; baseline -0.005 -4"><span class='ocrx_word' id='word_1_383' title='bbox 151 2827 183 2856; x_wconf 91' lang='lat' dir='ltr'>id</span> <span class='ocrx_word' id='word_1_384' title='bbox 199 2833 318 2854; x_wconf 88' lang='lat' dir='ltr'>munus</span> <span class='ocrx_word' id='word_1_385' title='bbox 332 2824 596 2852; x_wconf 87' lang='lat' dir='ltr'>administrabat</span> <span class='ocrx_word' id='word_1_386' title='bbox 609 2824 774 2858; x_wconf 86' lang='lat' dir='ltr'>simulque</span> <span class='ocrx_word' id='word_1_387' title='bbox 796 2824 900 2851; x_wconf 84' lang='lat' dir='ltr'>totius</span> <span class='ocrx_word' id='word_1_388' title='bbox 916 2823 1088 2849; x_wconf 82' lang='lat' dir='ltr'>exercitus</span> <span class='ocrx_word' id='word_1_389' title='bbox 1104 2822 1211 2850; x_wconf 85' lang='lat' dir='ltr'>sacris</span> <span class='ocrx_word' id='word_1_390' title='bbox 1225 2826 1419 2856; x_wconf 82' lang='lat' dir='ltr'>praeerat.„</span> <span class='ocrx_word' id='word_1_391' title='bbox 1436 2820 1497 2855; x_wconf 85' lang='lat' dir='ltr'>Io.,</span> <span class='ocrx_word' id='word_1_392' title='bbox 1516 2820 1612 2853; x_wconf 65' lang='lat' dir='ltr'>ibid„</span> <span class='ocrx_word' id='word_1_393' title='bbox 1627 2827 1703 2854; x_wconf 81' lang='lat' dir='ltr'>pag.</span> <span class='ocrx_word' id='word_1_394' title='bbox 1720 2820 1782 2853; x_wconf 82' lang='lat'><strong>772,</strong></span> 
     </span>
     <span class='ocr_line' id='line_1_42' title="bbox 154 2873 313 2902; baseline -0.013 0"><span class='ocrx_word' id='word_1_395' title='bbox 154 2877 272 2902; x_wconf 90' lang='lat' dir='ltr'>annot.</span> <span class='ocrx_word' id='word_1_396' title='bbox 286 2873 313 2900; x_wconf 89' lang='grc'>2.</span> 
     </span>
    </p>

    <p class='ocr_par' dir='ltr' id='par_1_7' title="bbox 154 2916 1784 3043">
     <span class='ocr_line' id='line_1_43' title="bbox 207 2916 1783 2955; baseline -0.004 -7"><span class='ocrx_word' id='word_1_397' title='bbox 207 2923 221 2942; x_wconf 70' lang='lat'>4</span> <span class='ocrx_word' id='word_1_398' title='bbox 257 2920 369 2948; x_wconf 81' lang='lat' dir='ltr'>“Haec</span> <span class='ocrx_word' id='word_1_399' title='bbox 389 2928 519 2955; x_wconf 90' lang='lat' dir='ltr'>quoque</span> <span class='ocrx_word' id='word_1_400' title='bbox 535 2928 554 2947; x_wconf 89' lang='lat' dir='ltr'>a</span> <span class='ocrx_word' id='word_1_401' title='bbox 569 2919 721 2954; x_wconf 86' lang='lat' dir='ltr'>capitulo</span> <span class='ocrx_word' id='word_1_402' title='bbox 737 2919 897 2953; x_wconf 87' lang='lat' dir='ltr'>pragensi</span> <span class='ocrx_word' id='word_1_403' title='bbox 912 2919 945 2945; x_wconf 87' lang='lat' dir='ltr'>in</span> <span class='ocrx_word' id='word_1_404' title='bbox 961 2918 1088 2946; x_wconf 87' lang='lat' dir='ltr'>litteris</span> <span class='ocrx_word' id='word_1_405' title='bbox 1102 2918 1136 2945; x_wconf 67' lang='lat'>24</span> <span class='ocrx_word' id='word_1_406' title='bbox 1151 2918 1229 2951; x_wconf 88' lang='lat' dir='ltr'>Julii</span> <span class='ocrx_word' id='word_1_407' title='bbox 1247 2918 1315 2945; x_wconf 82' lang='lat'>1556</span> <span class='ocrx_word' id='word_1_408' title='bbox 1329 2917 1420 2946; x_wconf 84' lang='lat' dir='ltr'>datis</span> <span class='ocrx_word' id='word_1_409' title='bbox 1440 2916 1733 2951; x_wconf 79' lang='lat' dir='ltr'>praescribuntu1-;</span> <span class='ocrx_word' id='word_1_410' title='bbox 1751 2916 1783 2941; x_wconf 88' lang='lat' dir='ltr'>in</span> 
     </span>
     <span class='ocr_line' id='line_1_44' title="bbox 154 2962 1784 3004; baseline -0.005 -8"><span class='ocrx_word' id='word_1_411' title='bbox 154 2969 273 3004; x_wconf 87' lang='lat' dir='ltr'>quibus</span> <span class='ocrx_word' id='word_1_412' title='bbox 287 2968 390 2995; x_wconf 78' lang='lat' dir='ltr'>eiiam</span> <span class='ocrx_word' id='word_1_413' title='bbox 406 2968 629 3001; x_wconf 84' lang='lat' dir='ltr'>magistratus</span> <span class='ocrx_word' id='word_1_414' title='bbox 644 2967 763 2994; x_wconf 87' lang='lat' dir='ltr'>civiles</span> <span class='ocrx_word' id='word_1_415' title='bbox 778 2966 886 2994; x_wconf 87' lang='lat' dir='ltr'>sacris</span> <span class='ocrx_word' id='word_1_416' title='bbox 901 2967 967 2994; x_wconf 88' lang='lat' dir='ltr'>illis</span> <span class='ocrx_word' id='word_1_417' title='bbox 984 2966 1200 2994; x_wconf 84' lang='lat' dir='ltr'>caerimoniis</span> <span class='ocrx_word' id='word_1_418' title='bbox 1218 2967 1384 2995; x_wconf 86' lang='lat' dir='ltr'>interesse</span> <span class='ocrx_word' id='word_1_419' title='bbox 1400 2966 1590 2998; x_wconf 78' lang='lat' dir='ltr'>iubentur.„</span> <span class='ocrx_word' id='word_1_420' title='bbox 1611 2963 1661 2991; x_wconf 84' lang='lat' dir='ltr'>Io.</span> <span class='ocrx_word' id='word_1_421' title='bbox 1678 2962 1784 2995; x_wconf 82' lang='lat' dir='ltr'>Iln&#39;d.,</span> 
     </span>
     <span class='ocr_line' id='line_1_45' title="bbox 155 3015 311 3043; baseline -0.013 0"><span class='ocrx_word' id='word_1_422' title='bbox 155 3020 271 3043; x_wconf 84' lang='lat' dir='ltr'>annot.</span> <span class='ocrx_word' id='word_1_423' title='bbox 283 3015 311 3041; x_wconf 83' lang='lat'>3.</span> 
     </span>
    </p>

    <p class='ocr_par' dir='ltr' id='par_1_8' title="bbox 208 3061 498 3097">
     <span class='ocr_line' id='line_1_46' title="bbox 208 3061 498 3097; baseline 0 -8"><span class='ocrx_word' id='word_1_424' title='bbox 208 3061 223 3081; x_wconf 71' lang='grc'><strong>5</strong></span> <span class='ocrx_word' id='word_1_425' title='bbox 259 3062 439 3097; x_wconf 73' lang='lat' dir='ltr'>Luc.,xX1,</span> <span class='ocrx_word' id='word_1_426' title='bbox 457 3062 498 3089; x_wconf 80' lang='grc'>14.</span> 
     </span>
    </p>
   </div>
  </div>
 </body>
</html>
