2020 3342
828 257 907 294 AN.
942 257 1031 294 1556
1669 259 1739 294 505

120 353 205 393 ctis
227 339 376 393 sancti
397 353 679 393 sacramenti
702 353 905 404 coniugii
928 353 1247 403 caeremoniis,
1273 358 1435 393 contra
1466 360 1670 393 ueterem
1698 360 1740 393 et

119 434 412 464 communem
434 423 830 474 consuetudinem,
855 436 937 475 per
958 425 1093 465 fidem
1114 430 1294 464 tantum
1314 423 1399 463 sibi
1428 423 1634 464 uicissim
1665 424 1740 464 da-

120 501 214 535 tam
236 495 524 546 copulantur.
551 493 680 544 Quae
702 496 885 535 macula
907 495 952 535 in
973 496 1204 547 plerisque
1225 494 1342 534 adeo
1360 494 1565 544 inoleuit,
1584 500 1633 534 ut
1651 506 1742 535 non

121 566 219 606 sine
254 576 425 616 magna
458 565 725 606 difficultate
753 566 1031 606 inducantur
1059 566 1118 606 ad
1147 566 1382 617 legitimas
1410 565 1595 617 nuptias
1628 566 1741 606 cele-

121 636 337 677 brandas.
363 635 535 676 Diuina
556 642 710 676 tamen
743 636 992 677 adiuuante
1024 637 1178 688 gratia
1206 636 1459 685 effecimus,
1491 642 1539 676 ut
1561 636 1653 688 qui,
1678 642 1744 676 tot

122 707 255 748 annis
276 707 445 747 liberos
467 707 599 758 quasi
621 707 666 746 in
687 707 886 758 quodam
907 708 1219 748 concubinatu
1247 707 1558 758 procreando,
1589 707 1743 747 coniu-

120 779 276 830 galem
305 784 457 818 torum
479 778 851 830 inquinauerant,
876 790 980 819 eum
1008 779 1225 830 deinceps
1252 778 1597 818 sanctificarent
1625 779 1744 818 iusto

121 856 165 890 et
186 849 448 889 castissimo
469 848 780 898 matrimonio,
802 849 949 900 deque
967 849 1134 889 erratis
1152 849 1457 900 poeniterent.
1479 848 1742 889 Contentio-

121 932 202 961 nes
222 920 377 970 etiam,
402 920 547 969 rixae,
573 919 680 960 odia
702 920 919 960 diuturna
940 920 1314 972 grauissimaque
1336 920 1455 960 inter
1476 920 1668 960 maritos
1701 926 1744 960 et

121 1003 292 1032 uxores
312 998 418 1031 sunt
440 991 645 1031 extincta
668 991 852 1042 penitus
875 997 1012 1043 atque
1045 991 1223 1032 sedata:
1255 991 1379 1031 bona
1409 991 1549 1032 etiam
1578 991 1745 1041 aliena,

122 1074 239 1115 quae
261 1074 286 1102 a
308 1062 518 1114 pluribus
539 1062 707 1102 iniuste
729 1062 1069 1112 detinebantur,
1094 1062 1188 1103 suis
1221 1062 1418 1103 dominis
1448 1073 1530 1114 per
1558 1068 1746 1103 nostras

122 1145 287 1174 manus
308 1140 414 1174 sunt
435 1132 630 1173 fideliter
652 1133 881 1173 restituta.
905 1132 1006 1173 Non
1034 1134 1172 1185 pauci
1197 1133 1329 1174 nobis
1357 1133 1608 1184 affuerunt,
1639 1145 1747 1186 quo-

34 1226 38 1230 ›
104 1217 224 1263 ‘rum
245 1205 322 1245 alii
343 1212 560 1257 quatuor,
584 1205 661 1245 alii
682 1216 779 1254 sex,
804 1205 882 1245 alii
903 1211 1022 1255 oct0‚
1044 1205 1120 1245 alii
1138 1204 1383 1245 duodecim
1399 1216 1626 1245 annorum
1645 1216 1746 1256 pec-

123 1277 240 1317 catis
261 1282 304 1316 et
324 1276 593 1326 sceleribus,
621 1276 822 1326 sarcina,
847 1287 987 1328 quam
1007 1283 1145 1316 antea
1162 1287 1400 1328 nunquam
1421 1276 1543 1327 apud
1566 1275 1640 1316 Χ.ἰ
1685 1276 1746 1316 vi-

122 1348 299 1388 carium
338 1347 672 1398 deposuerant,
710 1347 895 1398 grauati
931 1353 1078 1387 erant.
1119 1346 1208 1398 Qui
1243 1358 1419 1395 omnes,
1457 1347 1637 1388 abiecta
1672 1347 1748 1387 illa

121 1419 254 1468 mole,
279 1430 371 1458 non
392 1418 491 1458 sine
513 1417 672 1458 dolore
694 1424 737 1458 et
758 1419 884 1458 luctu
907 1417 1006 1458 Deo
1029 1424 1134 1458 sunt
1156 1418 1459 1458 reconciliati.
1483 1418 1750 1471 Eleemosy-

121 1501 207 1530 nae
227 1489 453 1541 plurimae
474 1489 645 1540 partim
673 1489 731 1528 ad
761 1490 1069 1540 pauperculas
1099 1489 1327 1540 quasdam
1358 1490 1551 1541 puellas,
1584 1502 1747 1542 paren-

119 1561 238 1601 tibus
259 1560 462 1608 orbatas,
488 1560 533 1600 in
555 1560 849 1600 matrimonio
873 1559 1187 1610 collocandas,
1211 1560 1381 1612 partim
1402 1561 1459 1601 ad
1483 1561 1746 1612 augendum

120 1632 264 1673 diuini
286 1633 434 1672 cultus
456 1631 681 1672 honorem
701 1632 846 1672 uariis
868 1632 913 1672 in
934 1632 1048 1672 locis
1070 1632 1173 1683 piis,
1199 1632 1369 1683 partim
1401 1632 1460 1673 ad
1487 1644 1746 1684 pauperum

120 1703 519 1753 sustentationem,
544 1710 649 1744 sunt
672 1715 752 1755 per
772 1703 934 1744 Patres
956 1710 1141 1744 nostros
1173 1703 1448 1744 distributae
1476 1710 1557 1744 aut
1586 1716 1748 1756 procu·

119 1780 265 1815 ratae.
288 1774 457 1815 Nostra
479 1786 661 1826 quoque
690 1775 857 1815 altaria
885 1787 977 1815 non
1005 1774 1190 1815 fuerunt
1217 1775 1427 1827 expertia
1458 1775 1751 1816 liberalitatis

121 1845 362 1886 cuiusdam
382 1852 572 1886 sanctae
594 1845 824 1886 foeminae
846 1858 992 1897 nuper
1015 1846 1275 1895 defunctae,
1301 1858 1433 1897 quae,
1460 1846 1612 1886 adhuc
1636 1847 1749 1886 inte-

122 1928 209 1968 gra
231 1924 274 1958 et
295 1917 426 1958 firmo
449 1928 660 1969 corpore,
692 1929 797 1958 cum
825 1918 1012 1958 domum
1043 1917 1130 1958 Dei
1157 1918 1229 1958 sui
1258 1929 1351 1957 non
1384 1929 1531 1969 paruo
1561 1929 1750 1958 munere

121 1989 421 2038 decorasset,
465 1989 629 2029 obtulit
669 1989 791 2029 enirn
831 1988 1129 2040 magnificum
1169 2000 1283 2037 uaS,
1325 1989 1372 2028 in
1408 2000 1499 2040 quo
1535 1995 1749 2029 sanctum

123 2060 444 2100 Eucharistiae
467 2068 813 2100 sacramentum
835 2067 1157 2107 conseruatur,
1182 2067 1339 2100 tamen
1361 2072 1452 2100 non
1480 2072 1533 2100 eo
1563 2066 1751 2100 conten-

122 2136 185 2180 ta,
222 2131 494 2183 priusquam
529 2131 790 2182 periculose
826 2139 1074 2183 aegrotare
1109 2131 1355 2183 coepisset,
1393 2131 1449 2171 de
1485 2132 1621 2171 rebus
1657 2131 1754 2171 suis

122 2202 293 2253 optime
315 2202 580 2254 disponens,
604 2208 790 2254 praeter
819 2203 924 2252 alia,
955 2203 1120 2254 quibus
1151 2213 1407 2253 egenorum
1438 2209 1482 2242 et
1513 2202 1751 2253 religioso-

124 2283 228 2312 rum
258 2273 444 2324 inopiae
472 2273 720 2314 subuenire
751 2273 908 2323 uoluit,
938 2274 1149 2313 sacraria
1179 2278 1345 2313 nostra
1373 2273 1512 2313 etiarn
1544 2273 1752 2324 pulcher-

125 2343 253 2384 rimis
289 2344 421 2384 donis
457 2344 688 2385 instruxit.
726 2344 875 2394 Haec,
914 2344 966 2384 R.
1004 2344 1076 2393 R,
1112 2351 1213 2384 erat
1249 2345 1417 2384 nobilis
1453 2352 1497 2384 et
1532 2345 1663 2384 diues
1700 2356 1753 2384 ac

125 2426 304 2455 summa
326 2416 551 2466 religione
572 2416 711 2456 uidua
735 2417 910 2466 mulier,
936 2428 1054 2468 quae
1076 2415 1360 2467 frequentius
1389 2428 1530 2468 quam
1561 2415 1753 2455 domini-

124 2486 190 2525 cis
212 2486 370 2526 diebus
394 2487 439 2526 in
463 2489 632 2537 templo
660 2494 819 2527 nostro
852 2487 1158 2527 confitebatur
1184 2493 1228 2527 et
1257 2486 1555 2527 Dominicum
1583 2499 1753 2538 corpus

126 2557 398 2607 accipiebam
423 2557 538 2597 adeo
561 2557 698 2598 rebus
721 2557 888 2597 diuinis
912 2558 1103 2607 intenta,
1128 2564 1174 2597 ut
1198 2558 1488 2609 pertraheret
1511 2564 1658 2598 totam
1684 2558 1752 2598 fa-

127 2628 299 2668 miliam
329 2630 485 2680 (quam
513 2629 714 2669 habebat
745 2630 962 2680 amplam)
995 2636 1038 2669 et
1073 2636 1268 2669 matrem
1305 2641 1453 2677 suam,
1490 2635 1753 2670 matronam

128 2700 457 2749 venerabilem,
483 2705 620 2750 atque
643 2700 759 2740 alias
786 2700 965 2740 nobiles
992 2700 1218 2740 foeminas
1245 2712 1328 2741 suo
1360 2701 1572 2752 exemplo
1601 2706 1646 2740 et
1678 2700 1752 2740 ad-

127 2770 468 2810 hortationibus
505 2771 563 2810 ad
599 2771 833 2822 pietatem,
873 2783 927 2811 ac
963 2772 1097 2811 nobis
1127 2783 1349 2822 magnam
1385 2772 1631 2812 materiam
1658 2773 1752 2811 lau-

124 2841 263 2881 dandi
285 2841 435 2881 Deum
463 2841 794 2892 suppeditaret3
829 2842 960 2881 cuius
992 2848 1186 2882 mortem
1217 2849 1378 2891 mater,
1412 2842 1595 2892 fratres,
1628 2853 1752 2882 soro-

125 2923 211 2960 res,
250 2912 440 2952 seruitia
470 2919 513 2951 et
542 2912 683 2952 uicini
711 2912 797 2952 hoc
827 2913 1013 2963 aegrius
1040 2913 1206 2961 ferunt,
1244 2913 1365 2964 quod
1397 2914 1497 2965 ipsa
1527 2924 1627 2953 esse
1655 2914 1754 2953 sola

126 2983 372 3023 uidebatur
404 2985 615 3023 columen
646 2984 824 3033 domuS,
855 2996 994 3035 quam
1023 2985 1284 3024 admirabili
1315 2985 1561 3035 prudentia
1590 2984 1752 3034 guber-

127 3054 266 3094 nabat
290 3062 331 3094 et
355 3055 645 3107 probissimis
667 3056 871 3097 moribus
894 3056 1165 3097 instruebat.
1200 3056 1374 3097 Audiui
1396 3069 1422 3097 a
1453 3055 1589 3095 Patre
1616 3055 1750 3109 Juue-
