2020 3342
873 235 956 275 ΑΝ.
986 235 1076 276 1556
1688 237 1758 276 581

133 342 160 371 a
180 331 343 383 paucis
363 332 496 372 annis
516 331 754 373 institutae
775 332 1192 374 administrationis
1212 333 1351 373 huius
1381 332 1485 383 loci,
1515 332 1560 372 in
1588 331 1759 372 diuinis

133 402 293 443 officiis
314 409 358 443 et
379 403 425 443 in
445 403 594 443 sacris
610 404 900 455 lectionibus,
919 410 1057 456 atque
1073 404 1300 455 imprimis
1319 403 1446 443 circa
1464 410 1755 454 munus'poe-

132 473 353 514 nitentiae
389 473 528 525 (quod
561 481 774 515 nostrum
808 475 904 515 fere
940 475 1186 527 collegium
1219 486 1346 515 nunc
1382 474 1594 522 sustinet)
1632 473 1758 514 fama

131 545 407 596 percrebuit;
432 551 481 585 ut
507 557 598 585 non
625 557 707 597 per
735 546 931 586 Italiam
959 547 1123 596 solum,
1154 546 1235 587 sed
1264 545 1323 586 ad
1349 549 1546 585 exteras
1565 552 1758 597 'quoque

129 616 342 656 nationes
362 618 635 667 peruaserit:
663 629 805 668 vsqne
826 629 852 657 a
874 617 1137 658 Mediolano
1159 622 1284 657 certe
1304 615 1445 668 (vnde
1473 617 1522 655 sd
1540 621 1630 667 per
1659 615 1757 655 lite-

130 691 214 727 ras
234 687 293 726 R.
317 687 553 727 Donn’nus
577 688 873 728 Gubernator
903 687 911 707 ¹
941 688 1270 740 sagm'ficcztum
1296 687 1387 727 sz'bt
1411 687 1542 727 nobis
1570 685 1752 735 retulit)

126 758 247 798 ultro
273 758 481 810 citroque
502 759 631 799 multi
653 760 796 800 solius
817 766 1008 800 sanctae
1037 766 1080 800 et
1103 758 1412 812 praestabilis
1442 758 1665 799 nouitatis
1686 757 1752 798 ui-

126 829 300 869 sendae
322 830 473 870 studio
503 837 782 871 commeant.

203 899 442 952 Principes
464 914 556 942 non
573 903 710 953 pauci
732 903 934 954 vndique
952 902 1241 942 aduenerunt
1257 907 1306 942 ut
1324 900 1671 941 sanctissimum
1693 900 1761 940 lo*

125 982 230 1011 cum
242 971 510 1022 inuiserent,
531 985 586 1014 ac
602 985 689 1014 nos
706 974 905 1026 quidem,
925 979 1020 1014 tam
1034 972 1487 1023 bem‘gmzfacilttate
1504 966 1756 1012 salutatum

123 1042 414 1091 accedentes,
439 1050 736 1096 exceperunt:
763 1051 972 1084 nostrum
994 1044 1081 1095 ipsi
1113 1044 1373 1094 Collegium
1402 1042 1755 1090 adc‘nm'sermzt,

123 1120 172 1152 ut
194 1113 375 1154 difficile
396 1114 520 1154 dictu
542 1115 599 1155 sit
621 1121 776 1156 utrum
797 1127 957 1155 eorum
978 1116 1023 1155 in
1052 1126 1135 1155 nos
1162 1115 1312 1155 maior
1338 1114 1402 1153 sit
1431 1113 1750 1153 benevolentia

125 1195 184 1223 an
213 1184 268 1223 de
296 1188 394 1225 tam
423 1186 659 1226 submissa
685 1172 941 1237 sanctaque
967 1185 1275 1235 benegnitate,
1306 1188 1473 1224 nostra
1501 1195 1754 1235 eorumque

132 1255 350 1306 omnium,
375 1257 453 1308 qui
483 1257 529 1297 id
563 1257 868 1308 intuerentur,
894 1256 1156 1297 admiratio.
1189 1256 1445 1307 Praecipue
1479 1267 1592 1295 uero
1628 1255 1673 1295 id
1709 1255 1754 1294 in

125 1325 374 1367 Cardinale
395 1327 675 1379 Augustano
697 1327 710 1347 ²
732 1339 1025 1379 summopere
1053 1338 1213 1368 omnes
1243 1331 1542 1378 stupescunt.
1566 1326 1609 1366 Is
1630 1326 1753 1366 enim

123 1411 215 1441 non
254 1399 450 1439 obscure
489 1396 712 1440 eximium
758 1411 965 1440 amorem
1011 1399 1158 1439 nostri
1204 1399 1251 1438 in
1299 1410 1377 1438 ore
1425 1404 1563 1449 atque
1608 1398 1755 1437 oculis

120 1472 326 1512 omnium
347 1471 620 1511 declarauit.
646 1471 802 1511 Veluti
823 1482 928 1510 cum
950 1470 1008 1510 ad
1029 1475 1244 1521 paratam
1265 1469 1311 1509 in
1338 1468 1633 1509 sanctissimo
1665 1465 1755 1507 Dei

119 1542 368 1584 Genitricis
391 1542 603 1582 cubiculo
627 1543 787 1582 sellam
820 1542 1142 1591 deduceretur,
1171 1552 1249 1592 qm
1281 1540 1386 1580 inde
1414 1540 1576 1579 laudes
1607 1540 1754 1591 ipsius

116 1613 422 1654 Beatissimae
443 1612 655 1664 Virginis
678 1625 732 1653 ac
753 1613 939 1653 litanias
961 1611 1275 1653 concinendas
1303 1611 1561 1660 exaudiret,
1586 1611 1749 1650 sellam

118 1685 330 1737 proxime
352 1684 410 1725 ad
432 1696 530 1735 nos,
556 1685 632 1736 qui
654 1686 699 1725 in
721 1684 950 1724 vestibulo
972 1683 1123 1724 sancti
1144 1683 1342 1722 cubiculi
1360 1682 1749 1730 consistebamus,

118 1755 362 1797 transferri
384 1756 660 1807 imperans&
682 1756 828 1807 iisque
846 1754 1105 1795 decantatis
1124 1754 1352 1803 laudibus,
1373 1765 1482 1793 mox
1499 1753 1545 1792 in
1561 1758 1749 1792 nostros

118 1833 359 1879 aspectum
395 1833 687 1876 conuertens,
721 1827 808 1867 hoc
843 1826 1017 1866 amoris
1045 1826 1116 1865 sui
1144 1825 1462 1865 testimonium
1490 1823 1560 1863 bis
1589 1828 1750 1874 terque

118 1900 246 1939 clara
273 1910 390 1939 voce
419 1899 620 1939 iterauit:
655 1898 793 1949 “Vos,
832 1897 993 1948 inquit,
1034 1897 1146 1937 estis
1180 1896 1349 1936 fratres
1385 1895 1496 1935 mei:
1532 1906 1618 1934 vos
1652 1900 1750 1934 toto

118 1969 259 2010 corde
279 1970 577 2021 amplector„;
610 1969 792 2021 aliaque
820 1967 1083 2008 huiusmodi
1110 1967 1349 2016 nonnulla,
1380 1966 1548 2017 quibas
1576 1976 1749 2015 magna

115 2041 288 2081 chorus
314 2053 368 2080 ac
384 2040 597 2092 populus
619 2039 926 2080 admiratione
949 2039 1263 2090 obstupefacta
1284 2041 1422 2087 sunt,
1449 2037 1746 2087 adiungebat.

116 2112 207 2153 His
241 2112 467 2152 accedunt
506 2113 629 2163 quod
668 2111 767 2163 ipse
802 2110 984 2151 nostris
1016 2120 1156 2161 sacra
1193 2108 1448 2153 celebrare.
1483 2120 1566 2148 sua
1608 2119 1749 2148 manu

115 2195 275 2224 omnes
309 2183 519 2235 corporis
555 2182 775 2223 dominici
810 2181 1026 2222 conuiuio
1057 2180 1420 2229 communicare,
1451 2178 1568 2219 duas
1597 2179 1747 2219 alieno

115 2261 322 2306 tempore
344 2254 609 2304 conciones,
635 2255 827 2294 alteram
846 2253 891 2293 in
909 2253 1096 2304 templo,
1117 2264 1174 2292 ex
1195 2257 1369 2291 statuto
1391 2250 1743 2299 concionatore,

114 2326 309 2366 alteram
330 2325 449 2366 inter
470 2324 778 2375 coenandum,
804 2336 860 2364 ex
879 2335 969 2364 uno
987 2324 1146 2371 fratre
1164 2328 1430 2362 nostrorum
1449 2321 1745 2361 adolescente

114 2398 379 2437 auscultare
403 2397 614 2437 uoluerit.
640 2396 726 2436 Hic
748 2396 811 2435 ita
834 2396 1040 2435 animum
1067 2395 1166 2434 eius
1195 2393 1461 2443 commouit,
1494 2398 1542 2432 ut
1572 2391 1744 2432 effusas

113 2468 253 2508 etiam
273 2468 542 2520 lachrymas
562 2479 619 2507 ex
640 2467 935 2507 sanctissima
957 2466 1160 2517 quadam
1181 2464 1369 2516 pietatis
1390 2463 1566 2503 laetitia
1588 2474 1642 2503 ac
1665 2474 1741 2502 uo-

112 2540 287 2591 luptate
309 2539 624 2591 profunderet,
644 2538 752 2578 dum
768 2537 991 2578 Societati
1008 2537 1203 2577 coelitus
1220 2535 1510 2586 impartitum
1527 2534 1741 2586 spiritum

109 2609 316 2650 diuinum
338 2610 383 2650 in
404 2616 564 2650 tenero
587 2610 726 2650 etiam
754 2609 944 2660 palmite
976 2608 1128 2648 inesse
1156 2606 1427 2647 demiratur.
1459 2605 1562 2656 Qua
1587 2604 1637 2644 tn
1667 2605 1740 2645 die

107 2682 222 2722 bene
252 2693 388 2722 mane
420 2681 679 2721 institutum
708 2681 793 2720 iter
822 2685 1030 2731 repetere
1060 2684 1302 2728 statuerat,
1332 2688 1413 2718 nec
1440 2676 1453 2695 ⁵
1485 2677 1738 2717 insalutato

147 2864 172 2885 *¹
212 2857 329 2893 Sermo
345 2870 395 2893 est
418 2874 481 2893 non
501 2866 540 2893 de
556 2865 792 2893 Gubernatore
813 2869 924 2893 status
946 2863 1217 2897 Mediolanensis,
1241 2863 1295 2897 qui
1318 2863 1370 2890 his
1385 2862 1555 2889 mensibus
1577 2864 1652 2887 erat
1668 2860 1741 2887 Tri-

106 2911 261 2940 dentinus
283 2912 487 2945 Cardinalis.
503 2913 773 2948 Christophorus'
792 2911 975 2945 Madrucci,
992 2912 1126 2944 (Visam,
1144 2910 1260 2937 Stoma
1284 2909 1493 2940 deer'lano,
1511 2915 1586 2945 cap.
1607 2907 1738 2942 xxvm),

109 2958 167 2987 sed
181 2960 221 2987 de
235 2959 471 2988 Gubernatore
490 2962 609 2989 Almae
626 2961 752 2988 Domus
768 2960 996 2995 Lauretanae,
1009 2952 1163 2996 Gaspare
1179 2959 1218 2990 de
1235 2958 1342 2989 Dotis.

163 3005 177 3024 ‘2
215 3007 295 3035 Otto
310 3008 498 3036 Truehsess
514 3017 579 3036 von
596 3009 801 3042 XValfflmrg.

165 3054 179 3076 5
216 3054 281 3090 Sic;
297 3056 354 3083 sed
371 3061 462 3084 recte
474 3057 621 3087 deletum
637 3063 656 3086 a
672 3056 833 3087 Polaneo0
