2020 3342
863 286 947 325 ΑΝ.
977 286 1067 324 1556
1119 298 1121 301 ’
1701 286 1765 324 321

875 737 1052 792 DXII

224 972 446 1010 Arno'ldus
467 972 687 1017 Conchus,

268 1036 335 1074 Ex
354 1037 674 1074 commissione
696 1038 838 1075 Patris
858 1037 982 1076 Pauli
1000 1030 1041 1075 d'
1058 1037 1255 1082 Achillis,

318 1103 439 1140 Patri
452 1102 621 1150 Ignatio
638 1103 691 1140 de
711 1103 894 1150 Loyola.

390 1168 619 1215 Panormo,
641 1168 683 1205 21
706 1168 808 1216 Maji
829 1168 920 1207 1556
938 1168 963 1205 ¹.

899 1324 1028 1415 Jhdsus,

230 1523 329 1564 Pax
350 1522 538 1564 Christi.

230 1594 463 1646 Quoniam
495 1593 557 1634 ita
580 1594 725 1645 iubes,
747 1592 846 1634 R.<¹e
873 1592 1025 1644 Pater,
1057 1605 1176 1645 quae
1204 1593 1418 1645 proximo
1446 1592 1776 1645 quadrimestri

151 1667 310 1708 diuina
331 1666 514 1706 bonitas
536 1676 618 1717 per
638 1676 723 1705 nos
745 1665 962 1716 indignos
977 1676 1139 1705 seruos
1157 1670 1349 1716 operata
1372 1670 1456 1715 est,
1474 1664 1637 1716 paucis
1653 1675 1771 1704 com·

151 1738 421 1789 plectemur.

228 1808 459 1860 Imprimis
480 1819 554 1848 res
576 1807 812 1859 gymnasii
832 1807 981 1848 nostri
1006 1807 1235 1848 foeliciter
1257 1807 1371 1847 satis
1393 1813 1436 1847 et
1459 1818 1516 1846 ex
1545 1806 1775 1846 sententia

152 1879 422 1920 succedunt.
444 1877 563 1919 Nam
582 1878 678 1919 fere
700 1890 861 1919 omnes
882 1878 1167 1929 scholastici,
1191 1884 1235 1918 et
1263 1878 1409 1918 literis
1430 1884 1474 1918 et
1502 1877 1661 1929 probis
1682 1888 1774 1917 mo-

151 1951 277 1992 ribus
297 1950 473 2001 imbuti,
506 1961 635 2001 spem
665 1949 798 1990 nobis
828 1961 920 1989 non
947 1961 1143 2001 paruam
1173 1949 1448 2001 promittunt
1469 1947 1497 1988 ².
1523 1947 1653 1989 Multi
1683 1959 1776 1988 non

150 2022 398 2062 mediocris
419 2021 593 2071 ingenii
616 2020 909 2061 diuersarum
931 2020 1151 2060 classium
1178 2020 1382 2072 quotidie
1399 2020 1578 2060 solicite
1600 2020 1776 2060 instant

150 2094 267 2134 Vtin
296 2092 542 2143 collegium
571 2092 870 2143 recipiantur,
904 2103 962 2131 ex
989 2091 1154 2143 quibus
1181 2091 1272 2131 duo
1303 2090 1537 2131 oratoriae
1567 2090 1778 2131 facultati

150 2165 349 2214 student,
372 2170 652 2214 nostraeque
680 2162 993 2214 expectationi
1020 2174 1113 2202 non
1143 2162 1295 2203 minus
1325 2162 1489 2214 spiritu
1520 2173 1659 2214 quam
1681 2162 1776 2201 lite-

150 2236 214 2276 ris
233 2234 536 2286 respondent‚
560 2234 638 2285 qui
659 2233 771 2273 nihil
792 2225 1031 2273 ardentius
1052 2239 1227 2284 optant,
1253 2244 1412 2284 quam,
1437 2233 1611 2273 relictis
1632 2233 1777 2273 semel

151 2306 379 2357 omnibus,
403 2305 603 2345 Domino
624 2310 785 2345 nostro
801 2303 905 2357 Jhu.
925 2303 1046 2355 Xpo.
1066 2315 1116 2344 se
1133 2310 1255 2344 totos
1272 2304 1558 2356 mancipare,
1579 2315 1777 2356 quorum

150 2377 422 2429 patientiam
444 2383 487 2416 et
507 2376 818 2416 constantiam
841 2386 1001 2415 omnes
1028 2374 1330 2415 admiramur:
1354 2375 1392 2415 si
1421 2374 1568 2426 Xpus.
1591 2374 1775 2425 fauerit,

151 2448 281 2489 breui
309 2453 416 2488 sunt
441 2446 732 2499 impetraturi
758 2446 880 2498 quod
906 2452 1083 2498 petunt.
1120 2445 1454 2498 praeceptores
1474 2458 1557 2486 suo
1586 2457 1787 2486 munere·

151 2519 407 2570 funguntur
443 2517 812 2569 diligentissime:
849 2516 1020 2558 fratres
1055 2516 1313 2558 domestica
1349 2516 1499 2558 officia
1535 2528 1619 2568 pro
1655 2516 1779 2557 uirili

152 2596 459 2642 exequuntur.

230 2660 440 2712 Quantus
466 2660 523 2701 sit
551 2660 868 2701 confitentium
897 2671 1116 2700 numerus
1145 2671 1203 2700 ex
1231 2671 1284 2700 eo
1312 2666 1445 2711 potes
1474 2670 1778 2710 cognoscere,

151 2732 272 2783 quod
303 2731 487 2772 tametsi
514 2731 664 2770 simus
692 2742 719 2771 a
746 2731 878 2782 plebe
904 2731 1194 2781 longiuscule
1223 2731 1389 2770 semoti
1417 2729 1447 2781 ³,
1475 2737 1631 2772 tamen
1656 2729 1781 2771 domi

150 2808 337 2843 nostrae
358 2803 405 2842 in
425 2802 542 2842 festo
565 2802 803 2853 paschatis
820 2802 1007 2842 circiter
1029 2801 1119 2841 duo
1151 2801 1292 2842 millia
1315 2809 1422 2842 sunt
1446 2802 1662 2842 confessi.
1691 2801 1779 2841 No·

205 2964 213 2983 ¹
255 2963 501 2998 Autographae
518 2963 643 2997 duplici
659 2963 750 2997 folio,
763 2971 815 2990 nn.
833 2963 882 2991 154
897 2968 930 2990 et
948 2963 1010 2992 155.
1030 2961 1089 2989 Est
1106 2968 1138 2990 et
1154 2963 1402 2997 apographum,
1418 2970 1493 2990 eum
1508 2962 1650 2990 Polanci
1663 2969 1773 2990 emen-

168 3011 370 3045 dationibus,
388 3011 484 3038 unico
501 3011 594 3044 folio,
609 3018 639 3037 n.
658 3010 717 3038 159.

217 3058 232 3078 Ξ
268 3059 492 3093 pollicentur.
506 3058 692 3086 POLANcus.

209 3105 222 3125 5
260 3105 416 3140 quamvis
431 3113 450 3133 a
465 3106 561 3140 plebe
578 3105 787 3140 longiuscule
804 3106 908 3133 simus
924 3105 1056 3133 semoti.
1071 3104 1124 3133 ID.

356 3163 407 3203 T.
430 3176 487 3202 IV.
1542 3176 1581 3199 21
