2020 3342
887 737 1128 791 CDLVI

262 988 481 1036 Aegidius
502 989 736 1033 GonzaleZ,

312 1052 381 1091 Ex
400 1052 718 1090 commissione
739 1053 882 1091 Patris
903 1053 1202 1091 Emmanuelis
1221 1054 1388 1101 Lopez,

360 1120 480 1157 Patri
498 1119 666 1167 Ignatio
686 1119 739 1156 de
757 1119 940 1166 Loyola.

406 1184 652 1232 Compluto,
676 1185 692 1220 1
715 1184 914 1231 Januarii
934 1184 1024 1222 1556
1043 1184 1068 1222 ¹.

955 1341 1052 1417 1135

274 1537 375 1578 R.d0
396 1538 442 1578 in
463 1538 648 1578 Christo
669 1537 796 1578 Patri
817 1537 1000 1588 Ignatio
1022 1536 1077 1576 de
1104 1536 1285 1589 Loyola
1314 1536 1586 1588 Praeposito
1607 1536 1817 1587 generali

189 1608 443 1650 'Societatis
462 1608 587 1661 Jesu.
613 1607 820 1649 Salutem
841 1609 888 1648 in
909 1607 1126 1648 Domino.

274 1679 438 1720 Gratia
459 1685 504 1720 et
524 1691 618 1731 pax
650 1679 822 1720 Christi
851 1679 961 1732 Jesu
992 1679 1051 1719 sit
1078 1689 1262 1729 semper
1291 1690 1397 1719 cum
1424 1678 1636 1718 omnibus
1666 1678 1815 1719 nobis.

191 1750 360 1791 Amen.

275 1821 391 1862 Cum
411 1821 556 1861 multa
578 1821 683 1870 sint,
707 1832 826 1872 quae
848 1820 904 1861 de
925 1820 1098 1860 nostris
1128 1820 1268 1860 rebus
1288 1825 1392 1872 post
1423 1820 1687 1871 superiores
1708 1831 1817 1871 qua-

186 1892 464 1932 rdrimestres
486 1892 646 1932 literas
666 1890 695 1942 ²,
719 1891 1144 1932 observandissime
1164 1892 1210 1931 in
1228 1891 1414 1932 Christo
1436 1890 1587 1941 Pater,
1611 1890 1816 1931 scribere

196 1963 254 2003 ad
275 1968 319 2003 te
340 1968 599 2015 opportune
622 1963 710 2002 hoc
730 1968 939 2014 tempore
956 1974 1214 2014 possemus,
1238 1974 1329 2014 quo
1346 1968 1451 2002 acta
1469 1962 1604 2002 huius
1621 1961 1818 2012 Collegii

195 2033 440 2074 referenda
462 2039 583 2084 sunt,
607 2033 721 2073 nihil
741 2039 898 2074 tamen
918 2033 1047 2085 prius
1068 2033 1225 2083 habui,
1260 2045 1399 2084 quam
1420 2033 1460 2073 si
1481 2033 1563 2073 tibi
1586 2033 1817 2084 quampri-

247 2168 257 2189 ¹
295 2168 545 2203 Autographae
559 2169 682 2203 duplici
699 2168 789 2202 folio,
804 2168 913 2202 primo
927 2176 958 2195 n.
972 2167 1036 2201 380,
1052 2169 1162 2195 altero
1178 2175 1243 2195 non
1257 2172 1447 2195 numerato.

245 2215 260 2235 ²
297 2215 331 2243 Si
353 2215 610 2250 Complutenses
630 2223 716 2243 anno
738 2215 806 2242 1555
828 2223 999 2250 nunquam
1020 2215 1275 2242 scribendarum
1297 2215 1597 2249 quadrimestrium
1615 2215 1744 2242 muneri
1763 2215 1818 2241 de·

188 2263 343 2296 fuerunt,
364 2263 423 2290 sed
445 2271 505 2290 eas
527 2263 628 2290 statis
650 2263 858 2297 temporibus
881 2263 1061 2297 scripsere,
1085 2262 1245 2290 videlicet
1270 2263 1397 2296 primas
1418 2263 1599 2296 postremis
1620 2261 1818 2289 Decembris

196 2311 252 2337 vel
273 2310 390 2345 primis
408 2310 563 2343 Januarii
585 2310 713 2341 diebus,
726 2311 857 2338 alteras
871 2310 1002 2344 Aprilis
1021 2314 1080 2337 aut
1096 2309 1187 2343 Maji,
1211 2310 1333 2337 tertias
1353 2310 1496 2344 denique
1518 2309 1666 2343 Augusti
1686 2313 1745 2336 aut
1760 2309 1817 2336 Se-

195 2358 369 2392 ptembris,
395 2362 474 2385 tunc
496 2357 644 2388 litterae.
666 2357 708 2384 ad
733 2364 817 2391 quas
840 2357 893 2384 hic
914 2358 1079 2384 lectorem
1101 2358 1245 2385 remittit
1267 2357 1444 2391 Aegidius,
1468 2361 1567 2384 erunt
1591 2356 1728 2391 tertiae,
1752 2357 1819 2384 Au-

195 2405 286 2439 gusti
301 2408 359 2432 aut
378 2404 588 2439 Septembris
603 2404 681 2432 anni
697 2404 775 2432 1555.
791 2404 919 2432 Verum
935 2405 1147 2438 suspicamur
1160 2405 1262 2432 valde
1278 2412 1336 2432 eas
1351 2411 1521 2438 nunquam
1535 2404 1638 2431 fuisse
1652 2404 1800 2438 scriptas

195 2451 377 2479 Nam.—-1.⁰
400 2452 639 2479 desiderantur
659 2452 692 2479 in
712 2451 813 2478 Rom.
835 2451 1033 2479 cenea—29
1054 2452 1171 2479 Sermo
1193 2452 1247 2479 hic
1263 2451 1298 2479 fit
1314 2456 1359 2485 et,
1372 2456 1407 2479 ut
1428 2452 1575 2484 videtur,
1591 2458 1677 2478 nunc
1698 2451 1815 2485 primoA

195 2499 429 2533 aegritudinis,
446 2506 512 2534 qua
527 2499 688 2526 afflictum
704 2499 765 2526 fuit
782 2499 1021 2534 Complutense
1043 2499 1242 2534 Collegium,
1267 2507 1418 2534 quaeque
1442 2499 1486 2526 ibi
1506 2499 1632 2526 saeviit
1651 2499 1816 2533 proxima

194 2546 260 2574 hac
274 2548 423 2578 aestate,
437 2546 567 2574 scilicet
582 2554 602 2573 a
618 2554 731 2573 mense
746 2546 833 2579 Julio
855 2548 933 2574 anni
955 2547 1118 2574 1555.--3.ο
1140 2546 1257 2574 Sermo
1278 2547 1383 2574 etiam
1405 2546 1441 2573 fit
1461 2546 1500 2573 de
1521 2546 1652 2580 viginti
1671 2552 1733 2573 sex
1754 2545 1816 2572 hoc

194 2597 347 2629 tempore
363 2595 395 2622 in
411 2594 619 2622 Societatem
633 2595 801 2626 admissis,
813 2598 845 2621 et
861 2595 932 2622 sere
948 2595 1146 2622 incredibile
1162 2599 1213 2622 est
1229 2599 1279 2622 tot
1294 2602 1358 2622 uno
1374 2593 1617 2629 quadrimestri
1639 2594 1817 2625 admissos,

194 2649 254 2669 nec
277 2642 361 2669 satis
383 2642 565 2669 convenire
589 2642 725 2669 videtur
739 2649 814 2669 cum
835 2643 887 2676 iis,
904 2650 989 2676 quae
1004 2650 1045 2669 ex
1061 2642 1202 2674 Crasmo,
1215 2642 1377 2669 Historia
1394 2649 1455 2668 ms.
1470 2641 1527 2668 del
1543 2641 1676 2674 Colegz'o
1696 2640 1738 2667 de
1760 2640 1816 2666 Al-

191 2689 270 2716 calci
285 2689 564 2723 transcripsimus
580 2690 611 2716 in
628 2689 778 2716 POLANCI
793 2689 995 2721 Clzrom'con,
1011 2694 1037 2716 t.
1055 2699 1087 2723 v,
1104 2697 1182 2724 pag.
1204 2689 1258 2716 452
1272 2694 1305 2716 et
1326 2688 1474 2716 453.-4.0
1495 2688 1646 2715 Tandem
1666 2688 1720 2714 hic
1736 2687 1816 2714 dici-

192 2741 247 2764 tur
268 2736 300 2763 in
321 2736 363 2763 iis
384 2736 525 2770 litteris,
544 2737 587 2763 ad
612 2744 695 2771 quas
717 2737 906 2764 remittitur
931 2737 1050 2770 lector,
1074 2744 1184 2764 sermo
1206 2737 1317 2764 factus
1338 2737 1376 2763 de
1393 2736 1554 2770 Collegiis
1578 2735 1763 2769 Seguntino
1783 2739 1816 2760 et

191 2782 403 2816 Ocanniensi;
417 2787 450 2810 et
465 2784 590 2811 saltem
603 2784 643 2810 de
660 2783 862 2811 Ocanniensi
877 2792 987 2812 sermo
1004 2784 1039 2812 fit
1054 2785 1087 2812 in
1102 2785 1270 2812 secundis
1284 2792 1396 2811 mense
1411 2783 1499 2818 Majo
1514 2782 1817 2817 scriptis.-Quare

192 2834 350 2864 putamus
362 2832 490 2858 tertias
503 2831 652 2865 Augusti
668 2835 728 2859 aut
744 2831 955 2866 Septembris
966 2840 1031 2859 non
1043 2833 1144 2860 fuisse
1157 2833 1305 2867 scriptas
1316 2833 1389 2865 (nec
1401 2831 1534 2863 mirum.
1550 2838 1624 2857 cum
1640 2833 1689 2857 tot
1703 2836 1819 2862 aegro-

185 2878 324 2911 -tarent,
339 2880 376 2904 ut
388 2885 430 2905 ne
446 2885 538 2905 unus
553 2879 694 2912 quidem
710 2879 869 2913 reliquus
882 2879 1078 2912 videretur,
1092 2881 1152 2914 qui
1165 2879 1359 2907 domestica
1380 2879 1584 2906 ministeria
1600 2884 1726 2905 curare
1738 2880 1815 2910 pos-

194 2925 276 2958 set),·
289 2925 429 2959 ideoque
444 2925 593 2960 litteras,
609 2933 752 2960 quarum
766 2927 918 2954 meminit
933 2927 987 2955 hie
1004 2927 1183 2961 Gonzalez,
1198 2935 1256 2955 eas
1271 2935 1357 2961 esse,
1372 2934 1455 2961 quas
1470 2927 1575 2953 habes
1598 2932 1714 2959 supra,
1729 2928 1752 2951 t.
1769 2931 1818 2955 111,

189 2979 273 3005 pag.
288 2971 420 3000 412-418.
