2020 3342
811 264 893 302 Ax.
924 265 1016 303 1556
1152 322 1156 327 .
1653 267 1718 305 481

109 361 308 413 populus
342 359 560 412 rudisque
591 358 810 410 juventus
843 359 1080 400 Christum
1114 360 1326 410 imbibat,
1358 365 1565 412 tempore
1597 362 1655 401 ad
1687 362 1731 402 id

105 443 241 472 mane
261 437 435 471 statuto
457 429 506 470 Ρ.
530 429 739 470 Mironus
761 431 1066 471 concionibus
1088 431 1182 471 suis
1204 431 1387 471 turbam
1408 431 1529 471 hanc
1547 432 1606 472 ad
1628 444 1729 472 coe-

106 503 237 543 lestia
266 502 494 551 hortatur,
526 506 577 541 vt
605 501 814 541 dolorem
845 513 903 542 ex
930 501 1083 542 Patris
1109 501 1324 542 Ramirez
1353 502 1562 543 discessu
1593 503 1731 543 altius

107 579 384 624 conceptum
406 571 647 612 diminuat.
671 571 863 623 Insuper
891 572 950 612 ad
976 572 1226 613 confitendi
1246 573 1460 624 peritiam
1488 574 1631 625 probe
1658 585 1730 614 co-

107 643 439 695 gnoscendam,
463 649 512 682 ut
534 642 612 682 alii
634 642 692 682 ad
713 653 817 682 eam
838 643 924 683 rite
944 643 1216 694 formentur,
1235 644 1574 695 praelectiones
1594 656 1728 696 quae-

106 714 212 755 dam
235 715 388 765 (casus
409 713 724 754 conscientiae
742 717 929 762 vocant)
952 713 1168 754 Patribus
1184 726 1239 755 ac
1260 715 1448 766 reliquis
1470 715 1528 755 ad
1550 715 1639 756 hoc
1655 727 1727 755 ne-

105 786 284 837 gotium
306 784 673 825 accommodatis
689 790 998 835 exponuntur.

175 856 451 908 Recepimus
472 866 619 906 nuper
641 854 686 894 in
715 861 926 895 nostrum
947 856 1300 896 contubernium
1324 855 1559 908 juvenem,
1590 844 1729 898 diale-

104 928 247 968 ctices
265 933 402 978 atque
419 926 740 978 philosophiae
753 926 877 966 haud
895 927 1155 977 vulgariter
1171 927 1401 968 eruditum
1415 935 1458 968 et
1475 928 1521 968 in
1535 929 1649 969 bene
1667 930 1729 970 di-

105 998 238 1039 cendi
259 997 479 1037 facultate
500 1008 593 1036 non
614 996 909 1037 mediocriter
926 998 1249 1049 exercitatum,
1270 999 1343 1038 cui
1363 999 1430 1038 rei
1451 1006 1729 1050 argumento

105 1082 158 1110 ea
180 1069 380 1119 fuerunt,
410 1079 528 1120 quae
558 1067 734 1118 ingenii
760 1068 1037 1119 explorandi
1067 1080 1210 1109 causa
1239 1069 1303 1109 illi
1329 1070 1606 1121 explicanda
1628 1083 1729 1122 pro·

106 1140 362 1193 posuimus:
391 1144 607 1179 tenentur
635 1145 680 1179 et
710 1139 787 1178 alii
816 1150 910 1179 non
936 1139 1076 1191 pauci
1097 1140 1259 1180 eadem
1288 1152 1416 1191 cura,
1450 1153 1566 1193 quos
1593 1140 1731 1182 Pater

106 1211 316 1252 Mironus
337 1210 456 1250 mira
478 1210 681 1262 quadam
701 1209 977 1250 dexteritate
999 1211 1142 1251 veluti
1164 1211 1316 1262 lapide
1337 1211 1462 1263 lydio
1482 1212 1662 1263 probat,
1682 1219 1730 1253 ut

105 1282 417 1334 postmodum,
442 1292 524 1333 per
550 1281 710 1321 varias
737 1282 949 1332 repulsas
981 1282 1195 1321 examine
1225 1282 1365 1333 facto,
1399 1283 1541 1323 tutius
1569 1284 1729 1324 admit-

105 1360 278 1394 tantur.

186 1425 331 1465 Multo
353 1425 486 1476 plura
509 1423 645 1475 hujus
665 1424 867 1475 generis,
891 1430 934 1464 et
955 1425 1289 1476 propemodum
1310 1426 1567 1476 innumera,
1591 1427 1731 1467 scribi

108 1501 316 1548 possunt,
341 1495 507 1547 quibus
528 1506 585 1534 ne
606 1494 650 1534 in
668 1494 845 1546 justum
861 1495 1081 1536 volumen
1102 1495 1218 1536 haec
1239 1496 1435 1548 epistola
1457 1509 1730 1538 excrescere

109 1566 338 1617 videatur,
374 1572 471 1606 tum
506 1577 563 1605 ne
590 1566 785 1606 molesta
820 1565 1067 1607 dicacitate
1097 1566 1225 1607 Tuae
1258 1567 1560 1608 Paternitatis
1594 1580 1731 1610 aures

107 1637 355 1686 offendam,
381 1636 676 1688 supersedeo.
700 1636 825 1676 Velit
846 1636 989 1685 Deus,
1012 1642 1061 1677 ut
1091 1649 1150 1677 ex
1175 1638 1264 1678 hac
1285 1638 1384 1679 vita
1414 1638 1459 1679 in
1481 1640 1730 1683 coelestem

106 1708 234 1748 illam
255 1708 500 1748 vnanimes
523 1718 578 1746 ac
600 1707 856 1748 concordes
877 1709 1128 1749 euolemus.

185 1778 485 1819 Orationibus
506 1777 634 1818 Tuae
655 1777 958 1819 Paternitatis
978 1780 1180 1821 maxime
1197 1780 1298 1821 Deo
1320 1783 1637 1824 commendari
1654 1795 1729 1825 ex-

104 1850 356 1902 poscimus

345 1920 609 1971 Valentiae,
633 1927 803 1962 octavo
824 1921 928 1962 idus
949 1921 1073 1974 Sept.

637 1991 764 2032 Tuus
786 1992 832 2032 in
854 1992 1040 2033 Christo
1062 1993 1196 2045 filius,
1220 2003 1222 2006 ’

1168 2137 1408 2179 CABRERA.

186 2345 539 2399 Superscrz'ptz'o
567 2359 617 2387 m
645 2352 786 2389 sexta
806 2349 1014 2401 pagina:
1047 2352 1074 2397 †
1100 2350 1159 2391 Al
1185 2362 1296 2403 muy
1325 2351 1427 2392 R.d0
1454 2365 1512 2394 en
1542 2352 1728 2394 Christo

106 2416 256 2457 Padre
291 2419 332 2458 el
368 2417 418 2459 P.
454 2417 575 2458 M.tr0
605 2419 786 2470 Ignatio
817 2421 873 2461 de
904 2421 1083 2474 Loyola
1112 2423 1347 2475 preposito
1378 2425 1569 2475 general
1599 2423 1655 2464 de
1684 2425 1728 2464 la

106 2487 365 2539 Compafiia
386 2489 442 2530 de
462 2490 612 2542 Jesus,
636 2502 694 2531 en
715 2490 877 2533 Roma.

186 2558 297 2599 Alia
318 2571 482 2600 manu:
507 2560 619 2601 1556.
640 2561 902 2604 Valentiae.
925 2562 1105 2605 Octauo
1126 2564 1233 2605 Idus
1255 2564 1553 2617 Septembris
1578 2566 1632 2617 Q.
1651 2569 1678 2613 †

200 2629 460 2681 Vestigium
481 2641 612 2676 cerae
632 2633 801 2685 sigilli.
