2020 3342
265 205 338 244 568
774 205 999 244 LITTERAE
1026 216 1383 250 QUADRIMESTRES

267 304 506 344 uberiores
522 304 702 345 fructus
719 304 1045 355 decerpuntur,
1065 315 1173 345 nam
1191 304 1349 345 uidere
1367 305 1473 346 licet
1490 306 1660 346 fratres
1681 312 1885 358 nostros,

267 387 439 427 magna
475 375 711 415 hominum
739 382 929 415 caterua
958 376 1266 427 constipatos,
1305 376 1363 417 ad
1396 377 1644 429 collegium
1677 383 1890 419 nostrum

267 447 453 496 reuerti,
478 458 593 498 quos
614 446 756 486 uerbo
779 446 936 486 diuino
966 446 1251 487 inescarunt.
1281 446 1411 487 Tunc
1445 447 1615 499 singuli
1645 449 1891 489 nonnullos

268 519 459 569 eligunt,
485 518 649 570 quibus
675 517 801 558 viam
823 517 995 558 Christi
1024 518 1264 569 aperiunt,
1294 524 1432 569 atque
1465 519 1523 559 ad
1552 520 1891 560 confessionem

268 601 544 641 sacramque
567 588 942 629 communionem
962 589 1183 630 excitant:
1206 602 1292 632 nec
1313 591 1510 640 frustra3
1535 603 1643 631 nam
1665 592 1889 643 plerique,

269 661 474 700 moribus
502 660 689 700 omnino
716 660 920 711 mutatis,
951 660 1195 701 audientes
1221 665 1334 702 sunt
1365 662 1486 702 dicto
1499 663 1742 712 fratrum,
1774 674 1892 702 eam-
1926 649 1928 652 ’

270 744 355 782 que
371 731 496 771 uiam
512 730 851 783 ingrediuntur,
870 743 988 783 quae
1007 732 1063 772 ad
1082 738 1322 773 aeternam
1339 733 1536 774 salutem
1554 737 1678 774 recto
1701 733 1892 774 tramite

271 803 500 854 perducit.

352 873 577 925 Denique,
602 886 658 914 ne
680 874 864 925 singula
887 874 1108 925 referens,
1133 875 1318 926 longius
1339 887 1477 927 quam
1500 888 1582 927 par
1611 884 1679 916 est
1707 888 1895 928 progre-

272 945 387 995 diar,
412 946 635 985 sacellum
656 951 866 985 nostrum
895 945 1054 985 diebus
1085 945 1214 985 festis
1245 945 1397 986 forum
1428 954 1742 988 mercatorum
1772 946 1895 988 dixe-

273 1017 353 1065 ris,
378 1016 416 1055 si
438 1016 673 1056 hominum
696 1016 1005 1067 frequentiam
1034 1016 1203 1057 intueri
1234 1017 1371 1067 velis;
1405 1029 1513 1058 nam
1545 1018 1585 1058 si
1614 1029 1894 1066 sermonum,

272 1087 348 1137 qui
370 1087 577 1128 uicissim
600 1088 660 1128 ibi
683 1088 999 1137 conferuntur,
1024 1088 1236 1128 habenda
1268 1088 1327 1128 sit
1355 1089 1489 1139 ratio,
1521 1090 1657 1140 longe
1686 1089 1897 1129 dissimil-

272 1158 430 1199 limum
453 1159 718 1211 apparebit:
743 1159 789 1199 in
810 1159 888 1198 illo
909 1159 1038 1209 nihil,
1062 1159 1151 1199 nisi
1173 1160 1229 1200 de
1251 1160 1467 1210 augenda
1484 1172 1533 1200 re
1550 1161 1782 1212 familiari,
1807 1167 1894 1201 tra-

272 1236 461 1282 ctatur:¹
483 1236 528 1269 at
564 1230 610 1269 in
645 1230 732 1270 hoc
769 1229 1030 1270 animarum
1064 1231 1189 1270 salus
1225 1231 1271 1271 in
1309 1231 1516 1271 omnium
1551 1243 1631 1272 ore
1662 1239 1894 1272 versatur.

273 1301 397 1341 Hinc
416 1302 569 1342 euenit
592 1305 785 1342 nostros
807 1314 833 1341 a
845 1302 1051 1353 perditis
1064 1302 1350 1353 formidari,
1372 1303 1469 1354 qai,
1490 1302 1691 1343 simulac
1715 1314 1794 1343 eos
1820 1304 1897 1343 ad-

272 1377 466 1413 uentare
485 1373 784 1424 intelligmzt,
800 1385 850 1412 se
865 1373 914 1412 in
929 1373 1074 1424 pedes
1097 1373 1367 1421 conficiunt,
1391 1373 1550 1414 relicto
1568 1374 1704 1424 lncl0;
1722 1386 1749 1414 a
1767 1374 1899 1414 bonis

272 1444 405 1484 nm'ce
426 1444 598 1494 amari,
620 1444 715 1495 qni,
745 1448 974 1495 qnantum
1006 1444 1272 1484 com'ectztra
1303 1444 1500 1496 assequi
1518 1450 1799 1496 possumus,
1830 1445 1899 1485 bo-

273 1527 382 1555 nam
404 1516 458 1555 de
487 1515 618 1555 nobis
646 1515 802 1554 animo
833 1515 1046 1555 [inhibere
1077 1515 1342 1566 opinionem
1356 1526 1373 1563 ,·
1405 1527 1544 1567 saepe
1573 1516 1741 1556 etenim
1770 1516 1901 1556 urbis

272 1587 503 1638 primores
524 1586 677 1626 Patris
694 1587 839 1626 nostri
861 1585 1075 1626 Rectoris
1098 1598 1238 1638 opera
1261 1592 1467 1637 utuntur,
1490 1587 1740 1638 siquando
1762 1587 1817 1627 de
1833 1599 1900 1627 re·

272 1659 357 1699 bus
379 1658 571 1698 maximi
594 1658 815 1698 momenti
837 1657 1135 1708 consulatur,
1162 1658 1439 1709 praesertim
1468 1658 1767 1710 inquisitores
1797 1657 1900 1698 hae-

272 1731 446 1770 reticae
469 1729 730 1780 prauitatis,
769 1729 852 1780 qui
883 1733 1048 1769 nostro
1079 1729 1273 1769 consilio
1305 1733 1444 1780 atque
1473 1729 1707 1769 sententia
1739 1729 1904 1769 iuuari

273 1811 612 1852 nonnunquam
634 1800 835 1840 summis
849 1800 1070 1851 precibus
1091 1800 1391 1852 efflagitant.

352 1871 490 1911 Modo
512 1871 647 1911 nobis
669 1883 695 1911 a
717 1877 882 1912 senatu
904 1871 1095 1912 offertur
1117 1872 1315 1912 ecclesia
1344 1872 1574 1923 quaedam
1606 1871 1662 1911 D.
1693 1870 1855 1924 Jacobi
1888 1870 1897 1890 ¹

277 1955 379 1983 cum
404 1943 643 1993 coenobio,
667 1942 789 1994 quod
810 1943 893 1983 fuit
916 1944 1255 1983 monachorum
1275 1943 1334 1983 D.
1360 1942 1647 1994 Augustini,
1665 1954 1781 1994 qnae
1799 1942 1901 1983 nul-

272 2015 371 2054 lmn
394 2014 527 2054 alind
546 2015 892 2054 incommodum
907 2020 1028 2065 prae
1055 2027 1104 2054 se
1124 2015 1263 2065 ferre
1290 2014 1498 2065 videtur,
1527 2014 1626 2054 nisi
1650 2015 1774 2065 qnod
1794 2026 1821 2054 a
1844 2014 1900 2054 ci·

276 2087 405 2126 lll'llm
418 2085 697 2137 frequentia
726 2085 1078 2137 aliquantalum
1110 2086 1277 2126 distat.
1310 2086 1415 2125 Duo
1447 2089 1606 2126 tresue
1635 2086 1902 2125 sacerdotes

275 2170 338 2197 ar
360 2157 540 2197 nostris
556 2160 808 2208 petuntur,
829 2157 912 2207 qui
929 2157 1384 2205 ihicommorenturj
1401 2156 1597 2207 reliquis
1615 2167 1727 2196 nero
1742 2157 1808 2208 stt
1820 2161 1902 2208 po-

274 2232 426 2268 testas
447 2228 672 2267 manendi
691 2228 770 2267 nbi
797 2228 931 2268 modo
964 2231 1034 2267 est
1067 2227 1321 2278 collegium
1353 2231 1599 2267 nostruin:
1630 2228 1759 2267 locus
1790 2238 1903 2267 sane

275 2306 343 2339 cst
376 2299 757 2339 amoenissimus:
790 2299 1104 2349 nihilominus,
1138 2309 1242 2338 cum
1273 2298 1519 2349 negotium
1550 2298 1599 2338 in
1628 2298 1810 2339 nostris
1839 2298 1903 2338 sit

274 2371 491 2410 manibus
513 2370 676 2416 situm,
697 2370 835 2410 rebus
857 2370 1070 2410 omnibus
1091 2370 1242 2420 longa
1265 2369 1561 2409 discussione
1583 2369 1805 2421 pensatis,
1829 2370 1902 2410 de-

275 2452 517 2481 cernemus
538 2442 726 2481 tandem
749 2441 861 2493 quid
889 2440 989 2481 fieri
1010 2441 1189 2481 debeat.

355 2513 385 2551 I
386 2524 415 2552 n
437 2513 520 2552 lzoc
537 2512 736 2562 collegio
755 2512 929 2563 omnia,
947 2523 1063 2563 quae
1079 2512 1128 2551 in
1145 2511 1255 2552 aliis
1266 2512 1380 2563 fieri
1396 2511 1566 2562 solent,
1575 2512 1736 2563 fiunt:
1753 2511 1905 2563 singu-

278 2584 333 2623 lis
351 2583 589 2623 mensibus
621 2595 647 2623 a
675 2583 812 2623 Patre
843 2582 1042 2623 Rectore
1074 2583 1268 2623 habetur
1296 2583 1561 2623 exhortatio
1591 2583 1821 2634 quaedam
1849 2583 1905 2623 de

277 2654 539 2694 obedientia
559 2660 603 2694 et
627 2655 896 2705 regularum
914 2654 1257 2703 obseruatione,
1282 2665 1374 2694 non
1392 2654 1492 2694 sine
1514 2665 1686 2705 magno
1708 2653 1907 2706 spiritali

278 2725 510 2777 prosectu3
535 2737 643 2765 nam
665 2725 743 2776 qui
764 2737 821 2765 ex
843 2737 892 2765 se
913 2725 959 2764 in
981 2725 1244 2765 obedientia
1266 2726 1497 2765 excellere
1525 2725 1831 2775 conabantur,
1861 2724 1908 2764 hi

279 2797 430 2847 modo,
454 2796 582 2836 hisce
605 2795 899 2836 adminiculis
917 2795 1077 2846 adiuti,
1098 2795 1299 2836 maiores
1316 2796 1459 2836 multo
1477 2801 1673 2836 exerunt
1692 2800 1904 2846 conatus,

332 2982 341 3002 ¹
381 2982 537 3009 Ecclesia
558 2980 672 3008 Sancti
695 2980 811 3012 Jacobi
828 2980 860 3007 in
882 2980 1085 3014 Carignano,
1106 2981 1184 3008 olim
1207 2980 1346 3008 Patrum
1363 2980 1690 3015 Augustinianorum
1713 2980 1907 3015 congrega-

279 3029 380 3058 tionis
395 3028 653 3062 Langobardae,
670 3031 788 3063 postea
805 3027 1023 3063 parochiali&
