2020 3342
890 267 971 306 ΑΝ.
1004 269 1094 306 1556
1502 277 1516 294 ·
1731 269 1800 306 233

176 372 381 416 orarunt,
406 371 542 417 prout
564 365 786 417 cuiusque
821 371 1023 406 mentem
1053 366 1233 417 impulit
1268 364 1453 405 diuinus
1489 366 1562 405 ille
1590 365 1794 416 spiritus,

176 436 253 487 qui
274 436 349 476 ubi
369 437 466 476 uult
488 436 648 487 spirat.
672 435 746 476 Ad
767 448 852 476 nos
874 448 1042 477 uenere
1060 437 1281 486 nonnulli,
1303 437 1379 488 qui
1397 442 1490 476 tam
1508 436 1796 475 inflammato

176 507 328 547 studio
349 507 526 547 aditum
547 507 632 547 sibi
654 507 755 547 dari
776 514 953 558 petunt,
978 514 1026 548 ut
1048 508 1092 548 in
1121 508 1279 548 uarias
1306 514 1463 559 partes
1492 508 1634 558 missi,
1659 508 1800 546 liben-

175 577 350 618 tissime
372 578 458 617 iter
479 578 719 628 arripiant.
744 577 878 618 Vnus
900 579 1023 630 apud
1040 591 1123 618 nos
1146 578 1328 627 mansit,
1354 578 1429 630 qui
1452 579 1497 617 in
1520 578 1606 618 hac
1635 584 1798 618 nostra

178 648 335 688 schola
359 648 609 698 institutus,
634 649 697 688 ita
719 656 1016 700 promouerat
1039 650 1085 689 in
1105 656 1297 701 utraque
1314 649 1488 700 lingua,
1508 649 1650 688 latina
1669 660 1797 700 prae-

177 719 353 767 sertim,
377 725 424 759 ut
447 719 658 759 uideatur
681 719 785 759 aliis
806 731 987 771 quoque
1009 719 1233 760 docendis
1256 719 1552 760 suffecturus.

254 789 405 829 Venio
428 790 486 830 ad
507 790 772 840 conciones,
797 801 915 841 quae
940 791 1028 830 hoc
1057 798 1265 842 tempore
1293 790 1495 830 fructum
1530 802 1621 830 non
1653 790 1801 830 leuem

176 866 469 912 pepererunt.
494 861 576 900 Est
597 872 797 912 namque
819 861 943 901 domi
965 861 1120 912 Pater,
1144 861 1359 901 Ramirez
1382 862 1583 910 nomine,
1607 862 1685 912 qui
1702 872 1800 900 eru-

177 932 355 972 diendis
371 931 666 972 scholasticis
682 931 963 972 indefessam
984 939 1029 972 et
1059 932 1295 972 assiduam
1324 943 1514 984 operam
1542 932 1634 981 dat,
1665 943 1802 983 quem

179 1001 402 1042 Dominus
423 1014 613 1042 munere
634 1003 944 1043 concionandi
978 1003 1177 1043 donasse
1212 1003 1340 1043 uisus
1374 1008 1457 1043 est.
1482 1003 1601 1043 Nam
1633 1003 1709 1043 uix
1734 1008 1801 1042 est

177 1072 394 1113 credibile
415 1085 554 1124 quam
575 1074 633 1114 sit
662 1074 882 1114 uniuersa
918 1074 1084 1114 ciuitas
1122 1074 1180 1114 ad
1215 1074 1420 1114 studium
1454 1086 1593 1114 uerae
1614 1074 1802 1125 pietatis

176 1144 364 1184 incensa
388 1144 485 1184 eius
507 1145 824 1195 concionibus,
842 1146 911 1185 ‘ita
935 1146 981 1185 in
1003 1147 1174 1197 templo
1197 1146 1402 1186 maximo
1424 1146 1508 1185 fuit
1538 1145 1579 1185 ei
1602 1145 1801 1185 facultas

178 1226 403 1255 concessa
425 1221 473 1255 ut
494 1215 553 1255 ad
576 1216 797 1267 populum
832 1216 975 1256 uerba
1010 1216 1187 1256 faceret
1222 1216 1383 1256 diebus
1421 1217 1558 1256 lunae
1594 1228 1674 1267 per
1695 1227 1803 1267 qua-

178 1285 493 1337 dragesimam
516 1298 570 1326 ac
598 1286 645 1326 P.
671 1286 865 1343 Donctori
901 1286 1041 1337 Placa
1072 1287 1234 1327 diebus
1268 1287 1502 1335 mercurii,
1540 1298 1680 1338 quam
1696 1298 1803 1338 gra-

177 1357 289 1397 tiam
312 1369 337 1396 a
359 1356 472 1396 R.m0
492 1357 724 1409 Episcopo
748 1369 838 1398 non
865 1364 1114 1409 potuerunt
1131 1359 1382 1409 impetrare
1401 1358 1517 1398 aliae
1535 1358 1802 1409 religiones.

181 1427 297 1469 Sunt
318 1428 474 1480 itaque
510 1429 709 1480 praefati
738 1428 891 1469 Patris
925 1429 1175 1469 conciones
1210 1429 1509 1480 gratissimae
1537 1441 1591 1469 ac
1622 1429 1804 1469 utilissi—

179 1510 298 1550 mae,
322 1499 491 1551 quippe
511 1500 684 1539 scimus
706 1499 880 1540 Christi
899 1500 1054 1551 gratia
1077 1501 1342 1551 complures
1364 1500 1634 1550 recurrisse,
1665 1511 1804 1551 quam

178 1576 430 1622 coeperant
453 1571 571 1610 male
592 1571 718 1610 uiam
748 1582 937 1611 currere
966 1572 1135 1611 multos
1163 1583 1324 1611 annos.
1358 1570 1606 1611 Praeterea
1636 1571 1805 1611 diuites

177 1641 233 1681 ad
256 1641 610 1681 subuentionem
633 1653 889 1693 pauperum
911 1642 1054 1682 multo
1077 1654 1215 1693 quam
1237 1649 1343 1681 ante
1366 1642 1517 1693 magis
1548 1642 1798 1692 animatos,

177 1724 339 1752 omnes
361 1712 558 1764 denique
586 1713 645 1752 ad
677 1712 956 1753 audiendam
985 1711 1157 1753 Christi
1187 1713 1446 1753 doctrinam
1476 1713 1801 1763 inflammatos,

179 1783 312 1823 cuius
332 1784 405 1823 uel
425 1783 536 1823 illud
557 1784 672 1823 satis
703 1789 772 1823 est
807 1790 1149 1834 argumentum,
1187 1784 1309 1835 quod
1339 1795 1445 1823 cum
1465 1790 1535 1823 est
1556 1783 1801 1824 habiturus

175 1854 463 1904 concionem,
488 1866 546 1894 ex
567 1855 691 1894 omni
712 1854 873 1894 ordine
895 1866 1142 1895 numerosa
1165 1855 1301 1895 turba
1324 1855 1586 1905 conueniat,
1613 1855 1729 1894 adeo
1753 1860 1802 1894 ut

176 1925 411 1976 templum,
435 1925 796 1976 capacissimum
816 1925 902 1965 etsi
923 1925 995 1975 sit,
1026 1937 1131 1965 cum
1159 1926 1396 1965 auditores
1425 1937 1517 1965 non
1546 1926 1714 1976 capiat,
1740 1925 1804 1965 fo-

177 1995 240 2036 ris
262 2002 459 2047 cogatur
480 2007 503 2035 e
525 2002 749 2047 suggesto
781 1996 1067 2043 concionari3
1094 1996 1157 2036 ita
1184 1998 1355 2048 templa
1378 2002 1421 2036 et
1452 2008 1570 2047 quae
1592 2002 1699 2036 sunt
1720 2008 1804 2047 pro

177 2067 361 2118 templis
387 2067 568 2118 plateae
599 2067 887 2107 auditoribus
918 2072 1024 2107 sunt
1050 2067 1236 2108 referta.
1271 2067 1392 2118 Quin
1420 2075 1464 2107 et
1486 2067 1711 2118 proximis
1734 2067 1805 2107 his

177 2137 338 2177 diebus
359 2149 383 2176 e
411 2137 547 2178 tectis
583 2138 696 2189 ipsis
725 2138 926 2178 uidimus
960 2139 1225 2189 complures
1259 2137 1516 2178 audientes.
1551 2137 1738 2178 Publice
1760 2138 1805 2177 in

183 2208 283 2248 foro
301 2208 607 2249 concionatus
628 2214 697 2248 est
719 2215 763 2249 et
783 2220 889 2249 cum
916 2221 999 2260 pro
1028 2209 1155 2260 Rege
1183 2215 1342 2249 nostro
1373 2208 1584 2260 Philippo
1612 2208 1806 2248 sublatis

178 2279 375 2330 uexillis,
393 2278 490 2319 Rex
508 2279 773 2320 declaratus
790 2286 873 2320 est.
888 2280 1109 2321 Caeteros
1128 2279 1290 2320 Patres
1308 2280 1437 2320 audit
1453 2280 1592 2320 etiam
1609 2281 1806 2331 populus

179 2350 496 2400 libentissime,
521 2362 578 2390 ex
599 2362 797 2402 quorum
819 2351 1120 2391 concionibus
1149 2351 1292 2391 multa
1320 2362 1501 2402 quoque
1530 2350 1575 2390 in
1603 2351 1690 2390 Dei
1710 2352 1805 2401 glo-

180 2420 298 2460 riam
319 2421 517 2460 cessisse
546 2428 987 2462 commemorantur.
1011 2421 1211 2461 Tantam
1233 2421 1288 2461 de
1309 2420 1542 2461 Societate
1570 2422 1804 2461 existima-

180 2490 354 2531 tionem
375 2498 690 2543 conceperunt
712 2503 887 2542 omnes,
909 2493 981 2532 cui
1002 2493 1179 2532 utinam
1201 2491 1583 2543 respondeamus,
1603 2499 1804 2543 praeste-

180 2573 372 2613 musque
392 2574 478 2602 nos
499 2574 608 2603 uere
629 2562 801 2604 Christi
821 2563 1073 2604 ministros.

256 2632 361 2685 Jam
382 2633 493 2673 illud
514 2645 606 2673 non
628 2640 696 2674 est
723 2634 988 2685 tacendum,
1013 2633 1134 2686 quod
1158 2645 1261 2674 cum
1284 2634 1329 2684 ii,
1365 2634 1441 2685 qui
1463 2646 1624 2674 earum
1646 2646 1805 2674 curam

177 2709 359 2754 gerunt,
384 2715 501 2756 quae
523 2705 570 2744 in
590 2705 755 2744 melius
776 2712 956 2745 mutare
978 2706 1124 2745 uitam
1145 2712 1326 2755 parant,
1352 2705 1578 2745 hactenus
1599 2717 1778 2756 conque
1794 2729 1803 2734 -

177 2780 403 2825 rerentur,
441 2781 520 2815 aut
555 2775 705 2815 nullas
741 2781 820 2815 aut
848 2788 927 2816 eas
962 2787 1099 2827 quam
1136 2775 1444 2826 paucissimas
1472 2776 1589 2815 uelle
1620 2782 1804 2827 turpem

179 2844 365 2885 uiuendi
393 2844 705 2885 conditionem
740 2846 968 2895 deserere,
1007 2846 1143 2886 modo
1180 2846 1393 2885 certatim
1427 2846 1583 2886 dicant
1614 2858 1805 2886 concur-

182 2927 299 2964 rere,
324 2915 492 2956 auditis
514 2916 831 2967 concionibus,
857 2917 1283 2968 collachrymantes
1306 2929 1457 2965 orare,
1483 2917 1731 2957 obsecrare
1758 2925 1805 2956 ut

181 2986 481 3036 recipiantur,
501 2998 649 3037 neque
666 2988 757 3027 ullo
777 2988 936 3028 labore
958 2987 1182 3029 deterreri
1204 2993 1251 3028 ut
1276 2988 1331 3027 ab
1356 2988 1538 3038 incepto
1562 2987 1800 3027 desistantv

182 3056 310 3102 Haec
340 3056 581 3097 hactenus.
