2020 3342
917 282 999 318 AN.
1031 282 1121 319 1550
1758 283 1826 319 247

207 377 406 418 nionem.
431 376 481 417 In
502 376 858 417 admirationem
880 377 1173 419 adducuntur
1194 379 1271 431 qui
1292 379 1419 419 illum
1447 385 1553 419 ante
1580 386 1822 429 nouerant,

206 454 301 488 tam
323 448 457 488 facile
479 448 814 500 contempsisse
835 454 990 489 tantos
1011 450 1227 498 honores,
1253 450 1517 501 uoluptates
1540 462 1594 490 ac
1622 450 1822 501 diuitias,

206 519 372 570 quibus
392 518 567 570 perfrui
588 524 784 570 poterat,
805 519 843 559 si
860 520 1106 560 uoluisset:
1127 520 1412 560 offerebatur
1428 521 1547 560 enim
1566 521 1658 560 iam
1676 521 1717 561 ei
1732 532 1825 561 non

207 590 379 640 exigua
411 590 691 629 ducatorum
719 601 921 640 szmmza,
952 573 990 630 si
1022 591 1341 631 curationibus
1371 592 1717 641 aegrotantium
1748 603 1824 631 ua-

207 672 314 701 care
336 660 581 700 noluisset.

287 732 652 782 Percurril'am,
674 732 749 772 vel
763 733 928 783 potins
952 739 1070 784 pene
1093 734 1338 785 praeteris,
1367 734 1475 773 Rste
1506 734 1674 780 Pater,
1709 746 1825 785 quae

194 804 394 853 fueram
409 803 567 854 primo
590 803 688 843 loco
705 803 969 854 polll'cz'fus:
990 816 1135 844 {cnam
1156 804 1205 844 ia'
1222 804 1454 855 reliquum
1472 805 1736 853 videbatur,
1753 809 1824 851 ut,

204 881 429 926 quantum
450 875 481 915 ii
502 887 586 914 suo
608 876 822 926 exemplo
846 877 1184 916 commouerint
1207 876 1339 926 aliOS,
1363 877 1707 927 subiungerem.
1732 876 1823 916 Sed

205 946 426 996 (molliam
448 946 513 993 sd,
535 946 665 985 nullo
688 947 893 989 docente.
909 947 1087 998 poterit
1109 947 1304 998 intelligi
1325 959 1383 987 ex
1404 948 1460 987 iis
1488 959 1606 999 quae
1635 948 1745 997 dixi,
1775 947 1823 986 t'a'

204 1028 383 1068 qnoque
397 1018 664 1068 praeteribo
686 1017 872 1057 silentio
887 1030 901 1057 .·
923 1018 1003 1058 sed
1024 1018 1135 1081 ille
1151 1019 1253 1058 loco
1271 1019 1406 1058 huius
1429 1019 1666 1058 adiiciam:
1686 1030 1821 1058 uoca‘

203 1089 353 1129 tiones
373 1088 540 1129 horum
561 1089 756 1129 fratrum
781 1089 896 1129 adeo
917 1089 1129 1129 efficaces
1155 1090 1382 1138 extitisse,
1405 1096 1453 1129 ut
1483 1091 1614 1130 multi
1642 1101 1818 1141 eorum,

202 1160 476 1200 inconsultis
496 1160 720 1211 patribus,
744 1160 835 1200 imo
858 1166 1107 1212 antequam
1129 1166 1254 1200 certo
1282 1161 1454 1201 scirent
1476 1173 1524 1201 se
1546 1161 1590 1200 in
1619 1160 1822 1201 Societa-

204 1237 294 1271 tem
318 1237 526 1271 nostram
551 1230 857 1283 recipiendos,
882 1231 973 1271 iam
996 1231 1232 1271 uouissent
1251 1238 1522 1283 perpetuam
1540 1232 1818 1282 castitatem,

203 1308 525 1353 paupertatem
549 1313 603 1342 ac
626 1301 935 1342 obedientiam
957 1314 1006 1342 se
1028 1302 1074 1342 in
1095 1302 1341 1353 Societate,
1367 1303 1571 1354 quandiu
1594 1303 1819 1354 uiuerent,

202 1373 548 1413 obseruaturos.
575 1372 801 1424 Quodque
832 1385 916 1413 nos
946 1384 1087 1424 supra
1118 1385 1256 1424 quam
1284 1374 1375 1414 dici
1396 1374 1541 1425 possit
1573 1374 1819 1424 exhilarat,

202 1443 312 1484 illud
334 1450 417 1493 est,
441 1450 620 1484 tantam
641 1444 687 1483 in
708 1456 791 1484 sua
813 1444 1058 1484 uocationc
1069 1444 1420 1495 firmitudinem
1443 1455 1496 1484 ac
1513 1450 1821 1496 perseueran-

202 1514 317 1554 tiam
339 1514 555 1564 retinere,
580 1520 802 1566 tantaque
824 1526 930 1554 cum
960 1515 1199 1566 diligentia
1232 1515 1289 1554 ad
1321 1515 1653 1567 perfectionem
1682 1517 1820 1556 anhe-

201 1586 313 1635 lare,
337 1591 384 1625 ut
408 1597 499 1624 non
521 1585 675 1625 solmn
698 1586 752 1624 dc
771 1597 821 1625 se
841 1586 1161 1636 persuadeant
1192 1586 1330 1626 ciffus
1360 1599 1387 1626 a
1418 1590 1568 1627 morte
1598 1592 1821 1638 occupan-

200 1657 287 1696 dos
307 1667 447 1708 quam
469 1668 496 1696 a
518 1657 631 1696 bono
654 1660 811 1708 coepz‘o
834 1657 1085 1702 dessslant,
1108 1669 1273 1697 nerum
1295 1661 1337 1697 et
1359 1658 1480 1698 tales
1500 1670 1549 1697 se
1564 1659 1822 1709 praebeant

200 1727 244 1767 in
268 1727 543 1777 obedientia,
568 1727 923 1767 mortificatione
945 1734 988 1767 et
1010 1728 1175 1779 quouis
1204 1718 1400 1768 aliarum
1431 1729 1654 1769 uirtutum
1683 1740 1820 1780 gene-

202 1810 267 1849 re,
290 1806 340 1838 ut
361 1799 572 1850 exemplo
594 1798 832 1850 quibusuis
855 1799 956 1838 aliis
979 1811 1079 1838 esse
1101 1800 1292 1850 possint.
1313 1799 1485 1840 Omnes
1502 1801 1699 1852 profecti
1716 1806 1822 1840 sunt

202 1869 313 1910 hinc
343 1868 636 1919 Simanchas,
667 1867 744 1909 uhi
773 1871 941 1909 domus
972 1870 1261 1921 probationis
1295 1874 1381 1921 est,
1416 1871 1562 1911 tribus
1596 1872 1819 1923 exceptis,

201 1952 398 1993 quorum
421 1941 511 1981 duo
533 1941 662 1981 missi
683 1948 789 1981 sunt
811 1940 1110 1992 Plazentiam,
1135 1942 1300 1982 tertius
1321 1954 1431 1982 uero
1459 1942 1818 1984 Barchinonam.

280 2010 396 2053 Sunt
418 2012 511 2063 alii,
537 2012 614 2064 qui
635 2013 788 2052 locum
809 2012 927 2052 inter
950 2019 1138 2052 nostros
1160 2013 1262 2053 dari
1282 2014 1532 2064 postulent,
1561 2026 1653 2054 non
1680 2014 1822 2055 mino-

201 2083 330 2123 ribus
351 2083 638 2124 ornamentis
660 2083 857 2134 praediti
879 2095 1018 2135 quam
1039 2083 1084 2134 ii,
1109 2084 1164 2124 de
1185 2084 1350 2135 quibus
1381 2085 1569 2136 scripsi;
1599 2097 1704 2125 cum
1734 2086 1822 2137 pri-

198 2166 324 2194 mum
344 2154 519 2194 factum
540 2153 677 2194 fuerit
698 2155 1077 2205 perseuerantiae
1099 2166 1260 2195 eorum
1287 2155 1574 2207 aliorumque
1596 2156 1822 2197 donorum

197 2226 470 2277 periculum,
494 2226 723 2277 eligentur
746 2225 790 2275 ii,
816 2226 894 2277 qui
915 2231 1076 2265 nostro
1099 2226 1309 2266 instituto
1331 2227 1671 2268 commodiores
1699 2227 1824 2268 vide-

199 2296 385 2336 buntur.

287 2368 508 2417 Tandem,
530 2368 699 2417 Pater,
723 2371 773 2407 nt
794 2368 856 2407 ad
877 2371 1070 2407 nostros
1085 2369 1244 2418 (finem
1256 2369 1489 2419 facturas
1504 2369 1650 2421 illico)
1667 2382 1816 2410 rever·

202 2442 298 2489 tar,
320 2444 508 2490 praeter
529 2438 861 2489 confessiones,
892 2451 1008 2490 quas
1038 2440 1163 2480 domi
1189 2439 1352 2480 Patres
1380 2442 1529 2481 nostri
1558 2441 1824 2493 frequenter

202 2509 411 2560 audiunt,
436 2508 766 2560 complurimos
789 2515 1088 2560 aegrotantes
1110 2523 1164 2550 ac
1192 2511 1474 2551 xenodochii
1500 2523 1732 2563 pauperes
1759 2513 1823 2552 in-

203 2580 375 2630 uisunt,
399 2587 443 2620 et
465 2579 738 2620 confitentes
760 2581 968 2631 audiunt,
993 2582 1132 2621 morti
1152 2581 1318 2622 uicinis
1348 2589 1535 2633 praesto
1567 2590 1687 2633 sunt,
1720 2583 1822 2623 illos

204 2661 288 2692 sua
311 2662 468 2702 opera,
493 2662 547 2691 eo
568 2656 777 2702 tempore
799 2652 1082 2702 necessaria,
1107 2652 1322 2693 adiuturi.

280 2721 329 2761 In
353 2721 589 2762 exercitiis
611 2733 722 2762 uero
745 2722 1027 2768 domesticis,
1053 2729 1145 2763 tam
1167 2723 1385 2764 liter-ariis
1407 2736 1545 2776 quam
1573 2725 1821 2776 spirituali-

196 2792 297 2843 bus,
327 2793 540 2833 eumdem
562 2804 805 2833 seruamus
832 2794 1054 2844 ordinem,
1087 2794 1297 2834 eamdem
1327 2795 1600 2836 adhibemus
1631 2796 1820 2847 diligen-

197 2863 335 2915 tiam3
359 2874 625 2915 omnesque,
649 2863 749 2904 Deo
771 2864 935 2915 gloria,
962 2867 1185 2914 valemus,
1211 2867 1373 2917 paucis
1402 2867 1624 2918 exceptis,
1649 2868 1695 2907 in
1726 2867 1820 2918 qui-

197 2933 284 2974 bus
305 2935 457 2975 adhuc
480 2935 748 2975 morborum
770 2936 999 2987 quaedam
1021 2937 1219 2987 uestigia
1244 2937 1670 2988 deprehenduntur.

279 3005 412 3044 Nihil
434 3005 567 3045 aliud
586 3017 687 3045 sese
715 3006 833 3045 milti
856 3007 1025 3056 offert,
1053 3008 1176 3057 quod
1204 3007 1337 3047 ΚΑΜ·
1369 3008 1666 3048 Ραίσνηίῑαῖί
1698 3009 1820 3048 Tuae

195 3076 379 3127 possim
400 3077 616 3125 scl'l'be'l‘e‘,
634 3081 970 3128 praeterquam
992 3079 1116 3129 qaod
1137 3079 1314 3119 Pafres
1335 3090 1389 3119 ac.
1402 3080 1588 3128 fratres
1605 3079 1822 3119 vm'nersz'
