2020 3342
240 253 310 291 236
526 266 542 283 ·
749 255 976 293 LITTERAE
1002 267 1360 299 QUADRIMESTRES

318 349 449 390 Nunc
472 350 629 390 audiat
651 351 914 392 Paternitas
935 352 1034 392 Tua
1057 353 1180 403 quod
1202 353 1247 392 in
1270 352 1469 392 Domino
1489 353 1622 393 ualde
1640 365 1725 393 nos
1743 354 1862 394 oble-

239 427 366 461 ctare
401 422 549 462 debet:
586 422 814 463 hactenus
851 436 875 462 a
904 423 1016 463 ΗΜΘ
1046 423 1277 475 Episcopo
1310 422 1587 464 cordubensi
1622 423 1760 475 (quod
1796 425 1861 464 sic

238 492 356 532 forte
378 493 595 544 expedire
617 494 817 544 putaret>
840 505 930 533 non
958 500 1224 544 poteramus
1251 494 1500 545 impetrare
1527 500 1576 534 ut
1604 506 1710 534 cum
1737 494 1858 534 bona

238 574 322 602 sua
345 564 497 613 gratia
522 564 888 603 sacratissimum
913 563 1087 604 Christi
1109 576 1278 616 corpus
1296 565 1342 604 in
1359 565 1529 604 sacello
1548 570 1708 604 nostro
1727 576 1858 616 repo—

238 641 439 674 neretur.
466 635 751 674 Intellectum
787 642 854 674 est
885 646 1067 686 semper
1103 635 1338 686 (quoniam
1373 635 1417 675 id
1452 635 1612 675 sedulo
1643 636 1860 687 precibus

237 704 353 744 adeo
391 705 803 755 contendebamus)
838 711 1123 745 mutaturum
1150 706 1428 746 sententiam
1454 706 1752 758 futurumque
1781 706 1857 746 ali⁴

237 775 422 826 quando
446 776 746 816 exorabilem.
767 776 869 816 Non
891 788 1050 816 sumus
1072 783 1229 816 nostra
1249 789 1329 828 spe
1351 777 1396 816 in
1419 776 1603 817 Christo
1624 776 1856 827 frustrati;

236 858 289 886 ea
312 847 434 886 enim
471 853 539 886 est
579 848 670 886 iam
712 859 815 887 cum
855 846 1086 887 Societate
1127 848 1332 887 amicitia
1367 848 1655 897 coniunctus,
1698 854 1746 888 ut
1768 860 1860 888 non

236 919 386 957 solum
423 929 561 968 quam
603 918 875 968 petebamus
908 918 1179 958 facultatem
1215 918 1514 959 libentissime
1557 919 1857 967 concesserit,

237 1000 399 1028 verum
422 995 464 1028 et
486 1001 534 1028 se
557 1000 780 1040 suamque
802 1001 993 1040 operam
1024 990 1142 1029 Vltro
1165 996 1302 1041 atque
1332 996 1496 1041 sponte
1527 990 1756 1030 obtulerit.
1781 989 1858 1031 Se-

233 1060 433 1099 cundum
458 1059 622 1109 Deum,
648 1060 793 1100 ualuit
815 1061 1008 1100 multum
1030 1061 1152 1112 apud
1174 1073 1279 1101 eum
1301 1061 1562 1101 authoritas
1580 1061 1859 1101 nobilissimi

233 1131 378 1170 nostri
399 1131 592 1182 Joannis
609 1143 633 1170 a
653 1130 884 1180 Corduba,
905 1130 960 1170 de
977 1144 1066 1183 quo
1089 1131 1199 1183 quid
1219 1131 1419 1172 referam
1437 1131 1710 1172 paternitati
1733 1133 1859 1173 tuae?

233 1201 327 1241 Vix
361 1213 470 1252 prae
505 1202 678 1252 gaudio
707 1208 856 1252 potest
888 1203 1164 1253 consistere,
1195 1203 1423 1254 uelletque
1460 1203 1701 1243 nobiscum
1731 1209 1856 1244 totos

233 1273 330 1312 dies
350 1284 403 1312 ac
426 1279 587 1312 noctes
609 1284 850 1324 peragere,
875 1273 920 1312 in
943 1273 1079 1325 idque
1103 1281 1225 1314 totus
1251 1274 1419 1323 studet,
1443 1279 1493 1313 vt
1522 1280 1746 1325 perpetuo
1777 1272 1858 1314 So-

234 1343 521 1396 cietatiJesu
544 1343 768 1383 inseruire
804 1345 972 1384 ualeat.
1008 1344 1224 1385 Aeternis
1259 1344 1527 1384 muneribus
1563 1344 1732 1385 afficiat
1755 1356 1859 1385 eum

237 1414 466 1454 Dominus
488 1426 571 1465 pro
594 1415 736 1454 tantis
758 1415 802 1454 in
824 1426 909 1454 nos
932 1416 1116 1466 pictatis
1139 1415 1313 1455 officiis.

309 1485 559 1525 Exciderat
590 1485 711 1536 quod
743 1497 833 1525 non
868 1492 937 1526 est
972 1487 1155 1526 silentio
1191 1487 1598 1537 praetereundum.
1637 1487 1855 1527 Proxime

234 1557 393 1606 elapso
434 1555 806 1596 Resurrectionis
846 1558 1069 1608 paschate
1106 1557 1228 1597 dono
1264 1558 1550 1609 amplissimo
1586 1569 1670 1597 nos
1706 1557 1858 1598 affecit

233 1626 351 1666 Rdus
382 1627 664 1678 Episcopus,
692 1634 741 1667 vt
770 1629 843 1667 uel
875 1640 1064 1668 munere
1102 1629 1307 1668 animum
1343 1640 1456 1679 erga
1487 1641 1572 1668 nos
1608 1634 1858 1668 testaretur

231 1709 382 1738 suum.
423 1697 523 1737 Sint
552 1697 791 1738 Seruatori
825 1706 984 1739 nostio
1013 1700 1194 1749 gratiae
1223 1700 1533 1749 immortales,
1567 1700 1644 1751 qui
1673 1705 1739 1739 tot
1764 1711 1858 1739 mo-

230 1768 300 1808 dis
321 1780 405 1808 nos
427 1769 512 1808 sibi
542 1769 785 1809 deuinctos
820 1770 1013 1810 reddere
1043 1771 1182 1821 cupit,
1223 1776 1273 1810 vt
1304 1771 1344 1810 ei
1376 1771 1456 1811 uni
1490 1782 1576 1810 nos
1603 1777 1856 1823 nostraque

230 1839 381 1879 studia
419 1840 687 1890 credamus,
726 1841 803 1892 qui
836 1842 961 1881 solus
998 1841 1214 1892 dirigere,
1254 1841 1461 1881 stabilire
1494 1847 1538 1881 et
1574 1853 1856 1882 conseruare

239 1916 404 1961 potest.

320 1981 582 2031 Cordubae,
605 1982 751 2033 pridie
773 1982 970 2022 Kalend.
994 1983 1144 2023 Maias
1165 1995 1288 2023 anno
1313 1984 1426 2024 1556.

311 2053 382 2092 Ex
408 2054 736 2093 commissione
758 2054 807 2094 P.
832 2054 1013 2094 Zarate.

393 2124 750 2175 indignissimus
771 2125 892 2165 filius
913 2125 961 2165 Ρ.
987 2134 1092 2166 tuae
1116 2127 1162 2166 in
1184 2126 1398 2176 Domino,

1399 2271 1425 2315 †
1455 2268 1695 2309 ACEUEDO.

1263 2500 1290 2545 †

316 2550 666 2601 Sztperscrz'ptl'o
701 2551 750 2589 in
785 2555 957 2601 quarta
991 2551 1197 2601 pagina:
1234 2550 1346 2591 IHS.
1386 2552 1650 2592 Admodum
1677 2552 1779 2593 R.d0
1808 2553 1853 2592 in

234 2621 420 2661 Christo
444 2620 582 2668 Patri,
606 2621 655 2661 P.
675 2621 793 2661 ΜΨ
814 2621 871 2660 D.
895 2621 1075 2672 Ignatio
1094 2634 1119 2662 a
1136 2622 1330 2673 Loyola,
1355 2622 1626 2674 Praeposito
1644 2623 1853 2674 generali

237 2691 486 2732 Societatis
506 2692 629 2744 JesU,
656 2692 845 2731 Rornae.

312 2762 422 2802 Alia
447 2774 608 2801 marm·
633 2763 746 2802 1556.
767 2763 996 2804 Corduba.
1023 2763 1397 2815 Quadrimestres
1418 2764 1470 2805 30
1491 2766 1664 2817 aprilis.
1687 2767 1714 2813 †

323 2832 585 2883 Vestigium
607 2844 737 2872 cerae
757 2833 927 2883 sigilli.
