2020 3342
839 261 922 299 AN.
953 262 1042 299 1556
1678 264 1747 301 517

206 355 558 407 Superscriptio
575 357 624 396 in
645 361 818 408 quarta
834 357 1040 409 pagina:
1060 359 1086 405 -ῐ-
1102 356 1368 398 Admodum
1387 357 1678 398 obseruande
1702 360 1742 398 in

128 424 315 466 Christo
345 426 436 467 Pri.
464 426 641 479 Jacobo
663 427 867 479 Laynez,
890 428 1084 469 vicario
1111 427 1319 479 generali
1348 426 1593 468 Societatis
1620 429 1744 481 Jesu,

129 494 318 537 Romae.

209 566 320 607 Alia
349 579 516 608 manu:
547 569 696 621 JesuS.
739 568 853 609 1556.
899 568 1130 609 Messana.
1175 568 1551 620 Quadrimestres
1585 569 1637 610 24
1673 569 1748 611 Se-

129 637 366 688 ptembris.

218 706 480 760 Vestigium
497 720 628 750 cerae
643 709 814 760 sigilli.

809 1135 1059 1190 DXLVI

199 1369 416 1407 Antonius
436 1370 701 1415 Tranmsus,

244 1433 311 1471 Ex
328 1435 651 1472 commissione
670 1436 716 1472 P.
729 1435 899 1474 'Leonis
921 1436 1149 1484 Enrique2‚

293 1500 408 1537 Patri
426 1500 595 1548 Ignatio
615 1500 667 1538 de
686 1500 868 1548 Loyola.

331 1565 489 1611 Ebora,
511 1565 557 1602 29
575 1565 847 1613 Septembris
870 1567 961 1604 1556
979 1566 1004 1603 ¹.

914 1715 944 1761 ,Γ

854 1763 1004 1817 Jesus.

200 1917 403 1959 Colende
425 1919 471 1959 in
493 1918 680 1959 Christo
701 1917 853 1959 Pater.

198 1988 296 2029 Pax
319 1988 506 2030 Christi.

198 2058 466 2111 Scripturus
487 2059 544 2100 ad
568 2066 627 2110 te,
652 2060 918 2100 uenerande
947 2060 991 2100 in
1023 2060 1209 2101 Christo
1239 2061 1390 2110 Pater,
1421 2061 1476 2101 de
1505 2061 1560 2101 iis
1589 2062 1741 2109 rebus,

123 2141 241 2182 quae
275 2137 474 2182 quatuor
513 2131 639 2171 hisce
678 2130 996 2182 superioribus
1030 2131 1266 2171 mensibus
1307 2133 1429 2183 apud
1463 2143 1548 2172 nos
1581 2138 1743 2183 gestae

117 2208 238 2252 sunt,
275 2202 503 2253 principio
538 2208 582 2242 te
613 2201 1062 2242 certiorem'faciam
1088 2202 1143 2242 de
1174 2203 1346 2243 nostris
1377 2203 1524 2254 deque
1557 2203 1742 2244 illorum

120 2274 283 2313 salute.

195 2343 357 2384 Patres
380 2343 520 2394 igitur
540 2343 802 2394 fratresque
825 2354 999 2392 omnes,
1033 2342 1119 2383 Dei
1143 2343 1249 2395 Opt.
1280 2343 1404 2384 Max.
1428 2344 1635 2385 bonitate
1667 2345 1742 2386 ad·

119 2415 215 2464 iuti,
239 2425 343 2454 curn
366 2415 411 2454 in
442 2413 728 2466 quotidianis
756 2414 1171 2454 exercitationibus
1201 2415 1432 2455 maximos
1464 2427 1743 2467 progressus

118 2486 305 2531 faciunt.
331 2492 426 2526 tum
458 2485 597 2526 etiam
629 2485 674 2525 in
704 2486 876 2525 uirtute
908 2485 1007 2536 ipsa
1037 2497 1091 2525 ac
1120 2497 1299 2526 morum
1332 2487 1563 2537 probitate
1591 2487 1742 2538 magis

117 2557 358 2607 magisque
380 2555 639 2607 proficiunt,
664 2556 710 2596 in
731 2567 877 2607 eoque
900 2567 947 2595 se
980 2556 1229 2607 praecipue
1253 2568 1413 2597 omnes
1435 2565 1669 2607 exercent,
1695 2566 1741 2598 ut

117 2629 435 2679 unusquisque
453 2627 700 2677 diligenter
718 2632 761 2665 et
778 2625 981 2677 perfecte
998 2627 1186 2677 regulas
1202 2627 1433 2668 obseruet:
1449 2640 1567 2679 quae
1584 2629 1738 2677 etiam,

115 2705 163 2738 ut
183 2699 393 2738 tenacius
416 2697 620 2738 omnium
642 2697 809 2737 animis
839 2697 1140 2746 adhaereant,
1164 2697 1284 2737 affici
1314 2699 1462 2738 solent
1490 2699 1740 2750 aliquando

116 2769 290 2820 poenis,
313 2769 352 2809 si
372 2769 488 2809 forte
511 2768 739 2818 contingit
769 2775 818 2808 ut
850 2768 1053 2819 aliquam
1079 2768 1232 2808 minus
1260 2769 1508 2820 diligenter
1535 2777 1737 2810 seruent:

116 2852 234 2892 quae
250 2839 434 2891 quidem
452 2851 568 2891 pene
585 2839 739 2879 omnia
759 2839 904 2879 alacri
921 2845 964 2878 et
981 2838 1117 2878 hilari
1134 2840 1263 2879 uultu
1281 2840 1592 2891 excipiuntur,
1611 2840 1675 2880 ita
1690 2847 1739 2881 ut

167 2974 177 2994 ¹
217 2974 465 3009 Autographae
481 2974 606 3008 duplici
622 2974 711 3007 folio,
728 2974 835 3008 primo
848 2981 876 3000 n.
890 2974 952 3005 577,
969 2975 1079 3001 altero
1095 2981 1159 3001 non
1175 2975 1494 3002 numerata-Vere
1506 2983 1570 3003 non
1583 2982 1658 3003 sunt
1676 2975 1738 3003 nisi

116 3021 265 3056 ejusdem
286 3021 449 3049 Trancosi
473 3022 621 3052 litterae.
638 3028 721 3055 quas
739 3028 851 3055 supra.
864 3029 893 3048 n.
910 3028 1040 3053 mxxxix
1055 3028 1132 3056 pag.
1147 3020 1209 3054 1147,
1226 3022 1387 3054 dedimus,
1403 3022 1575 3053 latinitate
1593 3023 1737 3050 donatae

115 3073 149 3096 et
165 3069 314 3096 nonnihil
330 3069 546 3097 decurtatae.
