2020 3342
297 234 368 275 514
806 236 1032 273 LITTERAE
1052 233 1415 279 'QUADRIMESTRES

296 333 440 373 variis
462 333 507 372 in
526 332 819 373 monasteriis
842 332 1003 371 haberi
1032 332 1195 372 solent.
1228 332 1412 384 Reliqui
1440 344 1568 384 uero,
1597 338 1783 384 praeter
1812 335 1931 374 assi-

297 404 436 443 duum
458 404 708 443 lectionum
730 402 947 452 studium,
971 413 1088 453 quas
1106 402 1151 442 in
1168 402 1340 442 scholis
1356 403 1477 443 intra
1498 402 1838 444 hebdomadam
1854 404 1925 445 in-

297 480 612 525 terpretantur
647 474 719 513 uel
754 473 961 523 audiunt,
994 473 1157 513 diebus
1190 473 1347 513 itidem
1377 473 1621 514 dominicis
1653 481 1696 514 et
1722 474 1854 515 festis
1874 475 1921 515 in

296 545 391 585 suis
422 544 592 595 singuli
627 543 857 595 paroeciis
892 544 1024 595 (quae
1059 555 1252 584 numero
1288 551 1394 584 sunt
1428 544 1604 595 decem)
1631 545 1677 585 in
1711 545 1925 586 doctrina

295 616 550 655 christiana
586 615 745 666 pueris
778 613 1058 654 inculcanda
1091 614 1308 664 gnauiter
1339 622 1631 655 exercentur.
1663 615 1765 667 Qua
1800 616 1847 656 in
1873 628 1924 656 re

294 697 428 726 suum
458 696 571 736 erga
601 697 687 725 nos
724 685 930 725 animum
964 684 1079 724 satis
1112 685 1390 725 beneuolum
1425 685 1608 726 videtur
1639 685 1920 738 declarasse,

293 757 371 808 qui
393 757 438 796 in
460 757 548 796 hac
571 756 683 796 urbe
705 763 773 796 est
795 755 1057 796 Cardinalis
1081 754 1107 803 ¹,
1132 755 1215 796 tibi
1237 756 1379 807 prius,
1413 756 1568 807 credo,
1598 763 1747 808 notus,
1784 768 1923 809 quam

291 828 438 867 nobis.
471 826 586 867 Cum
621 827 743 866 enim
778 826 993 877 proxima
1029 832 1208 866 aestate
1239 825 1436 867 docendi
1470 839 1641 878 pueros
1676 839 1838 868 curam
1864 828 1922 869 ad

291 910 400 938 suos
421 899 681 950 paroechos
703 897 1034 946 transtulisset,
1059 909 1150 949 quo
1172 898 1463 949 experiretur
1495 899 1559 948 (ut
1577 898 1675 950 ipse
1703 899 1919 950 dicebat),

289 975 539 1020 possentne
561 969 626 1008 illi
648 969 746 1008 sine
767 974 929 1008 nostro
953 974 1082 1007 tanto
1104 968 1263 1008 labore
1296 968 1386 1008 hoc
1407 968 1558 1020 ipsum
1586 976 1842 1021 praestare,
1865 981 1921 1010 ac

288 1039 476 1080 tandem
498 1040 801 1091 comperisset
823 1039 869 1079 in
894 1039 1106 1078 omnibus
1127 1038 1223 1078 fere
1254 1039 1485 1090 paroeciis
1521 1040 1730 1091 spiritale
1764 1040 1920 1081 aedifi-

287 1112 422 1162 cium,
461 1111 584 1162 quod
618 1117 748 1150 tanto
783 1110 935 1150 fuerat
974 1109 1143 1150 sudore
1178 1116 1365 1162 tamque
1394 1111 1611 1151 secundis
1648 1111 1790 1151 initiis
1823 1123 1917 1152 ere-

286 1189 439 1233 ctum,
483 1193 675 1233 prorsus
714 1181 1002 1231 concidisse,
1046 1181 1269 1221 accersiri
1312 1181 1447 1221 iussit
1482 1181 1536 1221 R.
1586 1181 1634 1222 P.
1677 1181 1916 1234 Praeposi-

286 1260 398 1304 tum,
428 1253 485 1292 ab
522 1264 683 1304 eoque,
708 1259 756 1292 ut
787 1251 1035 1293 Societatis
1056 1263 1199 1302 opera
1228 1252 1316 1292 hac
1350 1252 1396 1292 in
1424 1264 1473 1292 re
1502 1252 1589 1292 sibi
1606 1252 1774 1293 iterum
1791 1264 1916 1294 com-

283 1324 565 1374 modaretur,
602 1323 803 1374 rogauit.
838 1322 1056 1362 Proximo
1075 1333 1188 1373 ergo
1217 1334 1375 1363 mense
1393 1323 1559 1363 eodem
1580 1323 1755 1372 ordine,
1779 1335 1915 1375 quem

282 1396 384 1435 aliis
423 1395 568 1435 literis
606 1394 753 1434 fusius
794 1393 1212 1445 praescripsimus,
1256 1394 1302 1433 in
1341 1394 1429 1445 piis
1479 1393 1651 1435 Christi
1690 1395 1915 1446 dogmati-

281 1466 365 1506 bus
385 1478 476 1505 non
498 1464 720 1505 mediocri
742 1476 845 1504 cum
863 1470 1091 1516 prouentu
1110 1464 1174 1514 (ut
1205 1465 1299 1504 iam
1329 1466 1539 1516 apparet)
1563 1465 1755 1505 institui
1784 1466 1916 1517 pueri

281 1545 548 1588 coeperunt.
573 1536 702 1587 Quae
729 1537 792 1575 ita
812 1542 1037 1586 geruntur
1065 1536 1234 1585 omnia,
1265 1542 1313 1575 ut
1335 1547 1427 1575 non
1455 1537 1653 1587 exiguus
1679 1536 1785 1577 hinc
1815 1536 1909 1577 fru-

279 1615 380 1648 ctus
402 1609 460 1647 ad
483 1619 643 1647 omnes
664 1607 922 1658 perueniat,
942 1618 1089 1657 neque
1110 1607 1202 1646 ulla
1220 1613 1288 1646 est
1311 1614 1456 1657 aetas,
1484 1618 1608 1658 quae
1636 1619 1726 1647 non
1748 1607 1804 1647 iis
1821 1619 1912 1649 ma-

277 1681 401 1719 xime
430 1679 488 1718 ad
523 1679 708 1728 pietatis
740 1677 1070 1728 religionisque
1106 1676 1309 1717 studium
1346 1677 1612 1728 adiuuetur;
1651 1689 1769 1730 quae
1789 1679 1911 1719 enim

279 1750 537 1801 promptior
571 1749 922 1800 expeditiorque
957 1748 1240 1799 perducendi
1275 1747 1334 1787 ad
1368 1747 1612 1788 Christum
1636 1760 1808 1800 pueros
1834 1749 1909 1790 uia

278 1833 379 1861 esse
400 1827 566 1872 potest,
588 1832 727 1871 quam
748 1819 785 1859 si
805 1819 914 1859 dum
935 1826 1095 1859 tenera
1113 1817 1124 1836 '³
1147 1824 1313 1868 aetate,
1333 1820 1469 1859 simul
1501 1831 1608 1860 cum
1633 1821 1753 1860 lacte
1768 1821 1906 1861 nutri-

284 1893 363 1941 cis,
398 1892 523 1942 piam
558 1892 819 1931 doctrinam
853 1891 1129 1941 doctamque
1171 1890 1391 1940 pietatem
1426 1890 1671 1930 imbibant?
1705 1891 1908 1932 infantes

279 1975 406 2012 sane,
431 1963 649 2014 quoniam
670 1961 920 2011 magnifica
941 1961 998 2000 ab
1020 1960 1108 2000 illis
1130 1972 1272 2011 opera
1299 1962 1540 2012 expectari
1574 1973 1668 2001 non
1696 1969 1905 2013 possunt,

280 2034 392 2073 satis
415 2040 497 2083 est,
524 2034 561 2072 si
589 2034 791 2083 amplam
825 2032 958 2072 nobis
994 2043 1105 2071 suae
1144 2032 1329 2072 uirtutis
1368 2033 1743 2083 expectationem
1775 2044 1905 2084 prae·

276 2105 429 2144 beant.
474 2104 750 2144 Grandioris
797 2115 907 2143 uero
954 2103 1120 2143 aetatis
1166 2102 1400 2153 homines,
1451 2103 1616 2143 uberes
1660 2104 1900 2144 doctrinae

280 2176 477 2215 haustae
512 2176 692 2215 fructus
726 2175 819 2214 iam
851 2175 1155 2224 protulerunt.
1191 2173 1309 2213 Nam
1344 2180 1531 2224 praeter
1557 2186 1650 2226 eos,
1684 2175 1761 2226 qui
1781 2176 1904 2226 apud

274 2258 357 2286 nos
380 2246 670 2295 confitentur,
691 2246 768 2296 qui
790 2257 902 2284 sane
923 2244 1054 2284 multi
1075 2251 1222 2294 erant,
1246 2256 1369 2284 nunc
1391 2246 1534 2285 multo
1557 2245 1696 2286 etiam
1722 2246 1898 2297 plures,

272 2318 317 2357 in
338 2318 644 2368 hospitalibus
665 2328 847 2368 quoque
868 2316 1084 2367 permulti
1106 2315 1370 2366 audiuntur,
1395 2322 1438 2355 et
1459 2316 1505 2355 in
1527 2316 1722 2368 priuatis
1750 2317 1897 2357 domi-

271 2389 356 2428 bus
379 2389 455 2439 qui
477 2390 595 2428 lecto
618 2387 913 2437 decumbunt,
936 2397 1117 2426 necnon
1139 2386 1216 2437 qui
1236 2386 1279 2426 in
1303 2387 1570 2427 carceribus
1592 2395 1671 2427 aut
1701 2387 1897 2428 triremi-

270 2460 355 2498 bus
382 2460 659 2508 detinentur,
690 2469 886 2509 quorum
923 2456 1241 2496 confessiones
1278 2457 1381 2497 ideo
1409 2457 1480 2497 his
1509 2458 1746 2498 mensibus
1766 2458 1896 2499 fuere

268 2530 694 2580 frequentissimae,
733 2529 856 2580 quod
882 2529 1051 2567 multos
1084 2527 1226 2567 febris
1261 2528 1416 2579 (quam
1451 2529 1592 2579 uulgo
1622 2528 1894 2580 pestiferam

271 2600 490 2650 uocitant)
514 2608 556 2639 et
577 2599 873 2650 oppresserit,
899 2605 942 2638 et
966 2598 1024 2638 ad
1051 2598 1189 2638 funus
1216 2598 1474 2638 deduxerit.
1506 2598 1609 2639 Non
1638 2599 1712 2639 hic
1735 2599 1890 2640 dicam

269 2682 407 2723 quam
442 2671 573 2710 multi
594 2671 738 2710 auditi
759 2670 929 2709 suerint
951 2681 977 2709 a
998 2669 1170 2708 nostris
1190 2668 1419 2719 Patribus,
1445 2670 1521 2720 qui
1542 2682 1568 2709 a
1590 2669 1787 2721 duobus,
1808 2672 1887 2722 qui

267 2731 595 2792 a'iquindecim⁹
618 2741 696 2791 qui
719 2753 745 2780 a
772 2740 932 2780 decem
967 2746 1009 2779 et
1032 2746 1137 2780 octo
1160 2739 1293 2779 annis
1329 2739 1530 2779 confessi
1564 2751 1657 2780 non
1688 2741 1891 2782 fuerant.

324 2949 331 2967 ¹
373 2950 404 2974 et
419 2947 617 2981 Episcopus
633 2947 876 2973 Messanensz's
891 2945 1019 2973 addidit
1036 2945 1211 2972 Polaticus.
1232 2945 1292 2973 llic
1314 2952 1386 2972 erat
1411 2945 1556 2978 ‚loannes
1582 2947 1738 2975 Andreas
1754 2948 1891 2976 deiMer-

268 2997 371 3023 curio.

318 3044 331 3061 ²
371 3045 451 3068 smzl
468 3042 598 3068 addidit
616 3041 792 3068 Polancus.
