2020 3342
823 262 904 298 AN.
942 261 1032 299 1556
1693 262 1740 298 65

115 362 266 409 limus,
291 367 592 411 nostrumque
613 358 920 399 ministerium
941 364 1090 397 totum
1110 357 1207 396 cius
1224 356 1388 396 ditioni
1407 356 1734 407 nuncupando,

115 432 193 484 qui
213 430 544 483 supramodum
566 430 768 480 benigno
792 440 847 468 ac
868 428 1005 467 hilari
1028 429 1157 467 vultu
1186 439 1271 467 nos
1299 428 1497 476 intuens,
1529 427 1739 477 gratissi-

115 514 243 542 mum
276 513 331 542 ac
363 500 749 552 jucundissimum
782 505 994 539 nostrum
1029 498 1283 538 aduentum
1313 509 1416 537 esse
1452 497 1736 537 declarabat.

116 571 342 614 Postridie
365 583 477 612 vero
494 571 661 612 Frater
678 576 836 610 noster
853 569 898 609 M
906 572 972 609 ,Ἢ
988 568 1219 609 Robertus
1237 568 1541 619 Clayssonius
1559 568 1738 608 concio-

115 642 288 683 nemin
310 642 424 682 aede
445 641 611 682 maiori
632 640 805 690 habuit,
840 640 914 680 cui
946 638 1066 679 Rdus
1095 638 1196 679 DNS
1227 638 1486 689 Episcopus
1513 637 1736 687 interfuit,

115 725 222 753 cum
243 713 447 753 maxima
470 712 735 752 auditorum
757 722 949 757 corona,
974 710 1139 762 quibus
1160 711 1224 749 ita
1241 709 1423 749 abunde
1440 708 1653 748 omnibus
1669 715 1739 748 est

115 783 432 833 satisfactum,
457 789 507 822 vt
528 782 649 822 illius
669 781 876 822 maximo
899 786 1145 820 teneantur
1166 779 1417 829 desideri03
1441 779 1608 830 quibus
1624 790 1738 818 vero

114 855 352 895 exercitiis
373 865 477 894 cum
500 853 698 893 diuersis
725 853 772 892 in
793 852 924 901 locis,
958 858 1055 891 tum
1088 850 1285 899 Biliomi,
1318 856 1500 900 tempus
1530 850 1739 900 exegerit

113 926 191 966 hic
212 925 356 965 frater
378 930 536 964 noster
559 935 782 964 enarrare
813 922 1149 974 praetermitto,
1181 921 1304 972 quod
1332 921 1378 960 in
1409 920 1604 972 epistola
1631 931 1739 971 qua-

114 995 349 1036 drimestri
370 995 516 1035 fusius
537 995 833 1034 declarentur
856 991 882 1033 ¹.
907 992 988 1032 Est
1013 992 1227 1043 equidem
1247 1003 1360 1043 prae
1382 1002 1564 1031 morum
1584 991 1738 1042 graui-

113 1074 211 1107 tate
242 1079 297 1107 ac
329 1066 541 1106 doctrina
570 1064 812 1116 singulari,
844 1076 934 1115 qua
966 1063 1204 1114 praeditus
1235 1069 1318 1113 est,
1351 1062 1600 1102 Vniuersae
1632 1062 1738 1101 huic

113 1137 386 1189 prouinciae
409 1148 695 1187 permagnae
717 1135 1034 1175 admirationi.

193 1208 361 1248 Frater
383 1214 542 1247 noster
562 1206 682 1246 Μ.ῒεὲΓ
704 1205 868 1245 Petrus
892 1217 998 1245 cum
1018 1205 1223 1245 maxima
1240 1205 1380 1244 totius
1397 1204 1599 1244 familiae
1617 1203 1737 1243 aedi-

114 1278 330 1320 ficatione
360 1279 587 1318 hactenus
613 1277 735 1328 apud
764 1277 882 1317 D.¹1m
910 1276 1194 1327 Episcopum
1224 1276 1332 1326 egit,
1357 1286 1689 1325 nonnunquam
1711 1286 1736 1313 a

114 1349 396 1390 Reuerentia
419 1347 625 1388 eiusdem
646 1348 816 1387 missus
839 1348 898 1387 ad
919 1347 1106 1387 diuersa
1127 1346 1312 1398 pietatis
1333 1345 1483 1385 officia
1509 1356 1734 1395 exequen-

113 1421 188 1471 da,
221 1420 380 1460 visitat
410 1420 744 1463 incarceratos,
779 1420 954 1457 solatur
984 1417 1207 1467 infirmos,
1237 1417 1434 1467 largitur
1465 1415 1640 1466 egenis,
1673 1416 1734 1454 in—

113 1491 249 1531 struit
284 1491 489 1541 ignaros,
527 1488 656 1539 nihil,
695 1488 848 1540 quoad
882 1488 1058 1539 patitur
1078 1487 1299 1527 valetudo
1329 1487 1357 1537 ²,
1388 1486 1524 1526 officii
1551 1486 1736 1537 pietatis

112 1561 502 1613 praetermittens.
541 1559 643 1610 Qui,
682 1559 895 1610 quamuis
930 1558 1126 1610 singulis
1160 1558 1322 1598 diebus
1357 1558 1499 1609 probe
1529 1557 1736 1596 diuinum

114 1632 315 1673 officium
337 1631 577 1672 recitando
606 1631 845 1682 persoluat
876 1631 961 1678 (est
987 1630 1110 1669 enim
1138 1628 1195 1669 ad
1228 1629 1591 1668 subdiaconatus
1617 1627 1733 1667 ordi-

112 1715 218 1744 nem
239 1702 511 1754 promotus),
535 1701 654 1741 scire
676 1708 833 1740 tamen
855 1712 913 1740 ex
934 1700 1036 1740 RQ
1062 1700 1113 1740 T.
1135 1699 1262 1739 ΗΜΘ
1288 1699 1536 1746 desiderat,
1558 1704 1736 1750 postea-

112 1786 253 1826 quam
273 1773 534 1815 Sacerdotii
556 1773 784 1823 dignitate
805 1772 945 1812 fuerit
966 1771 1230 1822 insignitus,
1255 1771 1294 1811 si
1316 1771 1514 1821 Vtrique,
1538 1770 1628 1809 hoc
1650 1776 1733 1819 est,

112 1856 255 1897 penso
278 1844 461 1894 diurno,
485 1855 540 1883 ac
562 1850 867 1883 sacrosancto
890 1843 1059 1882 missae
1088 1841 1316 1881 sacrificio
1345 1840 1617 1880 satisfacere
1643 1851 1736 1879 non

112 1917 266 1956 valeat
288 1915 522 1966 quodnam
543 1915 697 1965 potius
719 1914 872 1964 placet
894 1920 944 1952 vt
966 1916 1247 1964 exequatur;
1272 1924 1410 1963 super
1432 1912 1518 1951 hac
1543 1923 1590 1950 re
1608 1910 1731 1950 ΗΜΘ

111 1987 163 2027 Τ.
188 1986 286 2026 P.t¹'S
313 1986 551 2026 decretum
572 1985 809 2025 humiliter
832 1985 1147 2024 obsecramus.

190 2057 322 2097 Nunc
344 2068 457 2096 vero
479 2056 539 2095 ad
556 2068 628 2095 me
646 2056 800 2105 venio,
823 2067 960 2106 quem
978 2055 1082 2094 huic
1101 2061 1291 2094 nostrae
1309 2054 1614 2094 Aruerniensi
1633 2065 1735 2092 con-

109 2128 374 2179 gregationi
402 2126 690 2179 praefecisti,
723 2127 855 2166 cuius
885 2126 953 2165 rei
985 2137 1176 2165 causam
1205 2136 1298 2164 non
1331 2136 1434 2164 mea
1462 2124 1645 2176 quidem
1673 2124 1735 2162 in-

111 2205 252 2238 terest
275 2199 393 2238 scire
416 2210 471 2237 ac
498 2198 772 2247 intelligere,
809 2208 915 2236 cum
947 2196 1005 2235 sit
1037 2196 1170 2235 nobis
1198 2196 1312 2235 satis
1339 2202 1553 2246 prompto
1581 2195 1736 2234 animo

110 2269 351 2310 humiliter
373 2268 578 2308 obedire:
601 2268 751 2307 fateor
788 2274 994 2307 attamen
1024 2267 1087 2306 nil
1114 2267 1267 2317 magis
1297 2277 1503 2316 vnquam
1530 2265 1737 2305 reformi-

111 2340 264 2388 dasse,
289 2351 428 2391 quam
451 2339 552 2379 aliis
572 2350 806 2390 praeesse.
831 2338 934 2389 Qua
962 2338 1017 2377 de
1047 2349 1205 2386 causa,
1237 2337 1338 2377 Rae
1368 2336 1435 2386 R,
1468 2336 1738 2387 suppliciter

111 2422 195 2450 oro
221 2417 360 2462 atque
378 2411 589 2459 obsecro,
607 2416 657 2448 vt
675 2420 761 2448 nos
778 2409 869 2448 tuis
885 2408 1191 2448 sanctissimis
1210 2407 1497 2448 orationibus
1515 2407 1738 2446 adiuuare

113 2481 334 2532 digneris,
359 2492 448 2532 quo
472 2480 628 2520 diuina
649 2480 849 2529 bonitas,
874 2479 919 2519 id
941 2479 1064 2530 quod
1085 2491 1143 2518 ex
1163 2486 1323 2518 nostra
1340 2487 1472 2529 parte
1489 2478 1632 2527 deest,
1654 2489 1737 2517 sua

111 2552 264 2602 gratia
287 2552 501 2602 supplere
524 2551 756 2602 dignetur.

189 2622 259 2662 Ex
298 2634 388 2673 quo
427 2622 518 2661 huc
558 2621 857 2673 peruenimus
897 2622 1205 2672 (astipulante
1244 2621 1446 2661 Domino
1487 2619 1737 2671 Episcopo)

111 2693 315 2744 quotidie
336 2692 382 2731 in
410 2691 706 2731 xenodochio
737 2703 874 2732 sacra
905 2693 1155 2732 missarum
1184 2692 1411 2731 solemnia
1440 2691 1616 2742 peregi,
1646 2692 1738 2741 qui-

112 2763 197 2802 bus
218 2763 437 2814 peractis,
464 2762 738 2802 concionem
760 2763 935 2802 habere
957 2762 1120 2802 solitus
1142 2773 1258 2810 sum,
1283 2774 1389 2802 cum
1417 2768 1547 2802 tanta
1577 2773 1632 2801 ac
1660 2761 1740 2800 ho-

111 2839 243 2872 nesta
280 2832 545 2873 auditorum
579 2831 856 2884 frequentia,
891 2840 942 2872 vt
978 2833 1286 2872 admiratione
1316 2833 1507 2882 dignum
1539 2832 1611 2882 sit,
1651 2843 1741 2882 quo

169 2967 177 2986 ί
217 2966 305 2994 Vide
320 2974 434 3001 supra,
449 2975 526 3002 pag.
547 2968 592 2995 39.

166 3014 180 3032 2
218 3014 269 3040 “et
284 3014 441 3048 quamvis
455 3015 569 3042 studia
584 3015 627 3042 ad
643 3019 775 3049 tempus
791 3019 947 3042 tractare
964 3015 1049 3042 sorte
1067 3023 1130 3042 non
1145 3017 1271 3050 poterit
1294 3021 1434 3049 propter
1451 3015 1599 3049 aliquam
1616 3014 1739 3048 capitis

114 3058 358 3092 debilitatem„
373 3058 527 3094 Ignatius
542 3061 713 3096 Episcopo
730 3060 994 3088 claromontano
1010 3062 1134 3088 litteris
1150 3069 1252 3096 supra
1269 3062 1476 3088 mcum-atis.

258 3116 308 3153 Τ.
331 3127 383 3154 xv,
