2020 3342
834 257 919 294 ΑΝ.
950 256 1040 294 1556
1679 257 1750 294 103

123 355 430 397 domesticam
450 359 501 394 ut
521 354 754 405 publicam
776 353 1020 404 arripiunt,
1050 358 1094 392 et
1121 364 1180 392 ex
1209 357 1405 403 utraque
1429 362 1651 402 magnam
1672 353 1763 392 uti—

132 427 309 467 litatem
343 425 546 476 capiunt.
584 423 674 475 Qui
703 424 750 464 in
782 423 1051 464 domesticis
1086 421 1250 462 officiis
1284 422 1508 462 obeundis
1540 423 1760 473 occupati

124 502 249 547 sunt,
272 495 374 547 pari
396 494 635 545 diligentia
657 505 826 534 munus
845 505 982 534 suum
1003 498 1310 544 exequuntur,
1334 492 1399 532 ita
1416 498 1465 532 ut
1486 492 1641 542 gratia
1663 491 1754 533 Dei

125 567 174 607 in
195 566 409 607 omnibus
430 566 624 605 eluceat.
656 564 790 604 Multi
810 571 981 613 autem,
1006 564 1220 614 exemplo
1249 568 1435 614 patrum
1469 563 1761 615 fratrumque

126 636 358 686 commoti,
382 647 432 675 se
453 636 587 675 nobis
609 635 864 685 adiungere
881 634 1088 685 cupiunt:
1119 633 1328 673 nonnulli
1356 640 1544 673 nostras
1572 633 1760 673 scholas

127 708 437 759 frequentant;
460 718 545 746 nec
566 707 718 746 solum
750 705 906 745 uerbis
942 717 998 744 ac
1032 704 1265 755 precibus,
1303 715 1466 744 uerum
1501 703 1642 743 etiam
1662 704 1760 743 uita

128 790 184 818 ac
205 778 413 818 moribus
440 776 778 826 demonstrant,
815 782 1103 827 quantopere
1137 774 1403 814 desiderent
1432 773 1677 814 nobiscum
1697 776 1762 813 ui-

129 860 253 889 uere.
276 848 434 889 Vnum
469 847 730 898 recepimus
765 846 1110 886 adolescentem
1145 846 1297 885 bonae
1328 845 1512 895 indolis,
1550 851 1594 884 et
1615 844 1662 884 in
1682 844 1763 884 hu·

128 919 415 960 manioribus
436 918 582 958 literis
603 918 720 957 bene
755 917 1002 966 eruditum;
1040 923 1259 968 parentes
1294 915 1434 955 habet
1467 927 1560 955 non
1581 920 1765 955 tantum

127 1001 299 1041 genere
320 990 498 1029 nobiles
519 995 564 1029 et
585 999 785 1039 magnae
807 987 1184 1032 existimationis.
1209 987 1292 1026 sed
1318 986 1459 1026 etiam
1487 986 1674 1038 pietatis
1695 997 1764 1026 re-

136 1061 413 1112 ligionisque
435 1059 797 1099 amantissimos.

212 1131 472 1171 Renouatio
515 1130 775 1170 studiorum
820 1129 1147 1169 honestissime
1188 1139 1453 1179 magnoque
1494 1127 1763 1168 auditorum

128 1213 321 1242 numero
344 1202 578 1241 celebrata
599 1207 683 1241 est:
708 1200 903 1240 aderant
935 1200 1147 1240 homines
1181 1199 1456 1239 nobilissimi
1491 1211 1584 1238 non
1605 1199 1761 1250 pauci,

131 1279 316 1325 praeter
337 1271 487 1312 Rmum
508 1271 804 1312 Cardinalem
834 1271 970 1311 huius
1002 1271 1208 1311 ciuitatis
1241 1269 1268 1319 ¹,
1305 1270 1589 1320 Episcopum
1623 1269 1764 1321 Syra-

127 1342 393 1384 cusanum²
400 1349 476 1394 ,et
503 1342 740 1383 Senatum.
768 1343 971 1382 Primum
992 1342 1151 1382 habita
1173 1347 1242 1381 est
1270 1352 1321 1381 01
1327 1341 1436 1391 atio
1471 1340 1635 1381 deinde
1663 1341 1758 1381 dia-

134 1416 267 1466 logus
288 1415 515 1455 recitatus
536 1425 716 1454 summa
739 1424 843 1453 cum
866 1413 1073 1453 omniurn
1089 1412 1265 1453 laetitia
1287 1413 1328 1452 el
1346 1413 1528 1463 plausu.

210 1486 485 1537 Conciones,
510 1497 629 1537 quae
650 1485 743 1525 iam
764 1485 842 1525 diu
876 1484 1062 1524 habitae
1084 1490 1205 1534 sunt,
1230 1484 1384 1524 adhuc
1415 1483 1764 1533 continuantur,

131 1557 246 1597 fiunt
262 1564 306 1597 et
326 1557 449 1609 apud
467 1568 552 1596 nos
574 1563 618 1596 et
644 1556 759 1596 f01is
788 1556 834 1595 in
863 1555 1062 1595 diuersis
1096 1555 1407 1602 monasteriis;
1447 1554 1492 1594 in
1530 1554 1696 1604 quibus
1715 1562 1766 1593 ut

130 1640 221 1668 non
242 1629 439 1679 exiguus
461 1628 594 1667 labor
621 1627 916 1679 impenditur,
948 1627 1014 1666 sic
1040 1626 1144 1666 inde
1175 1626 1352 1666 fructus
1374 1625 1690 1676 amplissimus
1715 1631 1761 1664 et

131 1699 256 1739 omni
289 1700 447 1739 labore
484 1699 785 1749 dignissimus
814 1701 1076 1749 promanat
1105 1696 1145 1747 5;
1179 1708 1264 1736 nec
1295 1696 1446 1736 minor
1481 1708 1538 1735 ex
1574 1695 1764 1735 assidua

129 1770 325 1810 lectione
348 1770 591 1810 doctrinae
628 1769 911 1808 christianae
949 1768 1139 1808 utilitas
1172 1767 1518 1818 proficiscitur,
1546 1766 1677 1806 cuius
1698 1766 1768 1806 rei

128 1847 199 1880 est
220 1840 443 1880 indicium
469 1840 732 1891 frequentia
760 1839 1080 1880 confitentium
1109 1844 1152 1878 et
1182 1838 1566 1889 participantium
1594 1847 1766 1888 corpus

137 1910 329 1952 Christi.

210 1982 606 2031 Confessionibus,
635 1993 753 2032 quae
782 1981 828 2020 in
849 1987 1008 2020 nostro
1044 1981 1215 2031 templo
1251 1980 1380 2029 fiunt,
1417 1979 1767 2029 aegrotantium

131 2064 313 2105 quoque
342 2053 586 2100 accedunt,
626 2052 684 2092 ad
713 2064 828 2103 quas
861 2052 1118 2091 audiendas
1151 2050 1317 2091 Patres
1352 2050 1620 2101 frequenter
1640 2049 1770 2089 foras

131 2131 317 2164 exeunt.
343 2124 415 2164 Ex
436 2124 524 2163 illis
546 2123 735 2174 aliquot,
756 2123 834 2174 qui
852 2123 1064 2174 patribus
1086 2122 1382 2171 confitentur,
1406 2132 1456 2160 se
1477 2121 1524 2160 in
1550 2120 1769 2171 spiritali·

134 2195 220 2234 bus
240 2183 619 2235 meditationibus
641 2200 972 2241 exercuerunt,
993 2205 1191 2244 quorum
1212 2204 1348 2241 Vnus,
1372 2191 1674 2231 nobilissimis
1689 2202 1769 2230 na-

134 2272 208 2305 tus
230 2265 516 2317 parentibus,
541 2265 815 2315 religionem
839 2264 1184 2315 Capucinorum
1203 2263 1423 2314 suscepit,
1443 2269 1500 2311 et,
1527 2274 1583 2302 ne
1605 2273 1770 2313 paren-

133 2343 204 2376 tes
225 2337 312 2376 hoc
330 2342 543 2376 sanctum
568 2336 860 2387 propositum
886 2335 1178 2386 impedirent,
1204 2335 1323 2385 fugit
1346 2335 1392 2374 in
1414 2333 1767 2382 monasterium,

138 2409 274 2458 longe
296 2420 322 2447 a
343 2407 575 2447 Panormo
597 2407 752 2446 situm.
775 2406 997 2447 Similiter
1028 2406 1240 2446 fecerunt
1268 2405 1477 2445 nonnulli
1504 2416 1563 2444 ex
1597 2404 1771 2444 nostris

115 2478 388 2529 discipulis,
413 2478 494 2517 sed
510 2478 600 2517 alia
617 2478 798 2517 ratione
817 2477 876 2517 ad
893 2484 988 2517 tarn
1006 2483 1221 2516 sanctum
1248 2476 1537 2527 propositum
1562 2475 1767 2515 adducti.

137 2548 357 2588 Foemina
379 2549 622 2600 quaedam,
651 2560 770 2604 quae
800 2548 1087 2588 monasterio
1120 2546 1228 2587 §.tae
1264 2546 1545 2587 Catherinae
1573 2557 1771 2597 praepo-

136 2620 225 2659 sita
247 2626 329 2669 est,
353 2619 652 2659 nobilissimis
673 2618 944 2670 parentibus
973 2625 1092 2668 orta,
1125 2630 1179 2657 eo
1202 2618 1403 2657 adducta
1433 2624 1501 2656 est
1530 2616 1768 2656 concioni·

136 2690 236 2738 bus,
261 2701 376 2741 quas
398 2690 536 2730 Pater
559 2690 745 2741 quidam
774 2690 838 2729 ibi
864 2689 1040 2740 habuit,
1064 2695 1112 2728 ut
1137 2689 1230 2728 iam
1266 2689 1480 2728 consulat
1505 2687 1690 2727 Patrem
1711 2686 1770 2726 de

137 2761 469 2800 commutando
491 2761 593 2800 loco
623 2766 667 2800 et
696 2767 745 2800 ut
780 2771 912 2800 suum
941 2759 1280 2800 monasterium
1304 2759 1551 2809 relinquat,
1582 2764 1624 2798 et
1646 2757 1772 2797 aliud

203 2967 211 2987 ¹
250 2968 373 2995 Petrus
387 2968 572 3002 Tagliavia
587 2969 626 2995 de
642 2969 794 3002 Aragon,
811 2968 1075 2995 Panormitanus
1092 2967 1254 3001 Archiep.
1270 2972 1303 2994 et
1319 2966 1522 2994 Cal-dinalis.

196 3014 210 3032 ⁴²
250 3015 475 3050 Hieronymus
490 3015 530 3042 de
545 3015 706 3049 Bononia,
723 3015 960 3051 Syracusanus
975 3015 1274 3049 Archiepiscopus.

196 3061 210 3080 ⁷¹
249 3063 431 3090 Prouem't.
446 3062 631 3090 POLANcus.
