2020 3342
225 244 294 282 250
732 243 957 281 LITTERAE
984 254 1342 287 QUADRIMESTRES

225 342 454 382 nobilibus
487 341 599 381 Viris
633 353 967 393 saepenumero
989 341 1087 381 eius
1116 342 1343 383 aduentus
1364 342 1616 393 flagitatus.
1642 342 1844 384 Domum

226 413 513 464 probationis
535 424 778 464 speramus
795 414 841 453 in
860 412 1059 453 Domino
1080 425 1166 453 nos
1189 413 1280 453 cito
1303 414 1559 455 habituros.

306 484 356 524 In
392 485 478 524 hoc
513 485 710 535 collegio
747 496 904 525 sumus
940 484 1106 535 viginti
1130 490 1173 525 et
1209 497 1306 536 sex,
1344 498 1402 526 ex
1423 486 1590 537 quibus
1616 491 1711 526 tres
1732 491 1839 526 sunt

226 555 444 606 theologi,
468 560 512 594 et
533 555 623 595 duo
647 556 822 595 artibus
844 555 1110 595 liberalibus
1138 556 1393 607 indulgent:
1426 557 1599 597 caeteri
1631 569 1744 597 vero
1767 562 1846 597 aut

228 626 389 666 Patres
411 634 517 666 sunt
535 632 613 666 aut
634 627 814 667 nouitii:
852 627 992 677 aliqui
1023 633 1129 667 sunt
1153 627 1343 667 admissi
1366 634 1409 668 et
1436 628 1621 668 virtutis
1652 628 1847 668 studiosi

230 703 272 737 et
294 697 429 747 docti3
455 703 499 737 et
521 698 598 737 alii
619 697 883 738 huiusmodi
906 703 1066 749 optant
1094 698 1291 749 ingredi.

308 769 368 808 Iis
389 769 549 809 diebus
571 769 764 820 contigit
786 769 965 809 mulieri
987 769 1171 809 cuidam
1193 776 1365 822 nuptae
1392 772 1566 811 factum
1595 783 1706 811 sane
1729 771 1846 811 scitu

231 840 421 891 dignum
443 846 486 880 et
514 840 853 890 admirandum,
885 852 1017 892 quae,
1048 852 1151 881 cum
1181 842 1421 892 peccatrix
1445 848 1566 882 esset
1587 848 1631 882 et
1663 842 1849 882 concio-

230 912 364 952 nibus
376 911 618 952 audiendis
635 912 895 961 interesset,
915 912 1089 952 nullum
1105 918 1261 953 tamen
1279 915 1429 953 locum
1448 913 1656 953 consiliis
1674 913 1850 954 Christi

230 983 531 1035 relinquebat.
558 983 769 1034 Quodam
792 990 947 1024 tamen
969 983 1041 1023 die
1063 995 1167 1023 cum
1189 985 1286 1024 sola
1309 996 1418 1025 suas
1439 985 1599 1025 solitas
1616 985 1852 1029 orationes

230 1056 463 1105 recitaret,
487 1055 703 1106 apparuit
724 1055 788 1095 1111
809 1061 852 1095 et
874 1056 970 1096 suis
991 1055 1138 1095 oculis
1158 1055 1227 1096 bis
1249 1068 1297 1096 se
1319 1057 1482 1096 obtulit
1499 1057 1637 1096 homo
1660 1056 1849 1107 quidam

230 1126 394 1177 nudus,
419 1132 543 1166 totus
577 1126 805 1177 sanguine
839 1126 1032 1167 madens
1068 1132 1111 1166 et
1141 1138 1399 1178 respersus,
1436 1127 1569 1178 quasi
1597 1133 1706 1167 tunc
1729 1132 1851 1167 esset

232 1197 549 1238 crudelissime
572 1197 848 1248 flagellatus:
874 1203 916 1238 et
939 1210 1043 1238 cum
1064 1197 1268 1238 secundo
1291 1199 1378 1239 hoc
1401 1198 1608 1250 vidisset,
1640 1199 1705 1238 ita
1729 1209 1851 1238 com-

232 1275 402 1319 puncta
427 1274 495 1308 est
518 1268 671 1319 corde,
697 1275 739 1308 et
762 1269 870 1309 totis
897 1269 1074 1309 viribus
1100 1269 1249 1309 fracta
1272 1276 1315 1310 et
1337 1270 1591 1321 debilitata,
1622 1276 1671 1310 ut
1695 1269 1851 1310 statim

231 1340 393 1380 morbo
412 1340 737 1392 corriperetur.
760 1340 948 1380 Interim
966 1346 1121 1381 tamen
1138 1342 1365 1382 sentiebat
1383 1340 1603 1392 Spiritum
1624 1340 1849 1381 Sanctum

232 1411 401 1451 ostium
435 1412 507 1451 sui
542 1411 697 1451 cordis
731 1412 994 1462 pulsantem
1016 1418 1059 1452 et
1094 1412 1347 1453 dicentem:
1385 1413 1515 1464 aperi
1549 1418 1626 1452 tua
1656 1412 1853 1452 crimina

231 1481 278 1522 Ρ.
303 1482 499 1523 Doctori
521 1482 750 1523 Ramirez:
783 1489 826 1523 et
861 1495 983 1524 nunc
1005 1489 1254 1535 postquam
1285 1491 1353 1524 est
1389 1483 1622 1535 confessa,
1655 1483 1853 1524 honeste

232 1553 378 1594 vitam
400 1554 636 1605 transigit.

311 1625 489 1666 Aderat
506 1625 579 1666 hic
598 1627 785 1678 quidam
807 1627 1086 1678 haereticus,
1107 1628 1185 1679 qui
1203 1626 1379 1668 Summi
1398 1626 1637 1668 Pontificis
1649 1631 1854 1679 potesta-

230 1702 337 1748 tem,
360 1696 674 1748 indulgentias
695 1703 738 1738 et
760 1698 946 1749 ieiunia,
973 1711 1084 1739 vera
1106 1710 1207 1739 esse
1229 1710 1323 1738 non
1344 1704 1527 1750 poterat
1554 1698 1640 1738 sibi
1659 1709 1848 1750 persua-

232 1768 354 1819 dere,
380 1774 423 1808 et
443 1780 535 1808 non
557 1769 707 1810 solum
741 1769 873 1820 haec,
911 1770 992 1810 sed
1013 1776 1056 1810 et
1092 1770 1181 1809 alia
1216 1770 1375 1820 multa,
1409 1781 1527 1821 quae
1549 1781 1634 1810 nos
1655 1769 1854 1809 libenter

231 1839 519 1880 confitemur.
543 1841 585 1881 Is
606 1846 761 1881 tamen
784 1853 888 1881 cum
911 1841 1154 1893 aliquoties
1176 1841 1383 1881 audisset
1411 1841 1459 1880 Ρ.
1485 1840 1744 1881 Doctorem
1764 1839 1854 1880 Ra-

231 1911 372 1951 mirez
407 1912 777 1961 concionantem,
816 1920 859 1952 et
894 1912 949 1952 de
984 1912 1071 1952 fide
1107 1913 1336 1953 catholica
1367 1912 1697 1964 disputantem,
1732 1917 1776 1952 et
1808 1911 1854 1952 in

232 1983 619 2034 disputationibus
636 1983 914 2035 specialibus
931 1984 1169 2024 Ecclesiae
1184 1995 1284 2024 esse
1302 1984 1585 2024 credendum
1603 1982 1855 2023 admonen-

232 2061 339 2105 tem,
364 2055 578 2095 credulus
600 2060 643 2094 et
665 2054 838 2094 Christi
859 2054 1006 2095 fidelis
1027 2055 1177 2094 factus
1199 2060 1282 2095 est.
1309 2053 1508 2105 Quidam
1540 2053 1612 2094 vir
1641 2054 1856 2094 literatus

232 2137 353 2166 nunc
375 2132 443 2166 est
465 2126 511 2166 in
546 2125 633 2166 fide
667 2126 913 2176 stabilitUS‚
952 2126 1028 2177 qui
1064 2126 1337 2166 inconstans
1372 2132 1493 2166 erat:
1528 2131 1628 2165 erat
1656 2124 1856 2176 namque

231 2203 387 2237 sectae
408 2198 637 2237 hebraeae
654 2197 847 2247 amicuS,
873 2197 988 2237 adeo
1011 2202 1059 2237 ut
1080 2197 1232 2248 magis
1253 2196 1483 2237 hebraeus
1506 2207 1645 2248 quam
1675 2195 1858 2236 christi·

232 2269 333 2310 cola
369 2269 621 2308 videretur:
659 2274 898 2320 permanet
933 2274 1088 2308 tamen
1124 2268 1169 2307 in
1200 2267 1288 2308 fide
1325 2267 1497 2308 Christi
1530 2279 1613 2319 per
1635 2279 1776 2307 unum
1797 2279 1856 2307 ex

232 2340 403 2380 nostris
425 2339 640 2380 Patribus
662 2339 978 2379 confirmatus
1002 2338 1136 2378 Alius
1157 2339 1295 2379 homo
1318 2339 1591 2379 decreuerat
1620 2339 1761 2379 alium
1783 2350 1856 2378 oc-

233 2411 402 2461 cidere,
428 2417 470 2451 et
493 2422 545 2450 eo
578 2411 664 2458 die,
689 2422 778 2462 quo
802 2416 900 2450 erat
923 2421 1057 2450 suum
1075 2409 1313 2450 inimicum
1336 2409 1681 2461 interfecturus,
1702 2421 1857 2461 perce-

233 2483 298 2534 pit
320 2483 465 2522 verba
486 2481 573 2522 Dei
596 2495 622 2522 a
644 2481 782 2522 Patre
810 2481 1040 2532 Ramirez,
1065 2487 1110 2521 et
1134 2494 1160 2521 a
1189 2481 1427 2532 proposito
1457 2481 1634 2522 nefario
1666 2481 1855 2522 destitit.
1906 2500 1910 2503 ·

234 2553 410 2594 Nobilis
449 2554 518 2593 Vir
549 2554 825 2605 quibusdam
859 2553 1124 2593 hominibus
1155 2552 1455 2592 commiserat
1490 2558 1538 2593 ut
1566 2564 1650 2593 suo
1670 2552 1857 2592 nomine

235 2625 349 2665 duos
369 2625 579 2664 homines
601 2625 903 2665 trucidarent:
928 2630 986 2673 et,
1020 2630 1244 2675 quantum
1267 2625 1455 2675 colligo,
1487 2623 1545 2664 ad
1566 2623 1655 2664 hoc
1676 2624 1859 2664 facinus

235 2696 597 2748 perpetrandum
615 2696 877 2736 mercedem
890 2697 982 2737 iam
999 2696 1087 2736 illis
1104 2697 1319 2736 soluerat:
1340 2695 1505 2736 Patres
1522 2702 1678 2736 tamen
1693 2696 1856 2746 nostri,

237 2779 287 2808 re
307 2770 542 2819 percepta,
568 2780 672 2808 cum
694 2780 792 2808 rem
822 2768 1108 2808 contrariam
1136 2779 1239 2807 eum
1275 2768 1591 2818 hortarentur,
1623 2767 1688 2807 eis
1720 2767 1860 2807 liben-

237 2845 307 2879 ter
346 2839 567 2889 pepercit.
611 2838 808 2889 Quidam
848 2839 1106 2879 monachus
1145 2838 1407 2889 transfuga,
1449 2837 1861 2878 innumerabilibus

238 2910 733 2950 excommunicationis
755 2916 798 2950 et
820 2909 1179 2960 irregularitatis
1198 2910 1397 2950 vinculis
1414 2895 1600 2960 ligatus,
1626 2908 1755 2949 Patri
1772 2907 1859 2948 Ra—

239 2982 381 3021 mirez
399 2992 482 3020 sua
498 2986 693 3032 peccata
712 2981 950 3032 indicauit;
971 2988 1029 3032 et,
1049 2980 1269 3032 quoniam
1287 2981 1343 3021 ab
1360 2993 1414 3020 eo
1429 2980 1608 3020 absolui
1624 2991 1717 3020 non
1732 2984 1859 3032 pote-

239 3059 327 3103 rat,
351 3063 399 3092 se
420 3052 736 3104 quaesiturum
764 3052 1047 3104 facultatem,
1072 3057 1119 3093 ut
1147 3052 1481 3102 absolueretur‚
1511 3057 1581 3092 est
1609 3051 1854 3105 pollicitus
