2020 3342
207 209 254 246 32
718 205 942 241 LlrrERAE
970 213 1328 244 QUApRmOEs'russs

210 310 253 343 et
288 315 392 343 cum
417 314 501 342 nec
530 302 618 341 hoc
647 300 759 340 satis
786 299 945 346 fuerit,
979 299 1167 338 ciuitate
1200 298 1439 347 dixissem,
1463 304 1507 337 et
1536 298 1715 337 utinam
1743 309 1835 338 non

211 375 269 414 ab
290 375 360 423 iis,
393 384 588 425 quorum
619 371 922 417 orationibus,
948 371 1177 421 exemplo,
1202 369 1360 418 uerbo,
1394 368 1439 408 id
1469 368 1615 418 gladii
1646 368 1836 420 inopum

208 445 355 485 latera
379 443 562 493 accingi
584 442 841 481 debuerant
864 440 889 478 ¹.
914 440 1190 480 Perseuerat
1211 447 1368 479 tamen
1395 439 1589 490 pusillus
1611 439 1685 478 ille
1716 450 1834 490 grex

208 515 404 563 fortiter,
429 520 753 565 pastoremque
776 511 850 550 uia
872 511 1025 551 crucis
1047 511 1269 561 sequitur:
1289 510 1372 549 4.0r
1396 510 1611 560 pluresue
1631 509 1835 549 Domino

209 585 534 626 reconciliatos
551 583 822 630 decessisse,
843 593 949 622 cum
969 581 1172 621 maximo
1190 587 1349 620 nostro
1367 580 1555 630 gaudio,
1578 579 1675 620 fere
1693 580 1835 619 tacui.

289 655 600 705 Indigentium
622 653 838 704 operibus
860 651 1209 692 misericordiae
1232 657 1329 690 tum
1351 650 1612 701 corporalis
1633 657 1730 690 tum
1747 651 1836 700 spi·

211 726 392 767 ritualis
414 725 672 775 Collegium
694 724 781 763 hoc
804 733 1047 762 commune
1078 722 1161 761 fuit
1184 722 1382 773 asylum.
1415 721 1548 771 Nam,
1584 721 1669 760 etsi
1698 732 1838 772 quarn

212 799 271 838 sit
292 797 425 837 nobis
459 802 592 836 curta
622 795 830 845 supellex
858 806 951 833 non
982 794 1278 844 ignorarent,
1312 793 1481 832 horum
1510 799 1666 831 tamen
1695 803 1838 842 opera

212 868 298 908 sibi
318 866 654 908 consulendum
676 876 768 904 non
790 864 1073 904 dubitarunt.
1099 863 1347 903 Caeterum
1376 863 1422 902 in
1444 863 1649 902 maxima
1676 870 1838 902 nostra

211 939 385 979 laetitia
409 938 454 977 id
477 937 758 985 consolatur,
782 935 1013 974 bonorum
1031 946 1212 985 semper
1236 935 1553 974 accessionem
1580 933 1695 984 fieri,
1729 945 1837 984 quo-

213 1009 489 1059 tidianisque
511 1007 725 1048 auctibus
747 1017 946 1046 messem
968 1005 1155 1045 Domini
1178 1004 1277 1045 fieri
1299 1005 1551 1044 meliorem.

292 1080 362 1119 De
384 1078 589 1119 nondum
610 1077 751 1117 latine
773 1073 1049 1116 discentium
1072 1087 1322 1127 puerorum
1350 1076 1362 1093 '²
1384 1087 1577 1115 numero
1608 1076 1674 1115 sic
1702 1075 1836 1124 habe3

214 1158 257 1191 ct
280 1163 380 1191 esse
403 1149 658 1200 octoginta,
683 1154 727 1187 et
748 1147 846 1187 eius
868 1146 1050 1195 indolis,
1076 1152 1123 1186 ut
1145 1145 1405 1186 laudandus
1429 1146 1690 1197 oppidoque
1712 1145 1839 1185 Deus

214 1222 286 1262 sit:
310 1226 732 1272 praeceptoresque
750 1218 797 1257 Ρ.
822 1217 1009 1257 Petrum
1027 1223 1070 1257 et
1092 1217 1379 1256 Antoninum
1400 1215 1413 1234 ⁵
1431 1217 1493 1256 ita
1515 1228 1564 1256 se
1585 1228 1765 1267 gerere,
1790 1221 1839 1255 ut

214 1292 506 1332 satisfactum
528 1290 609 1330 tibi
628 1296 797 1340 putem.
818 1288 888 1328 De
905 1288 1155 1328 latinorum
1172 1286 1187 1305 ‘²
1204 1293 1399 1327 naturae
1417 1288 1690 1338 gratiaeque
1712 1298 1841 1338 prae-

215 1363 359 1412 sidiis,
385 1363 463 1413 qui
485 1372 678 1401 numero
704 1359 872 1410 uiginti
894 1366 989 1399 tres
1010 1365 1141 1409 sunt,
1164 1358 1375 1409 syntaxi,
1399 1358 1670 1409 generibus,
1695 1364 1739 1397 et
1769 1369 1842 1397 ru-

216 1434 432 1474 dimentis
467 1432 807 1479 distinctorum,
838 1430 962 1470 aliud
992 1429 1194 1469 defuisse
1227 1429 1361 1478 nihil,
1392 1434 1576 1479 praeter
1610 1428 1728 1468 haec
1757 1427 1838 1468 tibi

215 1504 460 1545 scribentis
483 1503 726 1543 defectum.
762 1501 878 1541 Nolo
909 1507 1066 1540 tamen
1088 1506 1222 1551 putes
1249 1501 1400 1540 oleum
1429 1511 1712 1551 operamque
1741 1511 1839 1550 per-

217 1576 377 1625 ditam,
417 1575 525 1626 quin
561 1574 712 1625 potius
748 1572 980 1612 interdum
1016 1571 1061 1610 in
1096 1570 1298 1611 Domino
1329 1583 1421 1610 non
1456 1571 1502 1610 in
1538 1582 1610 1610 me
1644 1569 1839 1621 gloriari

216 1647 353 1687 scias.
377 1645 441 1685 Vt
463 1645 621 1684 fratris
644 1643 835 1684 Antonii
858 1641 871 1661 ⁵
893 1649 1102 1691 externa,
1127 1642 1208 1681 sed
1228 1653 1322 1681 non
1343 1641 1523 1681 externi
1543 1641 1737 1690 fructus,
1762 1652 1841 1680 ne-

216 1717 345 1768 gotia
367 1716 552 1756 aliunde
573 1715 654 1754 tibi
675 1721 785 1754 nota
808 1720 1116 1763 praeteream,
1141 1713 1186 1752 id
1208 1713 1408 1763 ingenue
1429 1712 1595 1761 fateor,
1630 1711 1721 1751 tuis
1742 1717 1840 1751 tan-

217 1796 314 1828 tum
336 1786 623 1827 orationibus
644 1785 757 1834 fore,
781 1791 829 1824 ut
860 1784 938 1823 filii
971 1782 1239 1834 poenitendi
1266 1795 1322 1822 ne
1350 1783 1510 1823 simus.
1543 1782 1840 1834 Quapropter

218 1864 439 1910 quantum
462 1857 598 1896 huius
619 1856 936 1907 Reipublicae,
961 1855 1093 1894 cuius
1124 1860 1167 1893 et
1189 1854 1536 1893 ecclesiasticus
1565 1860 1609 1893 et
1631 1854 1841 1893 saecula—

217 1931 280 1970 ris
301 1929 565 1981 praefectus
599 1940 681 1967 nos
715 1939 873 1966 amore
903 1926 1110 1966 maximo
1142 1926 1203 1975 (at
1235 1925 1453 1976 quicquid
1484 1925 1638 1965 dicere
1667 1924 1841 1976 possim

218 2012 383 2053 parum
406 2001 463 2039 sit
486 2011 569 2050 pro
603 2010 763 2038 eorum
792 1997 1037 2037 charitatis
1064 1996 1401 2047 magnitudine)
1432 1996 1744 2047 prosequitur,
1777 2007 1844 2034 sa-

218 2074 360 2112 lutem
383 2081 608 2119 amamus,
633 2076 813 2108 tantum
844 2080 929 2107 nos
965 2068 1097 2107 isthis
1133 2068 1237 2117 (sic)
1263 2067 1478 2117 precibus
1509 2066 1843 2117 sacrificiisque

220 2141 570 2183 commendatos
591 2140 923 2191 supplicamus.

298 2213 489 2264 Tyburi,
518 2212 632 2261 1556,
655 2211 679 2249 4
701 2222 850 2249 nonas
870 2210 1138 2262 Januarias

377 2283 515 2334 Jussu
540 2281 752 2321 Rectoris
773 2279 863 2319 ΚΘΗ
887 2280 933 2319 in
954 2278 1036 2319 X.0
1057 2279 1209 2319 Patris
1230 2280 1482 2320 Laurentii.

433 2353 558 2392 Tuae
582 2352 633 2392 R.
658 2350 959 2391 Paternitatis
980 2349 1331 2399 indignissimus
1353 2350 1488 2400 filius,

1273 2450 1454 2490 Peraus
1485 2450 1680 2490 SILuius.

273 2587 283 2606 ¹
326 2585 422 2611 Haud
439 2585 522 2611 satis
537 2584 726 2616 intelligere
744 2584 896 2609 valemus
919 2583 996 2617 quid
1020 2583 1149 2609 duabus
1171 2582 1221 2607 his
1245 2581 1432 2612 sententiiS,
1455 2588 1474 2607 a
1498 2580 1638 2607 vocibus
1654 2579 1750 2606 Haec
1765 2583 1846 2612 svar-

221 2641 264 2660 va
280 2634 463 2665 hucusque,
479 2631 673 2663 significare
690 2630 836 2656 voluerit
860 2629 1008 2665 Sylvius;
1031 2630 1088 2655 sed
1114 2636 1173 2655 nec
1198 2628 1365 2655 Polaneus
1390 2628 1459 2662 ipse
1484 2628 1642 2654 fortassis
1664 2626 1842 2659 intellexit,

222 2681 275 2714 qui
292 2688 330 2706 ea
347 2685 443 2705 caute
461 2678 633 2709 transiliit,
651 2677 726 2703 dum
742 2684 827 2710 quae
844 2677 875 2703 in
898 2677 948 2703 his
968 2677 1094 2703 litteris
1116 2676 1341 2706 continentur,
1370 2675 1402 2701 in
1429 2682 1525 2702 suum
1552 2675 1755 2704 Cnronz'con,
1770 2678 1794 2700 t.
1810 2681 1830 2698 v

222 2726 485 2754 transcribebat.

276 2774 289 2793 2
326 2773 453 2799 Eorum
468 2772 608 2802 scilicet,
626 2772 679 2805 qui
696 2776 827 2798 tantum
844 2772 955 2803 legere
971 2776 1003 2796 et
1019 2770 1166 2796 scribere
1183 2770 1214 2796 in
1230 2775 1347 2796 nostra
1360 2770 1478 2796 schola
1495 2769 1667 2795 docentur.
1681 2766 1767 2794 Vide
1784 2767 1843 2792 Po—

223 2828 322 2849 LANCJ
341 2820 542 2849 chronicon,
556 2824 578 2846 t.
595 2827 641 2852 iv,
657 2827 733 2853 pag.
747 2819 789 2849 22,
804 2827 834 2845 n.
850 2818 898 2844 ¹26.

278 2868 290 2886 ⁵
329 2868 365 2894 P.
382 2867 519 2893 Petrum
536 2867 574 2892 de
592 2866 743 2893 Pradene
759 2870 790 2892 et
809 2865 1015 2892 Antoninum
1034 2866 1072 2891 de
1091 2864 1258 2891 Henricis.

277 2914 290 2934 ⁴2
327 2915 465 2945 Eorum,
479 2914 531 2946 qui
549 2913 674 2940 latinae
691 2914 825 2946 linguae
842 2912 1064 2939 addiscendae
1081 2912 1160 2938 dant
1183 2920 1330 2944 operam,
1359 2920 1499 2946 quorum
1524 2912 1673 2938 scholam
1701 2911 1843 2944 regebat

225 2962 295 2997 ipse
312 2962 461 2997 Syn-Lus.

277 3010 291 3029 ὃ
331 3010 468 3036 Antonii
486 3009 522 3034 de
542 3008 683 3034 Robore.
