2020 3342
841 239 926 277 AN.
956 237 1046 277 1556
1684 236 1754 273 379

134 351 224 380 una
244 339 453 379 oratione
475 337 731 388 composita
749 337 821 376 col
843 347 926 376 suo
949 335 1134 386 ingenio
1157 338 1201 373 et
1222 344 1402 384 sapere,
1430 332 1474 372 la
1505 332 1613 383 qual
1644 343 1755 372 cosa

134 423 227 452 non
247 411 306 451 da
327 409 478 462 picola
499 408 806 449 admiratione
829 407 906 447 alli
933 405 1152 454 audienti,
1176 403 1385 445 uedendo
1407 403 1525 455 putti
1547 405 1644 444 cosi
1664 403 1755 455 pic-

135 483 223 522 0011
244 491 537 533 componere,
561 485 605 520 et
627 485 756 519 tanto
779 478 1113 519 audacemente
1134 475 1307 517 recitar
1328 474 1543 515 orationi.
1563 474 1630 515 La
1648 475 1755 526 qual

135 553 283 594 anche
304 551 655 592 essercitatione
678 549 768 590 essi
785 549 1121 600 grandemente
1144 545 1448 596 comendano,
1469 551 1513 585 et
1531 551 1659 586 tanto
1676 546 1755 596 pin

136 623 346 664 uedendo
367 623 470 663 chel
490 622 638 662 simile
660 633 750 662 non
781 620 820 660 si
848 619 894 660 fa
927 621 972 660 in
1005 620 1146 660 niuna
1178 619 1298 658 altra
1330 616 1487 658 schola
1517 616 1562 656 di
1593 622 1756 668 questa

134 695 260 736 cittii:
285 695 324 735 si
346 696 429 734 che
457 694 514 734 da
542 698 705 745 questa
727 692 1077 732 essercitatione
1098 689 1411 740 grandissima
1445 688 1596 728 utilita
1628 698 1677 728 se
1698 699 1755 727 ne

134 778 267 816 caua,
292 765 447 817 percio
469 765 554 804 che
575 764 606 804 li
628 763 838 804 cittadini
860 763 933 803 all’
955 762 1141 802 orechie
1164 762 1219 801 de
1250 760 1374 812 quali
1407 765 1569 811 questo
1600 763 1623 798 e
1654 771 1755 810 per-

135 843 319 887 uenuto,
336 836 729 877 sommamentelo
745 834 912 875 lodano
931 840 974 874 et
993 833 1034 873 ci
1051 833 1205 873 danno
1223 830 1427 872 etiandio
1444 830 1475 870 li
1493 830 1593 870 suoi
1609 830 1754 881 figlio-

133 909 162 948 li
190 908 248 948 ad
275 919 429 948 essere
456 906 625 947 eruditi
655 912 779 946 sotto
806 906 851 945 la
878 910 1038 945 nostra
1071 903 1330 955 disciplina:
1362 903 1387 941 l'
1428 902 1571 942 animi
1606 901 1754 941 anche

133 980 239 1020 delli
259 979 463 1020 scholari
480 989 567 1018 con
584 982 745 1029 questo
762 976 956 1017 honesto
974 976 1110 1015 modo
1129 975 1169 1014 d’
1191 974 1441 1014 ambitione
1463 973 1574 1024 ogni
1590 972 1754 1023 giorno

71 1094 73 1097 ,
132 1050 169 1090 5’
188 1050 457 1090 accendono
478 1049 569 1100 piii,
594 1054 637 1089 et
665 1047 911 1099 suspirano
933 1058 960 1086 a
983 1045 1213 1097 maggiori
1235 1044 1357 1085 studi
1378 1055 1461 1095 per
1483 1043 1688 1094 cupidita
1710 1043 1756 1083 di

131 1122 296 1173 gloria,
317 1119 698 1172 aggiongendoui
715 1119 760 1159 di
776 1118 854 1170 piu
871 1118 956 1158 che
978 1118 1001 1156 ’l
1018 1117 1090 1157 Re
1108 1116 1312 1166 Rettore,
1332 1115 1462 1156 finita
1479 1116 1505 1154 l’
1527 1114 1752 1164 oratione,

133 1192 270 1233 lauda
291 1193 318 1232 l'
339 1198 524 1232 oratore
551 1197 596 1231 et
627 1190 849 1231 dechiara
878 1202 903 1229 a
934 1189 1038 1229 tutti
1067 1194 1230 1239 questo
1259 1198 1414 1227 essere
1442 1173 1558 1227 fat‘to
1591 1186 1649 1226 da
1677 1186 1756 1225 noi

134 1263 264 1304 accio
287 1264 373 1304 che
393 1265 421 1303 l‘
446 1261 797 1303 essercitatione
821 1262 975 1309 (senza
998 1261 1041 1300 la
1063 1259 1198 1310 quale
1220 1257 1360 1298 niuna
1382 1263 1481 1298 arte
1503 1258 1629 1297 nulla
1659 1257 1755 1307 gio-

132 1335 347 1383 uerebbe)
371 1334 630 1386 seguitasse
652 1336 1120 1384 consequentemente
1143 1329 1169 1369 l'
1191 1335 1303 1380 arte,
1329 1334 1372 1369 et
1395 1341 1421 1368 a
1443 1330 1547 1368 tutti
1575 1333 1755 1368 essorta

134 1406 264 1446 accio
285 1406 315 1446 il
336 1406 589 1446 medesimo
613 1404 882 1445 abbracino.

210 1478 342 1518 Ultra
365 1477 409 1517 di
431 1477 517 1527 cio,
541 1475 835 1516 considerata
857 1475 884 1514 l‘
909 1474 1073 1524 utilita,
1105 1478 1129 1513 e
1158 1473 1370 1513 ordinato
1399 1471 1474 1511 dal
1502 1470 1753 1511 medesimo

131 1549 282 1590 Padi-e
304 1548 389 1590 che
409 1549 440 1589 11
462 1549 580 1600 putti
602 1548 686 1588 che
704 1554 870 1587 stanno
889 1552 1009 1586 sotto
1027 1546 1070 1584 la
1087 1550 1247 1584 nostra
1265 1543 1523 1594 disciplina,
1544 1543 1585 1582 le
1602 1541 1754 1582 dome-

131 1621 268 1661 niche
290 1626 334 1661 et
353 1620 469 1660 feste
490 1619 660 1660 uadino
684 1620 772 1659 alle
794 1618 963 1667 chiese,
984 1617 1102 1657 doue
1121 1616 1235 1656 certi
1251 1614 1457 1655 huomini
1473 1614 1537 1665 pii
1558 1624 1754 1653 conuen-

130 1703 254 1743 gono
275 1691 466 1732 insieme
487 1702 569 1742 per
590 1691 838 1741 insegnare
858 1689 902 1729 13
925 1687 1127 1728 dottrina
1149 1687 1256 1727 ΧΨ
1281 1686 1358 1726 alli
1378 1684 1601 1735 sancium,
1625 1683 1754 1724 30010

132 1763 216 1803 che
238 1774 325 1803 con
346 1764 373 1802 l'
398 1762 590 1813 aggiuto
614 1761 762 1801 anche
783 1760 889 1800 delli
911 1760 1059 1800 nostri
1081 1758 1284 1799 scholari
1306 1768 1508 1808 possano
1529 1756 1608 1807 pisi
1628 1755 1752 1795 facil-

131 1840 284 1875 mente
304 1840 465 1886 portar
486 1833 550 1873 tal
571 1833 777 1882 carrico3
800 1843 882 1883 per
904 1832 946 1870 la
975 1831 1082 1882 qual
1112 1841 1220 1869 cosa
1249 1828 1454 1879 ogniuno
1477 1827 1584 1868 delli
1604 1827 1756 1867 nostri

130 1906 251 1946 tiene
273 1905 388 1945 certi
409 1904 656 1955 designati,
680 1903 786 1944 nelli
808 1903 934 1954 quali
962 1902 1038 1953 piu
1072 1901 1389 1941 Chias-amente
1421 1899 1459 1938 si
1489 1898 1604 1938 uede
1636 1898 1751 1938 relu-

130 1988 235 2017 cere
256 1978 283 2016 l’
309 1987 440 2017 amor
461 1976 577 2016 delle
599 1975 737 2015 uirtii:
761 1974 791 2014 11
812 1973 936 2025 quali
958 1973 1098 2012 etiam
1119 1978 1301 2012 essorta
1331 1976 1375 2010 et
1407 1970 1612 2010 inanima
1643 1969 1755 2019 ogni

129 2048 324 2089 sabbato
347 2048 476 2088 accio
499 2047 582 2088 che
610 2052 774 2098 questa
795 2056 937 2096 opera
959 2044 1005 2083 di
1026 2042 1344 2083 misericordia
1377 2044 1475 2082 cosi
1507 2046 1643 2081 santa
1672 2051 1755 2091 per

128 2120 413 2171 negligentia
437 2131 462 2158 0
485 2118 650 2159 inertia
673 2130 763 2158 non
787 2117 1032 2169 patiscono
1054 2115 1091 2155 si
1115 2114 1329 2164 rifreddi3
1352 2125 1428 2153 ma
1450 2113 1479 2152 li
1505 2112 1623 2164 putti
1652 2112 1754 2152 obe-

129 2191 271 2231 dienti
305 2192 348 2231 al
383 2191 508 2231 detto
538 2190 593 2230 de
629 2190 730 2230 suoi
766 2189 928 2229 mastri
964 2199 1053 2227 con
1083 2186 1237 2226 animo
1268 2185 1457 2225 liberale
1488 2190 1532 2224 et
1563 2194 1753 2235 appare-

127 2251 282 2302 chi⁸ato
304 2262 374 2302 cio
396 2261 729 2313 adimpiscono.
753 2259 889 2301 Vnde
913 2271 967 2298 ne
990 2258 1173 2308 seguita
1196 2256 1282 2296 che
1299 2256 1405 2308 quei
1424 2254 1647 2305 fanciulli,
1669 2254 1754 2295 che

128 2333 278 2384 prima
302 2333 547 2373 andauano
578 2344 669 2384 qua
701 2338 744 2371 et
772 2332 815 2370 la
848 2329 1129 2381 uagabundi,
1163 2328 1328 2368 irretiti
1361 2332 1405 2367 et
1435 2325 1679 2378 ingannati
1709 2325 1755 2365 di

129 2410 291 2456 questo
313 2410 447 2444 santo
468 2404 613 2444 lascio
635 2404 754 2444 della
777 2403 898 2442 uirtii
919 2401 1192 2442 consumino
1215 2400 1245 2439 il
1265 2405 1417 2450 tempo
1433 2399 1480 2438 in
1496 2398 1692 2437 honeste
1710 2402 1755 2437 et

129 2481 263 2516 sante
285 2475 640 2526 essercitationi,
665 2481 707 2514 et
730 2474 801 2514 cio
823 2478 846 2514 e
868 2479 996 2513 tanto
1019 2472 1174 2512 lodato
1197 2470 1307 2510 dalli
1335 2468 1545 2510 cittadini
1575 2475 1618 2508 et
1647 2468 1755 2508 dalli

130 2546 235 2586 altri
258 2546 465 2586 huomini
486 2546 544 2586 da
566 2547 696 2595 bene,
721 2546 806 2585 che
827 2558 853 2585 a
874 2556 993 2596 pena
1016 2544 1044 2583 11
1067 2554 1206 2594 posso
1230 2541 1341 2582 dire:
1368 2540 1452 2581 che
1484 2540 1552 2580 sia
1584 2540 1615 2579 il
1644 2550 1755 2579 uero

129 2618 168 2658 si
188 2621 278 2669 puo
300 2618 468 2658 uedere
490 2629 572 2669 per
594 2619 634 2657 le
656 2617 779 2657 laudi
801 2617 917 2656 colle
938 2615 1062 2667 quali
1084 2620 1128 2654 et
1151 2614 1227 2653 noi
1250 2619 1294 2653 et
1316 2613 1360 2652 la
1377 2617 1540 2652 nostra
1558 2611 1755 2661 Compa-

127 2689 238 2740 gnia
259 2689 384 2729 assai
404 2689 730 2729 diffusamente
752 2688 981 2737 inalzano,
1015 2684 1226 2726 uedendo
1261 2685 1345 2725 che
1377 2696 1470 2724 non
1498 2683 1755 2723 solamente

129 2760 234 2801 colli
254 2760 375 2801 studi
397 2761 514 2801 delle
541 2761 682 2800 letere
711 2759 945 2811 uogliamo
977 2769 1145 2797 ornare
1177 2756 1206 2796 li
1237 2756 1340 2796 suoi
1374 2754 1547 2805 figlioli,
1580 2765 1655 2793 ma
1678 2764 1752 2792 an-

127 2832 273 2872 chora
294 2832 399 2872 00111
420 2832 561 2871 buoni
583 2831 779 2871 costumi
801 2831 831 2870 li
853 2829 995 2870 animi
1017 2828 1061 2868 di
1084 2828 1246 2868 dentro
1267 2828 1383 2867 bene
1403 2825 1670 2866 informare.

207 2901 242 2942 Il
267 2902 350 2943 che
385 2902 650 2943 facilrnente
679 2902 884 2953 ogniuno
916 2904 1007 2951 puo
1036 2899 1290 2948 intendere,
1320 2896 1588 2949 imperoche
1612 2896 1650 2935 51
1678 2907 1754 2935 110-

129 2974 286 3025 gliano
306 2972 582 3024 riguardare
605 2974 649 3012 al
668 2983 922 3024 progresso
945 2971 1061 3011 delle
1084 2971 1225 3010 letere
1246 2975 1290 3009 et
1320 2968 1471 3008 utilita
1498 2967 1604 3007 delli
1625 2966 1755 3006 scho-

130 3045 231 3096 lari,
268 3056 360 3085 non
394 3044 741 3085 mancheranno
777 3055 884 3083 cose
917 3043 1002 3083 che
1031 3053 1121 3082 con
1150 3041 1283 3093 segni
1318 3038 1653 3081 euidentissimi
1683 3037 1753 3076 cio
