2020 3342
799 257 880 293 AN.
912 256 1003 295 1556
1639 256 1705 292 011

85 365 186 394 rum
209 353 438 393 sentinam
459 363 724 404 expurgare
747 352 1050 403 contendunt;
1075 357 1212 403 atque
1243 351 1383 391 etiam
1407 363 1463 390 ne
1484 352 1707 390 memoria

84 425 229 473 fallat,
260 430 454 475 peccata
487 424 660 475 scripto
691 423 931 463 adnotant.
956 422 1077 474 Quid
1105 423 1160 462 de
1182 422 1253 462 his
1284 423 1461 474 loquar,
1487 421 1577 473 qui,
1601 422 1707 462 licet

86 496 408 536 adolescentes
437 495 525 534 sint
561 501 604 534 et
632 501 790 534 tantae
819 494 886 534 rei
912 506 1078 545 parurn
1114 505 1312 545 capaces
1347 493 1617 543 videantur,
1651 492 1709 532 ad

85 577 272 606 sacrum
293 572 449 606 tamen
471 565 642 605 Christi
667 577 838 616 corpus
869 565 1143 605 sumendum
1164 571 1295 604 tanta
1317 564 1487 615 pietate
1515 571 1559 604 et
1580 575 1709 603 reve-

87 637 235 677 rentia
258 637 466 686 veniunt,
492 642 539 676 ut
570 636 709 676 ctiam
740 647 873 675 senes
905 636 949 675 in
972 636 1042 676 sui
1063 635 1418 675 admirationem
1449 636 1706 686 rapiantur,

87 719 206 759 quae
226 705 333 759 (sic)
353 707 399 746 hi
421 718 504 746 suo
524 718 614 746 non
633 712 821 746 movent
838 707 1068 758 exemplo?
1086 706 1221 747 Certe
1239 712 1457 757 parentes
1480 706 1581 757 ipsi,
1601 705 1709 745 dum

88 779 257 818 liberos
284 789 414 827 suos,
447 789 562 829 quos
594 778 696 817 ocio
727 784 863 817 antea
892 778 1157 829 turpissime
1186 788 1477 817 marcescere
1505 788 1559 816 ac
1588 782 1710 816 totas

86 855 246 889 noctes
280 855 491 900 totosque
527 849 624 888 dies
654 849 755 888 alea
786 849 942 888 ludere
979 848 1206 899 viderant,
1242 848 1306 888 ita
1328 849 1421 889 iam
1443 849 1710 888 immutatos

87 921 355 970 observant3
379 919 617 959 civitatem
642 919 800 959 dicunt
824 919 1045 960 Societati
1076 926 1298 971 perpetuo
1322 919 1636 971 mancipatam
1656 930 1709 958 ac

87 991 352 1031 devinctam
392 1001 493 1030 esse
533 989 720 1038 debere,
763 991 894 1030 cuius
930 1002 1069 1042 opera
1107 991 1415 1030 sanctissimis
1454 990 1710 1041 disciplinis

87 1067 343 1101 exornatur
364 1068 407 1101 et
430 1062 475 1100 in
497 1061 657 1112 primis
678 1061 847 1112 pietate
869 1062 1156 1101 honestatur.
1180 1061 1251 1101 Ex
1266 1061 1504 1113 discipulis
1522 1062 1709 1112 aliquot,

88 1132 312 1185 spectatis
339 1132 545 1172 moribus
567 1144 621 1172 ac
643 1134 887 1183 praeclaro
915 1132 1114 1183 praediti
1135 1133 1339 1182 ingenio,
1365 1133 1410 1172 in
1432 1131 1712 1172 Societatem

90 1203 271 1243 admitti
301 1204 508 1254 cupiunt,
542 1215 600 1243 ex
627 1204 791 1254 quibus
819 1203 1090 1243 adolescens
1112 1203 1315 1254 quidam,
1336 1204 1535 1254 insignis
1566 1204 1713 1244 cuius-

89 1275 197 1315 dam
230 1275 434 1314 doctoris
467 1275 608 1324 filius,
654 1275 973 1314 vehementius
1013 1275 1249 1314 contendit
1289 1281 1333 1314 et
1373 1281 1422 1315 ut
1461 1275 1715 1326 recipiatur

89 1345 327 1397 efflagitat:
346 1352 390 1385 et
411 1346 517 1385 licet
538 1346 636 1385 eius
655 1352 871 1397 parentes
889 1346 1007 1385 bono
1025 1345 1104 1385 filii
1122 1346 1350 1385 desiderio
1372 1357 1456 1397 pro
1478 1347 1602 1386 virili
1622 1358 1712 1386 res-

89 1417 282 1466 titerint,
306 1423 463 1456 tamen
485 1417 748 1466 victoriam,
773 1423 821 1456 ut
844 1428 1101 1468 speramus,
1126 1423 1417 1468 assequetur.

168 1487 297 1528 Haec
319 1494 440 1538 sunt,
464 1487 563 1528 Rde
590 1487 741 1537 Pater,
765 1499 883 1539 quae
906 1488 961 1528 de
983 1488 1093 1528 novi
1114 1488 1250 1528 huius
1268 1488 1463 1540 Collegii
1480 1489 1633 1530 fructu
1656 1490 1715 1530 di-

90 1558 237 1598 cenda
259 1558 305 1598 in
326 1565 528 1599 mentem
544 1566 787 1609 venerant;
811 1570 954 1610 quare
976 1559 1015 1598 si
1035 1559 1146 1598 illud
1163 1571 1304 1599 unum
1323 1560 1555 1610 adiecero,
1578 1560 1715 1600 finem

89 1628 274 1670 faciam.
309 1628 604 1681 Quamquam
636 1630 783 1670 maior
814 1642 924 1681 pars
956 1642 1010 1670 ac
1041 1631 1205 1670 melior
1237 1631 1374 1671 huius
1392 1632 1597 1671 civitatis
1615 1631 1716 1672 Col-

89 1700 211 1751 legio
234 1700 573 1752 impensissime
596 1701 737 1751 favet,
762 1707 918 1741 tamen
940 1701 1004 1751 (ut
1031 1713 1172 1752 supra
1201 1702 1375 1742 dictum
1406 1702 1490 1752 est)
1518 1714 1613 1742 non
1644 1703 1715 1743 de-

91 1777 197 1812 sunt
218 1771 295 1823 qui
316 1771 362 1811 in
383 1783 545 1812 necem
565 1778 775 1812 nostram
797 1772 1078 1823 conspirent,
1110 1773 1278 1824 quique
1306 1772 1588 1814 Societatem
1608 1774 1716 1814 hinc

91 1842 155 1882 ita
173 1843 399 1894 extirpari
416 1849 459 1882 et
481 1842 688 1883 funditus
704 1843 802 1882 tolli
820 1843 1097 1893 desiderent,
1124 1850 1170 1883 ut
1190 1856 1246 1883 ne
1264 1845 1515 1895 vestigium
1533 1845 1717 1896 quidem

90 1913 190 1953 eius
209 1914 462 1954 memoriae
484 1914 698 1966 supersit,
722 1913 803 1953 sed
824 1913 1028 1954 diffidere
1050 1927 1142 1954 non
1171 1927 1433 1966 possumus,
1458 1916 1536 1956 ubi
1563 1916 1718 1956 fautor

90 1990 134 2024 et
150 1984 336 2025 adiutor
357 1991 426 2024 est
447 1984 675 2034 Christus,
696 1985 835 2024 immo
853 1985 1006 2035 potius
1023 1986 1121 2025 fore
1139 1986 1428 2037 confidimus,
1448 1993 1496 2027 ut
1514 1987 1654 2027 etiam
1671 1987 1718 2027 hi

91 2055 278 2096 divinae
298 2056 481 2107 gratiae
499 2057 636 2096 hamo
660 2056 910 2107 aliquando
932 2057 1190 2108 capiantur,
1211 2058 1289 2108 qui
1310 2059 1538 2099 eiusmodi
1555 2065 1718 2099 contra

91 2125 372 2167 Societatem
393 2128 661 2167 moliuntur.
686 2127 820 2177 Quod
843 2134 890 2167 ut
922 2127 1105 2168 facilius
1134 2128 1234 2168 fieri
1265 2135 1417 2181 queat,
1451 2136 1590 2181 utque
1617 2129 1717 2171 Col-

91 2197 201 2249 legii
220 2197 357 2238 huius
379 2209 521 2249 opera
543 2198 794 2249 plurimum
809 2197 1017 2249 Sponsae
1040 2198 1166 2239 Chri.
1191 2200 1445 2249 Ecclesiae,
1466 2201 1647 2242 decoris
1664 2213 1719 2241 ac

92 2268 450 2320 pulchritudinis
479 2269 688 2319 accedat,
722 2275 782 2315 te,
814 2276 947 2320 pater
977 2270 1310 2321 amantissime,
1342 2272 1642 2313 obsecramus
1672 2279 1720 2313 ut

93 2339 230 2379 huius
243 2339 440 2391 Collegii
457 2340 502 2379 in
519 2340 694 2380 sanctis
707 2340 798 2380 tuis
815 2340 1056 2382 sacrificiis
1075 2349 1119 2381 et
1139 2342 1428 2383 orationibus
1445 2343 1508 2383 sis
1527 2355 1725 2384 memor.v

93 2409 187 2450 Nec
209 2410 331 2451 enim
351 2410 614 2451 dubitamus
635 2411 723 2450 hoc
746 2409 1005 2460 Collegium
1025 2413 1117 2452 tuis
1133 2413 1359 2464 imprimis
1381 2425 1435 2454 ac
1457 2414 1622 2454 deinde
1643 2419 1728 2466 pa-'

93 2487 215 2521 trum
249 2482 455 2522 omnium
489 2488 626 2532 atque
654 2480 853 2520 fratrum
887 2482 1101 2532 precibus
1130 2484 1379 2534 plurimum
1410 2484 1618 2526 adiutum
1647 2486 1717 2525 iri.

94 2551 228 2602 Vale,
252 2560 385 2604 pater
406 2553 592 2604 optime,
616 2563 792 2603 nosque
808 2559 1032 2604 perpetuo
1054 2555 1408 2596 commendatos
1428 2556 1618 2596 habeas.

174 2622 348 2664 Datum
369 2623 641 2675 Syracusis,
666 2623 812 2674 pridie
835 2625 1011 2664 calend.
1037 2624 1312 2667 Decembris
1337 2627 1451 2667 1556.

251 2694 482 2746 Perquam
504 2694 624 2734 ΗΜΘ
649 2694 949 2735 Paternitatis
971 2702 1077 2735 tuae
1099 2708 1264 2737 servus
1285 2698 1477 2748 inutilis,

807 2819 1029 2860 ΜΙΕΗΑΕΙΗ
1050 2821 1275 2862 ANGELUS
1297 2823 1558 2863 LAssAccus.

175 2977 287 3017 Alia
309 2989 453 3017 mmm
474 2978 522 3017 in
545 2982 717 3028 quarta
734 2979 938 3029 pagina:
957 2982 984 3027 †
1006 2980 1055 3020 C.
1084 2980 1318 3022 Siracusa.
1347 2983 1499 3023 Pridie
1526 2984 1715 3024 Calend.

99 3047 375 3089 Decembris
400 3048 513 3088 1556.
1730 3038 1733 3041 ’
