2020 3342
912 215 993 252 AN.
1028 216 1119 253 1556
1758 222 1821 257 201

198 313 394 355 Romam
415 314 674 364 perscripta
695 318 816 353 sunt.
841 313 973 353 Alter
1002 312 1193 354 Oratius
1223 314 1410 364 gentilis
1436 317 1462 364 ¹,
1486 315 1542 354 de
1564 327 1654 366 quo
1686 317 1825 357 etiam

196 385 406 438 pluribus
427 383 530 425 ΚΜ
548 383 810 425 Paternitas
831 384 931 424 Tua
953 385 1122 424 certior
1151 385 1276 425 facta
1304 390 1387 425 est:
1422 385 1592 437 quippe
1625 387 1703 438 qui
1730 399 1820 426 ma-

198 456 374 497 ximum
426 455 717 496 constantiae
770 455 1005 507 specimen
1051 456 1279 496 aduersus
1322 457 1508 507 multas,
1546 462 1643 497 tum
1678 458 1825 508 patris

197 527 283 578 sui,
308 532 404 568 turn
425 538 712 568 summorum
733 526 1191 579 clarissimorumque
1208 527 1431 578 uirorum,
1452 529 1827 579 oppugnationes

197 598 444 650 praestitit.

278 667 382 709 Duo
405 669 590 709 demum
607 668 801 720 juuenes
823 681 880 710 ex
902 670 1152 720 Cossenza,
1177 670 1253 721 qui
1276 669 1365 709 hoc
1394 675 1602 721 tempore
1631 670 1825 722 Neapoli

197 740 285 780 iuri
307 739 430 780 ciuili
452 751 644 791 operam
666 740 915 791 nauaban't,
940 752 1045 781 cum
1066 741 1257 781 biduum
1278 740 1453 780 sanctis
1476 742 1824 793 contemplatio-

195 811 330 851 nibus
352 811 426 851 hic
448 812 569 862 apud
590 823 675 851 nos
697 812 1052 863 transegissent,
1084 812 1240 852 diuino
1272 812 1457 863 impulsi
1484 812 1659 861 afflatu,
1691 813 1825 854 nobis

195 894 244 922 se
265 882 562 923 adnumerari
589 883 705 922 uelle
738 882 968 923 dixerunt:
1000 883 1092 934 qui,
1127 883 1349 923 institutis
1379 884 1824 935 contemplationum

194 953 358 994 studiis
380 953 532 993 adhuc
554 953 733 1004 intenti,
758 954 907 1005 magis
930 955 976 994 in
997 954 1096 994 dies
1116 954 1360 1007 magisque
1390 954 1436 994 in
1459 956 1689 995 sententia
1718 967 1823 996 con-

194 1024 453 1075 firmantur,
485 1036 757 1076 summaque
786 1025 845 1065 ad
873 1025 960 1065 Dei
982 1025 1223 1066 seruitium
1246 1025 1387 1065 animi
1414 1026 1725 1077 propensione
1756 1039 1822 1067 re-

195 1108 418 1149 sponsum
440 1109 467 1136 a
487 1095 590 1136 R.da
615 1095 901 1136 Paternitate
922 1103 1003 1137 tua
1024 1103 1289 1148 expectant.

274 1168 443 1209 Tribus
464 1167 567 1208 aliis
590 1168 635 1208 in
657 1168 811 1208 animo
834 1174 902 1208 est
923 1168 1121 1208 Romam
1147 1169 1492 1220 quamprimum
1521 1169 1579 1209 ad
1607 1180 1692 1209 uos
1719 1181 1820 1220 pro-

194 1239 340 1281 ficisci
360 1271 368 1290 ,
411 1251 609 1291 quorum
646 1250 766 1280 unus
786 1272 794 1290 ,
841 1239 1134 1290 trigesimum
1181 1240 1390 1291 quintum
1435 1239 1603 1280 aetatis
1649 1252 1822 1281 annum

193 1321 354 1362 agens,
377 1310 588 1362 plurimis
609 1311 753 1351 animi
774 1310 957 1351 dotibus
978 1317 1170 1351 ornatus
1188 1317 1273 1351 est:
1296 1317 1339 1351 et
1356 1317 1453 1351 tum
1471 1310 1702 1362 doctrina,
1724 1318 1822 1352 tum

192 1393 349 1422 rerum
384 1393 468 1422 usu
503 1382 647 1433 ualet,
682 1382 814 1423 cuius
847 1382 1088 1433 egregiam
1117 1382 1163 1422 in
1204 1381 1292 1422 Dei
1326 1383 1452 1422 cultu
1495 1394 1688 1434 operam
1722 1384 1821 1424 fore

193 1465 301 1505 spes
322 1459 407 1494 est.

274 1525 405 1567 Multi
439 1530 703 1576 praeterea,
734 1537 851 1577 quos
878 1526 1089 1566 consulto
1118 1526 1461 1577 praetermitto,
1490 1525 1714 1568 Societati
1743 1540 1817 1568 no-

191 1602 316 1637 strae
332 1608 381 1636 se
399 1596 653 1648 adiungere
671 1597 878 1648 cupiunt,
898 1598 977 1649 qui
995 1598 1181 1649 quidem
1199 1598 1387 1638 ianuam
1405 1597 1641 1649 ingentem
1658 1611 1816 1650 opera-

191 1667 275 1708 riis
294 1667 340 1708 in
361 1669 548 1709 uineam
569 1667 757 1709 Domini
779 1669 952 1720 aperiri
973 1669 1275 1709 demostrant.

270 1738 345 1780 Ad
365 1739 481 1780 haec
503 1739 594 1780 duo
616 1752 673 1780 ex
696 1740 856 1780 Africa
879 1740 1003 1780 serui
1020 1740 1329 1781 cathechizati
1347 1747 1468 1791 sunt,
1489 1752 1686 1792 quorum
1703 1742 1819 1782 alter

191 1811 449 1862 supradicti
468 1810 663 1864 Joannis
684 1811 739 1852 de
763 1811 988 1852 Mendoza
1010 1823 1175 1852 seruus
1197 1818 1312 1863 erat,
1336 1812 1414 1864 qui
1436 1824 1541 1852 cum
1559 1824 1651 1852 non
1667 1813 1819 1853 solum

191 1881 472 1934 baptismum
494 1883 766 1934 susceperit,
788 1883 869 1923 sed
900 1883 946 1923 in
973 1884 1135 1923 'nostra
1161 1883 1301 1923 etiam
1329 1882 1563 1924 Societate
1594 1889 1818 1935 perpetuo

190 1952 291 1993 Deo
313 1953 489 1993 seruire
512 1954 740 2004 statuerit,
764 1954 908 1994 multa
930 1954 985 1994 de
1008 1966 1056 1994 se
1073 1954 1281 2006 polliceri
1298 1954 1496 2004 uidetur,
1517 1954 1593 2006 qui
1611 1954 1819 1995 afrorum

188 2025 396 2076 linguam
417 2025 570 2076 callet,
593 2036 678 2065 nec
700 2025 852 2065 alieno
874 2038 900 2065 a
922 2025 1086 2066 studiis
1107 2026 1294 2076 ingenio
1315 2032 1385 2066 est
1401 2025 1655 2077 praeditus.

269 2094 390 2147 Nos,
426 2101 476 2136 ut
510 2096 603 2136 iam
630 2095 820 2136 modum
848 2097 1003 2137 uerbis
1031 2102 1255 2148 statuam,
1283 2097 1362 2148 qui
1389 2097 1556 2147 uiginti
1584 2108 1741 2137 sumus
1771 2097 1819 2137 in

189 2167 403 2218 collegiO,
428 2179 588 2208 omnes
610 2166 697 2208 Dei
719 2167 1048 2219 omnipotentis
1070 2167 1358 2219 benignitate
1379 2169 1494 2208 bene
1522 2168 1748 2208 ualemus:
1772 2174 1817 2208 et

189 2237 311 2289 quod
332 2238 391 2278 ad
411 2238 600 2278 scholas
620 2239 842 2290 pertinet,
867 2239 1201 2291 discipulorum
1221 2239 1335 2279 satis
1355 2238 1574 2291 frequens
1595 2250 1818 2280 numerus

189 2315 278 2360 est,
316 2321 432 2361 quos
460 2310 593 2350 bonis
620 2310 826 2350 moribus
858 2311 1082 2362 bonisque
1111 2310 1258 2351 literis
1286 2311 1332 2350 in
1360 2311 1459 2351 dies
1486 2311 1639 2361 magis
1668 2310 1816 2361 profe-

189 2386 349 2420 cturos
370 2392 634 2432 speramus,
658 2381 763 2421 freti
786 2381 945 2422 diuina
967 2393 1053 2433 ope
1072 2414 1080 2433 ,
1103 2381 1226 2422 R.dae
1262 2381 1362 2422 Pstis
1394 2388 1501 2422 tuae
1529 2381 1818 2422 orationibus

188 2451 496 2503 impetranda,
520 2451 567 2491 in
589 2452 755 2503 quibus
776 2464 862 2493 nos
884 2465 941 2493 ex
964 2453 1120 2493 animo
1142 2453 1538 2494 commendamus.
1562 2452 1696 2494 Vale.

268 2521 476 2574 Neapoli,
500 2529 633 2564 sexto
654 2535 805 2564 nonas
825 2523 937 2582 Maii
967 2523 1080 2565 1556.

268 2593 321 2634 R.
345 2593 445 2635 P.tis
467 2594 521 2635 T.
543 2606 708 2635 seruus
729 2594 973 2647 indignus,

1142 2738 1314 2791 JOSEPH
1338 2739 1375 2778 F
1378 2750 1602 2781 ABRlTIUS.

243 2925 251 2944 ’-
293 2924 459 2952 Horatius
482 2924 629 2956 Gemite,
651 2925 691 2951 de
712 2932 776 2959 quo
799 2925 898 2958 plura
919 2925 1092 2955 Pomncus
1114 2925 1145 2952 in
1169 2924 1346 2957 Chronico,
1360 2929 1386 2952 t.
1408 2932 1454 2958 VI,
1477 2924 1554 2953 dum
1575 2931 1686 2953 sermo
1706 2928 1755 2952 est
1773 2924 1812 2950 de

188 2971 412 3006 Neapolitano
428 2971 591 3005 Collegio.
