2020 3342
835 245 916 281 ΑΝ.
948 244 1037 281 1556
1675 245 1737 281 131

121 344 203 384 tali
223 344 441 384 nimirum
463 342 797 393 discipulorum
818 341 1043 392 profectu,
1067 346 1111 380 et
1132 341 1372 380 literarum
1399 340 1602 379 maximo
1636 352 1738 391 pro-

123 425 309 466 gressu;
339 425 459 464 quae
489 412 658 459 omnia,
689 412 776 451 Dei
804 411 1044 460 beneficio,
1074 411 1119 450 in
1152 411 1325 450 nostris
1351 411 1538 450 minime
1565 410 1740 450 deside-

123 492 309 534 tantm-3
348 485 412 524 ita
448 483 571 523 enim
598 481 841 534 splendent
868 493 924 521 ac
955 482 1237 531 elucescunt,
1267 487 1317 520 ut
1345 481 1622 521 confirmare
1648 493 1741 520 non

125 556 315 608 possim,
339 561 443 594 utra
464 552 509 593 in
531 564 580 592 re
600 552 802 592 maiores
823 551 999 591 faciant
1020 562 1319 603 progressus:
1343 563 1448 591 cum
1467 551 1590 591 enim
1616 563 1740 591 men-

123 627 183 667 tis
213 626 373 666 oculos
403 625 462 664 ad
495 624 642 664 bonos
671 634 832 662 eorum
863 634 1018 662 mores
1045 623 1260 673 uitaeque
1289 623 1607 672 integritatem
1630 633 1742 662 con-

126 703 272 745 uerto‚
297 695 431 736 uideo
454 695 557 734 illos
581 706 607 733 a
628 694 722 733 uita
745 693 838 739 illa,
863 704 1016 744 quam,
1040 693 1310 744 priusquam
1332 693 1390 732 ad
1412 704 1496 732 nos
1513 693 1740 741 uenirent,

125 767 341 818 agebant,
375 766 644 813 abhorrere,
675 771 723 803 ut
752 775 855 803 eam
882 763 1068 802 exuisse
1098 774 1361 814 nouamque
1387 763 1640 813 sumpsisse
1677 763 1743 802 ui-

125 838 335 878 deantur.
372 836 531 888 Neque
565 836 653 875 hoc
687 835 838 874 solum
872 834 1019 881 nobis,
1058 834 1138 874 sed
1172 841 1217 874 et
1250 834 1521 884 parentibus
1560 845 1744 885 quoque

123 907 245 948 idem
266 907 464 956 uidetur,
488 906 580 957 qui,
606 917 710 945 cum
726 905 772 944 in
789 904 988 944 filiorum
1003 904 1285 944 mentionem
1302 903 1523 954 incidunt,
1542 905 1743 954 glorian-

122 985 198 1019 tur
219 978 343 1030 quod
362 977 535 1017 liberos
555 988 665 1016 suos
688 977 732 1015 in
754 976 927 1015 bonam
950 981 1164 1026 receptos
1184 974 1368 1026 frugem
1390 975 1592 1025 uideant,
1622 975 1744 1026 quod

123 1050 399 1090 miraculum
422 1061 447 1088 a
469 1046 743 1099 quibusdam
767 1047 1040 1098 appellatur.

205 1120 339 1171 Quod
358 1119 404 1159 δι’
422 1118 674 1158 literarum
695 1117 1031 1157 incrementum
1057 1117 1178 1156 scire
1206 1121 1426 1168 exoptas,
1458 1117 1543 1156 hoc
1562 1117 1739 1157 habeto.

125 1191 174 1231 In
202 1191 462 1230 studiorum
489 1189 791 1229 renouatione
814 1188 1031 1228 defensae
1053 1194 1158 1228 sunt
1179 1200 1205 1227 a
1224 1187 1424 1239 quodam
1446 1188 1746 1228 scholastico-

123 1273 227 1301 rum
265 1269 534 1300 nostrorum
573 1260 618 1299 in
659 1260 773 1299 aede
812 1259 921 1299 Diui
961 1258 1222 1308 Laurentii,
1263 1259 1309 1298 in
1348 1271 1439 1309 qua
1478 1259 1526 1299 Ρ.
1570 1259 1747 1299 Doctor

123 1332 294 1373 Loarte
331 1332 400 1381 (ut
435 1331 528 1370 iam
562 1331 678 1379 dixi)
715 1331 846 1381 legit,
885 1328 1115 1381 quaedam
1149 1330 1493 1379 gmmnmtz'cae
1530 1328 1539 1348 ¹
1576 1329 1746 1379 theses,

125 1415 244 1454 quae
265 1402 419 1442 triduo
442 1407 549 1441 ante
579 1401 941 1452 disputationem
970 1399 1135 1439 affixae
1164 1399 1350 1439 fuerunt
1380 1401 1427 1439 in
1457 1400 1647 1439 aedibus
1678 1412 1747 1440 sa-

125 1474 218 1514 cris
249 1473 442 1524 aliisque
469 1473 516 1512 in
545 1471 659 1511 locis
688 1471 824 1511 huius
852 1471 1000 1520 urbis,
1032 1470 1090 1510 ad
1118 1482 1232 1521 quos
1266 1471 1482 1521 frequens
1509 1471 1748 1510 hominum

125 1551 285 1584 coetus
313 1543 565 1583 conuenire
593 1544 724 1592 solet,
756 1542 819 1581 ita
850 1548 897 1581 ut
926 1541 1040 1581 liber
1069 1541 1255 1581 cuilibet
1284 1548 1465 1592 pateret
1496 1542 1647 1582 aditus
1669 1554 1749 1581 eas

124 1614 444 1666 impugnandi.
493 1613 701 1664 Cumque
742 1613 834 1652 iam
874 1612 973 1652 dies
1012 1611 1285 1662 designatus
1330 1612 1618 1661 aduenisset,
1660 1612 1746 1652 fuit

126 1686 359 1726 maximus
380 1685 619 1725 hominum
636 1695 892 1723 concursus
909 1689 1100 1734 propter
1118 1683 1184 1722 rei
1201 1684 1457 1723 nouitatem
1478 1682 1605 1733 (nihil
1627 1684 1749 1723 enim

126 1756 289 1806 simile,
314 1762 364 1795 ut
391 1768 417 1795 a
438 1755 649 1806 plurimis
681 1754 963 1804 accepimus,
996 1753 1187 1793 Genuae
1218 1755 1370 1793 uisum
1392 1754 1580 1804 fuerat):
1612 1755 1749 1794 inter-

129 1826 213 1867 fuit
241 1827 502 1878 Episcopus
529 1825 557 1875 '²,
582 1837 763 1865 necnon
794 1825 1040 1864 uniuersus
1071 1823 1270 1864 Senatus
1298 1837 1402 1865 cum
1421 1825 1545 1865 Ill.mo
1566 1825 1696 1865 Duce
1718 1825 1746 1875 ⁵,

127 1898 206 1949 qui
227 1898 433 1937 maxima
461 1909 566 1937 cum
594 1896 850 1936 attentione
882 1895 1102 1935 audiuere
1132 1895 1471 1946 praefationem
1497 1897 1748 1947 quamdam

122 1968 337 2008 habitam
372 1981 397 2008 a
432 1968 609 2019 primae
649 1967 813 2006 classis
852 1973 1158 2017 praeceptore
1198 1973 1304 2006 ante
1344 1967 1470 2018 ipsos
1508 1967 1749 2008 literarum

123 2039 393 2089 conflictus3
432 2040 627 2079 alteram
663 2037 828 2077 deinde
867 2037 1073 2077 eiusdem
1108 2036 1388 2077 defensoris:
1420 2042 1570 2088 porro
1613 2050 1749 2089 argu-

123 2117 299 2161 menta,
322 2121 438 2161 qnae
471 2109 717 2161 profligata
746 2108 931 2148 fuerunt
959 2120 987 2147 a
1016 2106 1031 2126 ⁴
1057 2108 1301 2148 duodecim
1332 2120 1390 2148 ex
1420 2109 1591 2148 nostris
1619 2111 1748 2149 scho-

56 2219 58 2221 .
120 2182 331 2231 lasticisj
378 2181 454 2232 qui
490 2181 625 2220 huius
664 2180 731 2219 rei
771 2180 926 2231 gratia
967 2186 1350 2229 argumentorum
1389 2180 1490 2219 telis
1536 2181 1750 2220 instructi

124 2258 351 2292 uenerant
372 2250 399 2291 5.
424 2251 519 2291 Vix
541 2262 658 2302 queo
681 2250 835 2290 dicere
858 2257 1031 2301 quanta
1059 2249 1196 2289 fuerit
1217 2250 1456 2290 hominum
1484 2251 1747 2300 admiratio,

127 2330 301 2374 quanta
342 2323 555 2362 attentio:
600 2322 890 2361 mirabantur
929 2320 1157 2371 siquidem
1196 2333 1383 2372 pueros,
1427 2322 1504 2372 qui
1542 2321 1747 2362 nondum

126 2393 452 2433 duodecimum
488 2404 661 2432 annum
696 2392 967 2442 attigerant,
1006 2392 1068 2430 ita
1093 2391 1316 2432 audacter
1347 2398 1485 2443 atque
1506 2394 1752 2444 perspicue

93 2469 96 2471 ’
127 2471 404 2515 argumenta
432 2464 478 2503 in
500 2463 701 2504 medium
728 2462 1036 2514 proferenteS,
1067 2468 1464 2512 propugnatorem
1486 2475 1666 2515 quoque
1688 2465 1751 2504 ita

125 2541 400 2575 constanter
435 2546 595 2574 eorum
630 2534 876 2574 conatibus
918 2533 1241 2583 obsistentem,
1283 2540 1332 2573 ut
1367 2546 1471 2574 cum
1506 2536 1753 2586 scopuloso

126 2605 391 2657 difficilique
425 2606 528 2645 loco
564 2611 846 2652 uersaretur,
883 2615 964 2654 per
993 2609 1088 2643 tres
1114 2604 1255 2643 horas
1285 2604 1388 2654 (hoc
1423 2605 1546 2645 enim
1572 2612 1754 2657 tempus

126 2683 458 2728 consumptum
491 2682 560 2716 est
594 2676 641 2715 in
674 2674 1080 2726 disputationibus)
1103 2686 1160 2714 ne
1190 2675 1386 2715 uerbum
1413 2675 1598 2727 quidem
1620 2683 1753 2716 extra

179 2811 189 2830 ¹
232 2818 274 2838 ex
288 2811 557 2838 humanioribus
573 2811 715 2838 litteris.
734 2811 920 2837 PoLANcus.

179 2858 194 2878 Ξ
231 2859 396 2892 Aegidius
412 2858 588 2892 Falcetta,
613 2858 808 2885 Caorlensis
829 2859 885 2885 vel
908 2857 1127 2891 Caprulensis
1152 2858 1352 2894 Episcopus.
1374 2858 1561 2886 Genuensis
1582 2859 1758 2894 Archiepi-

125 2906 218 2940 scopi
233 2905 493 2940 Suffraganeus.

181 2952 195 2971 3
236 2953 426 2985 Augustino
441 2953 581 2980 Pinello.
596 2953 683 2980 Vide
699 2953 848 2980 PonAxcx
865 2952 1069 2984 Claront‘con,
1084 2958 1105 2980 t.
1121 2963 1154 2988 v,
1170 2962 1248 2989 pag.
1266 2954 1327 2988 105,
1344 2959 1459 2983 annot.
1476 2956 1501 2983 1.

182 2999 196 3019 ⁴
234 3007 253 3025 a
268 3007 332 3032 quo
347 3004 550 3033 argumenta
564 3000 748 3034 profligata
763 3000 910 3033 fuerunt,
926 3008 1013 3034 qtae.
1028 3001 1213 3029 PoLANcus.

185 3045 200 3065 ⁵
234 3051 412 3079 uenerant,
427 3050 697 3081 proposuerunt.
716 3046 764 3074 Io.
