2020 3342
233 218 304 256 508
742 218 966 256 LITTERAE
993 227 1349 260 QUADRIMESTRES

313 316 442 356 Haec
464 322 570 356 sunt
591 317 700 365 fere,
724 315 776 355 R.
800 314 866 364 P„
892 325 1009 366 quae
1030 313 1076 354 in
1096 325 1277 355 summa
1299 314 1551 365 contigisse
1567 313 1638 354 his
1663 319 1860 366 quatuor

235 388 405 439 elapsis
425 387 674 436 mensibus,
698 386 785 426 Dei
807 386 1027 435 bonitate,
1052 385 1378 436 comperimus.
1403 385 1473 425 Tu
1494 385 1703 437 (quaeso)
1733 385 1860 425 obse-

235 458 392 509 quium
421 464 630 498 nostrum
661 457 996 509 qualecumque
1026 462 1070 496 et
1096 457 1278 496 labores
1306 462 1492 496 nostros
1518 456 1627 496 boni
1651 457 1856 507 consule,

235 540 290 568 ac
313 527 414 568 Deo
435 539 521 568 nos
541 528 711 578 iugiter
733 527 1022 568 commenda.

315 598 567 639 Panhormi
587 598 649 638 &0
672 598 851 639 calend.
876 598 1093 639 Octobris
1119 597 1233 638 1556.

316 669 385 710 De
407 669 627 710 mandato
648 669 698 709 P.
722 669 852 709 Pauli
872 669 1100 709 Rectoris.

876 740 928 779 R.
954 739 1000 780 P.
1027 740 1078 780 T.
1105 740 1322 791 indignus
1343 741 1389 780 in
1406 739 1488 780 X.⁰
1509 740 1641 789 filius,

1007 881 1261 922 ARNOLDUS
1284 881 1511 923 Concnus.

318 1097 378 1136 Iu
401 1100 574 1148 quarta
588 1096 777 1149 pagina
799 1096 910 1136 haec
925 1099 1112 1135 tantum
1132 1095 1381 1145 leguntur:

318 1167 585 1208 Panhormi.
608 1168 633 1208 8
655 1166 844 1208 Calend.
870 1166 1088 1207 Octobris
1112 1166 1462 1216 1556.—25(51·c)
1485 1166 1529 1207 di
1551 1167 1619 1206 7b.

945 1594 1158 1648 DXLV

312 1831 575 1869 Franciscus
596 1830 859 1877 Stephanus,

358 1896 426 1933 Ex
448 1895 768 1933 commissione
787 1896 930 1933 Patris
949 1895 1230 1932 Pantaleonis
1249 1894 1449 1939 Rhodini,

404 1962 525 1999 Patri
543 1962 710 2008 jacobo
732 1961 922 2008 Layne2,
945 1960 1136 2005 Vicario,

454 2027 676 2072 Messana,
696 2026 743 2064 24
760 2026 1031 2074 Septembris
1052 2026 1142 2064 1556
1165 2025 1189 2063 ¹.

1037 2166 1064 2211 ,Γ

323 2309 387 2349 La
410 2309 565 2359 gratia
589 2314 631 2347 et
654 2319 767 2359 pace
790 2313 878 2347 etc.

321 2380 628 2431 Quantonche
652 2379 681 2419 il
703 2379 846 2420 frutto
870 2378 1108 2429 spirituale
1127 2377 1561 2427 (osseruandissimo
1579 2378 1625 2418 in
1642 2377 1764 2428 Xpo.
1785 2377 1866 2417 Pa-

240 2451 337 2501 dre)
374 2452 481 2502 qual
501 2450 514 2469 ²
538 2456 700 2502 questa
723 2450 835 2490 citta
863 2449 908 2489 di
934 2448 1137 2489 Messina
1165 2448 1211 2488 in
1239 2449 1387 2500 questi
1416 2454 1602 2499 quattro
1631 2448 1747 2488 mesi
1777 2449 1865 2488 ella

239 2522 298 2562 ha
320 2522 509 2571 sentito,
535 2523 603 2561 sia
625 2521 666 2561 d’
693 2520 846 2560 alcun'
866 2526 1114 2567 momentO,
1139 2531 1231 2559 non
1253 2519 1453 2569 dimen0‚
1478 2519 1569 2570 egli
1601 2531 1692 2559 non
1720 2523 1744 2559 e
1776 2519 1866 2559 tale

239 2592 324 2633 che
345 2593 471 2644 possi
494 2592 634 2632 csser’
655 2592 928 2643 equiparato
951 2603 976 2630 a
999 2591 1152 2642 quegli
1174 2590 1258 2630 che
1280 2590 1327 2630 in
1347 2590 1477 2630 uarie
1498 2590 1620 2642 pai-ti
1637 2602 1724 2630 con
1745 2601 1866 2630 som-

240 2675 315 2704 ma
337 2664 588 2714 diligenza,
612 2675 691 2714 per
713 2664 753 2702 le
774 2662 1002 2713 frequenti
1024 2663 1184 2702 lettere
1213 2674 1239 2701 a
1262 2661 1337 2701 noi
1367 2661 1583 2701 mandate
1615 2660 1863 2711 manifesti,

295 2800 303 2818 ¹
344 2799 568 2834 Archetypae
585 2799 707 2833 duplici
724 2799 815 2828 folio,
831 2799 938 2832 primo
954 2806 984 2825 n.
1002 2797 1060 2829 152,
1076 2799 1186 2825 altero
1202 2805 1266 2824 non
1282 2797 1547 2824 numerato.-In
1563 2797 1602 2824 iis
1623 2802 1777 2825 extrema
1793 2801 1866 2825 tan-

242 2853 309 2874 tum
326 2848 443 2879 verba,
462 2847 563 2873 Delta
582 2847 621 2874 R.
640 2847 674 2872 P.
699 2846 786 2873 ΓΜ...
804 2845 967 2876 STFFAN'O,
981 2848 1056 2871 sunt
1072 2852 1172 2872 manu
1184 2845 1289 2879 ipsius
1304 2844 1658 2879 Stephani.—-Tertius
1669 2848 1783 2872 autem
1798 2845 1868 2879 qui-

241 2894 328 2922 dam.
345 2894 405 2920 sed
420 2894 589 2928 antiquus,
606 2894 772 2927 quaedam
792 2894 896 2920 vei-ba
912 2893 1048 2919 sustulit
1065 2897 1095 2918 et
1113 2892 1278 2926 quaedam
1294 2892 1455 2919 mutavit.

292 2941 305 2960 ‘³
345 2941 480 2968 Tertius
496 2941 534 2973 is,
550 2941 589 2967 de
606 2941 714 2975 quoin
730 2941 950 2967 annotatione
972 2940 1201 2973 praecedenti.
1225 2940 1323 2973 larga
1346 2946 1530 2973 crassaque
1552 2940 1757 2974 superducta
1778 2939 1867 2966 linea

241 2989 406 3022 quaedam
423 2989 476 3014 hic
492 2989 598 3014 vei-ba
615 2987 752 3019 delevit,
770 2995 910 3023 quorum
926 2987 1039 3021 aliqua
1055 2987 1164 3015 adhuc
1180 2986 1245 3019 legi
1263 2990 1412 3020 possunt,
1429 2986 1489 3014 scil
1495 3006 1583 3020 ........
1600 2986 1672 3014 alla
1687 2986 1866 3021 diligen-aa

241 3036 298 3065 dei
311 3038 424 3063 nostri
435 3035 555 3070 padri.
