2020 3342
860 256 941 293 AN.
973 255 1064 293 1556
1698 255 1766 291 467

225 354 320 393 Iam
342 352 479 393 Pater
501 353 702 403 aduenit,
726 360 770 393 et
791 364 942 393 nonus
963 353 1098 393 hodie
1125 352 1224 393 dies
1245 358 1314 392 est
1341 351 1463 403 quod
1493 363 1598 391 cum
1620 352 1766 391 altero

142 436 204 464 ex
225 423 573 475 inquisitoribus
589 430 657 463 est
679 422 930 474 profectus,
951 430 1001 463 vt
1017 423 1262 474 neophitis,
1282 422 1360 474 qui
1380 434 1437 462 ex
1455 421 1766 462 mahometica

144 501 273 535 secta
291 494 503 534 conuersi
521 499 642 544 sunt,
660 493 922 534 rudimenta
939 494 1044 534 fidei
1059 494 1255 534 edoceat
1267 498 1408 545 atque
1424 493 1471 532 in
1488 492 1563 532 via
1577 491 1767 532 Domini

148 565 334 616 dirigat.
353 564 583 605 Dominus
604 570 757 604 autem
779 565 1023 616 inquisitor
1040 566 1173 616 plura
1189 564 1355 605 horum
1371 564 1474 603 loca
1493 563 1704 615 (quorum
1721 562 1767 602 in

147 636 237 676 hoc
267 646 415 686 regno
446 636 615 676 multus
643 642 712 675 est
739 638 978 685 numerus)
1006 636 1243 676 invisurus
1271 634 1501 681 abscedit,
1536 634 1673 685 idque
1702 633 1767 683 (vt

147 706 366 756 creditur)
388 717 469 757 per
490 713 585 746 tres
607 713 686 746 aut
702 713 900 757 quatuor
921 707 1166 747 continuos
1182 717 1366 746 menses
1382 704 1560 754 efficiet,
1581 704 1769 745 Patrem

147 776 506 818 Santanderium
526 788 709 828 semper
729 777 775 817 in
797 778 1014 818 comitem
1033 777 1290 818 habiturus.

226 847 474 888 Dimittunt
495 847 682 899 insuper
703 859 784 899 per
805 850 937 900 plura
958 849 1060 888 loca
1078 848 1374 900 inquisitores
1393 847 1481 898 ipsi
1501 847 1771 887 commissa-

147 919 242 958 rios
279 918 452 968 fideles,
484 919 561 970 qui
599 930 759 959 eorum
799 919 951 959 vicem
978 920 1239 970 suppleant,
1275 916 1652 970 quandoquidem
1681 917 1771 968 ipsi

150 990 304 1029 omnia
325 1001 408 1040 per
428 1001 477 1029 se
499 989 686 1029 minime
708 990 865 1029 Valent
886 1000 1127 1041 peragere:
1151 990 1317 1029 horum
1338 997 1492 1028 autem
1515 988 1695 1040 aliquos
1713 1000 1771 1028 ex

148 1060 322 1100 nostris
343 1060 720 1111 assumpsissent,
744 1067 789 1100 et
810 1060 855 1100 id
874 1072 996 1100 nunc
1017 1061 1132 1100 alter
1160 1071 1321 1100 eorum
1348 1066 1552 1111 exoptat3
1583 1059 1665 1100 sed
1692 1071 1773 1098 nu-

149 1141 304 1171 merus
325 1142 418 1171 non
448 1131 666 1182 suppetit,
699 1131 1073 1182 quandoquidem
1103 1131 1323 1182 perpauci
1344 1142 1502 1170 sumus
1530 1130 1605 1170 hic
1630 1141 1772 1180 nego-

150 1202 240 1251 tiis,
264 1213 383 1253 quae
404 1214 462 1242 ex
484 1202 692 1242 instituto
714 1208 874 1242 nostro
895 1214 944 1242 se
967 1201 1181 1248 offerunt,
1205 1201 1508 1242 satisfacturi:
1533 1201 1771 1253 inquisito—

150 1284 226 1313 res
246 1274 436 1324 insuper
464 1273 551 1324 ipsi
572 1284 755 1324 semper
776 1285 860 1313 nos
883 1284 1047 1323 resque
1076 1280 1261 1313 nostras
1289 1284 1460 1323 magno
1489 1284 1772 1324 prosequun-

150 1350 224 1383 tur
239 1343 489 1395 fouentque
511 1355 670 1383 amore
687 1350 825 1395 atque
841 1345 956 1383 zelo.
980 1343 1081 1394 Quo
1100 1343 1249 1383 medio
1268 1343 1408 1395 (quod
1428 1345 1683 1383 maximum
1700 1343 1775 1383 hic

150 1414 314 1455 obtulit
335 1413 478 1464 Deus)
501 1426 743 1465 speramus
764 1415 811 1454 in
833 1414 995 1454 eodem
1016 1414 1216 1454 Domino
1236 1413 1350 1463 fore,
1370 1422 1421 1454 vt
1442 1415 1490 1454 in
1511 1414 1609 1454 dies
1629 1414 1774 1454 corda

149 1486 401 1526 multorum
430 1486 738 1535 emolliantur,
763 1486 885 1537 quod
916 1486 1009 1525 iam
1041 1496 1212 1536 magna
1246 1498 1303 1524 ex
1332 1491 1462 1536 parte
1491 1486 1774 1536 experimur:

150 1556 243 1596 iam
273 1556 396 1596 enim
429 1558 594 1596 saltem
630 1557 675 1596 in
712 1556 892 1607 publico
924 1564 1150 1608 apparent
1191 1556 1287 1596 fere
1323 1556 1477 1596 omnia
1508 1557 1773 1607 tranquilla,

151 1627 274 1678 quod
295 1627 481 1678 quidem
503 1627 556 1677 (si
579 1628 829 1678 praeterita
853 1628 1129 1674 recolamus)
1149 1628 1282 1679 quasi
1302 1640 1387 1678 pro
1409 1627 1633 1667 miraculo
1655 1628 1775 1667 sumi

152 1705 321 1748 posset.

232 1768 366 1809 Vnus
387 1781 444 1809 ex
466 1770 598 1810 nobis
619 1777 687 1810 ter
709 1772 755 1810 in
776 1771 1070 1811 hebdomada
1093 1770 1281 1810 domum
1298 1781 1555 1822 pauperum
1575 1769 1776 1810 infirmo-

153 1851 256 1880 rum
275 1840 450 1888 Visitat,
475 1852 649 1892 eosque
671 1842 944 1882 exhortatur
961 1842 1034 1892 pie
1052 1853 1106 1881 ac
1128 1843 1410 1891 consolatur,
1435 1852 1550 1893 quos
1567 1839 1777 1891 indigere

153 1911 306 1962 magis
327 1912 501 1951 auxilio
523 1912 754 1962 spirituali
776 1912 1119 1952 animaduertit:
1144 1912 1301 1963 sicque
1323 1912 1547 1963 paulatim
1567 1911 1775 1963 procedi-

153 1993 271 2031 mus,
294 1983 441 2022 donec
463 1991 645 2034 tempus
666 1983 884 2023 adueniat
912 1983 1142 2033 idoneum,
1173 1983 1359 2035 quando
1381 1983 1439 2023 ad
1462 1983 1641 2023 maiora
1662 1983 1777 2023 liber

152 2052 308 2093 aditus
331 2060 502 2103 pateat.
526 2053 601 2094 Ad
624 2053 957 2094 infirmantium
980 2054 1144 2094 domus
1165 2054 1415 2105 aliquando
1436 2053 1599 2094 Patres
1619 2054 1777 2094 vocati

154 2125 229 2164 vel
251 2124 436 2175 quando
461 2125 578 2165 alias
597 2124 803 2165 charitas
825 2126 1106 2175 expostulat,
1126 2124 1369 2175 accedunt,
1390 2125 1583 2177 aliisque
1605 2115 1778 2165 vacant

139 2190 341 2246 'pietatis
361 2195 594 2246 operibus,
618 2207 738 2247 quae
758 2196 1014 2236 necessitas
1042 2207 1181 2246 saepe
1202 2196 1524 2247 proximorum
1545 2194 1694 2235 offert.

234 2264 363 2306 Haec
384 2273 506 2316 sunt,
529 2265 668 2306 Pater
689 2267 1026 2316 colendissime,
1053 2278 1171 2318 quae
1190 2278 1271 2318 per
1290 2266 1641 2318 indignissimos
1662 2267 1780 2307 filios

155 2344 274 2387 tuos,
298 2336 456 2377 diuina
477 2338 733 2388 opitulante
753 2338 923 2389 gratia,
945 2344 1078 2387 gesta
1100 2344 1221 2378 sunt:
1245 2350 1364 2389 quae
1380 2338 1534 2378 omnia
1552 2344 1602 2378 vt
1623 2345 1778 2378 aucto-

154 2419 206 2447 re
227 2407 429 2448 Domino
451 2420 721 2449 successum
741 2420 1032 2461 prosperum,
1056 2415 1099 2448 et
1120 2409 1261 2449 foelix
1282 2409 1538 2449 sortiantur
1559 2420 1779 2460 augmen-

157 2486 269 2529 tum,
293 2485 435 2530 vtque
456 2479 544 2530 ipsi
564 2478 664 2519 Deo
685 2479 843 2520 fideles
864 2470 1007 2520 simus
1029 2480 1244 2530 ministri,
1268 2480 1431 2520 humili
1452 2491 1590 2531 prece
1611 2480 1782 2530 dignis-

153 2551 324 2590 simam
344 2549 678 2590 Paternitatem
700 2558 828 2590 tuam
851 2551 1150 2590 obsecramus
1172 2556 1222 2590 vt
1242 2562 1328 2590 nos
1349 2550 1551 2599 Christo,
1576 2551 1673 2601 spei
1702 2563 1780 2590 no-

155 2626 298 2670 strae,
327 2626 523 2672 paterna
552 2620 723 2671 pietate
746 2621 1074 2661 commendare
1107 2621 1337 2671 dignetur,
1371 2627 1422 2661 vt
1451 2628 1495 2661 et
1523 2622 1620 2672 ipse
1649 2622 1782 2661 nobis

157 2691 360 2740 gratiam
382 2691 598 2731 conferatv
612 2691 851 2743 copiosam
872 2699 921 2731 vt
939 2692 1284 2732 sanctissimam
1307 2691 1403 2743 ejus
1421 2703 1604 2743 semper
1621 2694 1780 2731 volun-

155 2768 300 2801 tatem
321 2761 674 2813 adimpleamus.
707 2762 874 2802 Amen.

239 2831 660 2884 Caesaraugustae,
679 2832 824 2873 Sidus
839 2834 1138 2885 Septembris,
1154 2846 1276 2875 anno
1290 2841 1446 2875 autem
1458 2833 1647 2875 Domini
1664 2833 1781 2875 1556.

236 2903 595 2954 Indignissimus
616 2903 734 2944 filius
757 2911 802 2944 et
823 2916 987 2945 seruus
1008 2904 1109 2945 Pstis
1135 2905 1278 2957 Tuae,

1381 2997 1408 3042 ΔΓ

1234 3072 1238 3075 Δ
1264 3047 1294 3100 -ξ-
1315 3048 1498 3088 ROMAN.
1521 3051 1547 3094 †
1605 3070 1607 3072 ·
