2020 3342
862 235 943 271 AN.
975 233 1065 271 1556
1731 229 1777 266 79

144 336 209 385 gli
229 333 465 384 bisognosi
488 332 534 372 di
556 338 718 383 questo
739 331 934 381 borgho,
958 329 1004 369 di
1025 328 1188 369 dentro
1215 334 1259 367 et
1293 327 1429 377 fuori,
1468 332 1513 366 et
1548 326 1698 366 scritti
1722 327 1768 365 in

148 417 210 445 vn
230 405 491 453 cathalogO,
517 402 647 442 accio
669 414 694 441 a
724 401 829 441 tutti
863 410 1160 439 soccorresse
1195 404 1360 449 questa
1390 396 1637 437 benedetta
1659 407 1772 435 casa

146 474 352 516 secondo
374 475 418 514 la
438 475 538 513 loro
559 471 807 512 necessita.

227 545 411 596 Quanto
433 545 523 583 alla
545 542 872 594 penitentiaria
895 548 939 580 et
960 546 1095 580 santa
1117 539 1393 579 comunione
1416 550 1509 578 non
1527 538 1630 578 dico
1653 537 1773 577 altro

146 616 236 656 che
256 627 308 656 so
329 615 499 655 essersi
519 612 801 653 comunicati
823 612 868 651 in
890 617 1054 662 questa
1073 617 1209 650 santa
1227 620 1337 649 casa
1354 608 1489 648 fuora
1506 608 1550 647 di
1571 608 1771 659 Pasqua,

147 686 312 726 Natale
338 692 383 725 et
411 684 618 735 giubilei,
642 683 688 722 in
708 683 734 721 5
755 693 781 721 o
802 681 828 721 6
848 681 1108 730 settimane,
1143 685 1240 719 otto
1272 678 1414 718 millia
1447 684 1491 718 et
1518 684 1778 718 settecento

148 768 360 808 persone.
382 754 429 795 Si
450 754 673 806 predicha
694 763 853 804 spesse
874 752 999 791 volte
1021 751 1067 790 in
1102 750 1302 797 chiessa‚
1341 749 1559 789 massime
1589 749 1630 788 le
1659 749 1775 788 feste

144 834 190 867 et
209 828 249 867 16
267 825 555 874 domeniche‚
580 830 624 864 et
645 824 794 864 anche
815 823 879 873 gli
899 822 1054 873 giomi
1074 821 1240 871 feriali,
1259 820 1445 872 quando
1463 819 1509 859 di
1530 819 1601 859 cio
1623 819 1773 859 siamo

148 897 356 938 richiesti
382 897 440 936 da
467 895 645 947 signori
675 906 701 934 o
737 893 919 945 prelati.
951 892 1122 943 Queste
1157 891 1183 930 4
1202 897 1411 942 tempora
1431 890 1476 930 di
1502 890 1668 930 Natale
1695 891 1732 929 s'
1755 894 1779 929 e

149 969 390 1020 predicato
412 968 516 1006 nell’
555 966 711 1006 tinello
733 964 853 1005 della
886 970 1022 1003 santa
1058 973 1169 1003 casa
1206 962 1281 1002 alli
1311 961 1435 1002 serui
1469 967 1513 1001 et
1540 961 1777 1001 laboranti

145 1040 194 1079 (11
216 1039 385 1090 quella,
410 1037 494 1077 che
516 1048 663 1077 sonno
691 1036 737 1075 in
763 1046 883 1086 gran
904 1045 1112 1084 numero,
1143 1044 1226 1085 per
1255 1032 1446 1083 disporli
1477 1032 1521 1072 al
1552 1037 1688 1072 santo
1710 1031 1776 1071 di—

146 1109 291 1159 giuno
313 1114 357 1148 et
377 1107 472 1148 §.mi
499 1105 792 1147 Sacramenti
810 1115 891 1155 pei·
908 1104 986 1155 piu
1002 1103 1312 1153 degnamente
1329 1096 1567 1141 celebrare
1584 1101 1625 1140 16
1639 1100 1772 1141 feste:

150 1181 179 1219 il
200 1179 350 1220 simile
372 1179 410 1218 si
430 1178 529 1218 fece
552 1178 596 1217 in
614 1177 776 1227 piazza
794 1176 912 1216 cloue
934 1185 1096 1226 spesso
1118 1174 1152 1213 s'
1181 1177 1205 1213 e
1224 1173 1512 1224 predichato;
1547 1178 1591 1211 et
1618 1183 1779 1212 comu-

146 1256 364 1290 nemente
390 1250 429 1289 si
450 1249 686 1300 predicha,
726 1245 911 1298 quando
946 1244 1273 1285 incommincia
1304 1243 1401 1283 fare
1436 1242 1525 1282 fine
1559 1244 1604 1282 13
1626 1242 1778 1293 predi·

146 1322 237 1361 vcha
259 1321 378 1361 della
400 1321 574 1369 chiesa,
612 1331 694 1370 per
729 1317 972 1369 riprender
1006 1315 1145 1368 quelli
1177 1316 1263 1354 che
1298 1321 1466 1354 stanno
1499 1314 1644 1353 ociosi
1672 1325 1774 1365 per-

148 1393 302 1432 dendo
320 1393 392 1432 col
413 1397 567 1442 tempo
590 1392 631 1430 13
654 1390 817 1441 parola
838 1387 879 1427 d‘
901 1386 1045 1437 Iddio;
1069 1393 1113 1426 et
1135 1386 1265 1425 accio
1294 1397 1386 1425 non
1414 1385 1593 1436 scampi
1614 1385 1773 1425 alchu-

147 1476 209 1505 no
232 1475 373 1504 senza
397 1463 462 1502 tal
481 1461 681 1509 ricordo,
711 1460 799 1499 3116
827 1459 951 1498 volte
973 1458 1011 1497 si
1042 1457 1263 1508 predicha
1288 1456 1333 1495 in
1356 1457 1461 1507 quel
1494 1455 1775 1497 medessimo

149 1544 307 1586 tempo
328 1534 446 1574 nelle
468 1533 555 1572 due
576 1532 750 1584 piazze.

232 1604 355 1657 Ogni
375 1604 421 1644 di
440 1603 601 1644 feriale
627 1601 808 1653 legonsi
836 1601 900 1652 gli
924 1602 1022 1640 casi
1047 1599 1093 1639 di
1121 1598 1408 1640 conscientia
1437 1598 1483 1638 in
1510 1598 1667 1638 chiesa
1698 1598 1774 1638 dal

150 1676 253 1717 R.d0
278 1682 438 1717 nostro
469 1674 619 1714 Padre
645 1673 850 1714 Maestro
886 1672 1108 1721 Montova
1139 1669 1171 1720 ¹,
1201 1676 1499 1721 soprastante
1535 1669 1581 1709 di
1614 1675 1779 1720 questo

149 1748 366 1799 collegio;
390 1753 434 1786 et
455 1746 511 1796 io,
537 1745 648 1796 ogni
669 1743 947 1784 domenicha
969 1749 1013 1782 et
1034 1742 1176 1791 festa,
1201 1742 1276 1781 nel
1302 1740 1579 1780 medessimo
1610 1740 1778 1780 luocho

149 1825 195 1860 et
217 1826 443 1869 tempore,
466 1817 593 1857 finito
616 1826 827 1867 vespero,
852 1815 895 1853 la
910 1813 1072 1865 prima
1093 1812 1213 1852 Dim·
1229 1811 1382 1851 Pauli
1398 1812 1460 1851 ad
1486 1811 1779 1861 Cormthz‘oss

150 1896 195 1930 et
225 1890 271 1930 di
302 1896 420 1929 tutto
452 1900 500 1928 se
527 1900 584 1927 ne
618 1898 755 1927 serve
781 1885 924 1924 molto
953 1890 1113 1924 nostro
1141 1882 1338 1933 signore
1369 1894 1451 1934 per
1481 1893 1564 1922 sua
1599 1881 1779 1922 infinita

149 1959 341 2001 buonta.

230 2032 298 2073 La
320 2031 478 2071 schola
501 2035 661 2069 nostra
681 2028 727 2068 fa
749 2034 818 2068 tre
840 2027 979 2067 classi
1001 2025 1230 2065 distincte:
1255 2024 1345 2064 dua
1368 2024 1414 2064 di
1440 2025 1703 2074 gramatica
1734 2030 1781 2064 et

152 2102 177 2142 l’
199 2103 319 2143 altra
341 2102 383 2142 d'
403 2101 660 2151 humanita3
684 2106 727 2140 et
750 2099 856 2139 tutti
876 2105 946 2138 tre
967 2096 1157 2137 maestri
1178 2095 1321 2136 fanno
1341 2095 1367 2134 4
1393 2095 1569 2135 lettioni
1593 2094 1778 2134 diuerse

149 2174 262 2225 ogni
283 2173 328 2213 di
350 2184 487 2212 senza
510 2173 551 2211 le
573 2169 914 2222 compositioni,
938 2168 1134 2220 dispute‚
1158 2172 1202 2207 et
1230 2166 1335 2207 altri
1357 2166 1585 2206 essercitii
1606 2166 1779 2206 littera-

152 2245 196 2294 li,
230 2244 308 2285 alli
333 2243 459 2295 quali
486 2242 526 2282 si
554 2254 644 2293 puo
676 2241 881 2281 ritrouar
916 2239 1027 2290 ogni
1061 2250 1154 2278 uno
1189 2237 1393 2278 secondo
1424 2237 1465 2276 el
1493 2237 1627 2277 solito
1658 2236 1778 2276 della

149 2314 456 2366 Compagnia.
480 2313 540 2353 Al
561 2323 696 2353 meno
719 2311 830 2362 ogni
854 2310 901 2350 15
922 2309 1074 2360 giomi
1097 2309 1135 2349 si
1156 2308 1302 2348 recita
1320 2307 1663 2359 publicamente
1682 2319 1777 2347 vna

150 2386 365 2426 oratione
387 2383 625 2424 suassoria
648 2394 674 2422 a
695 2381 893 2434 qualche
914 2381 1052 2429 virtu,
1078 2392 1103 2419 o
1124 2391 1238 2419 vero
1267 2378 1579 2418 dissuassoria
1607 2377 1681 2417 del
1711 2377 1778 2417 vi-

153 2458 216 2496 tio
247 2455 499 2496 contrario.

234 2526 408 2577 Questo
436 2525 775 2577 quadrimestre
804 2535 950 2564 sonno
972 2522 1080 2563 stati
1108 2521 1187 2573 qui
1214 2521 1346 2561 molti
1375 2520 1599 2572 prencipi,
1624 2520 1779 2570 signo-

154 2597 191 2636 1-1
225 2603 270 2637 61
304 2597 505 2646 signore,
544 2596 557 2635 i
592 2595 717 2647 quali
748 2595 889 2635 molto
923 2594 962 2633 si
992 2604 1141 2633 sonno
1174 2591 1417 2642 rallegrati
1452 2590 1492 2630 d’
1528 2591 1674 2630 hauer
1701 2591 1779 2641 qui

152 2674 337 2707 trouata
359 2668 401 2706 la
423 2666 715 2717 Compagnia
737 2672 781 2705 et
809 2664 941 2716 quasi
962 2664 1069 2704 tutti
1096 2663 1135 2702 si
1158 2674 1304 2702 sonno
1338 2662 1396 2702 da
1425 2661 1503 2701 noi
1534 2660 1641 2701 altri
1671 2672 1777 2701 con-

150 2738 326 2787 fessati‚
349 2744 392 2777 et
420 2738 568 2777 anche
595 2737 782 2776 alchuni
812 2735 1110 2783 comunicati,
1133 2745 1227 2773 non
1256 2732 1498 2773 volendosi
1526 2731 1780 2771 altrimenti

150 2815 436 2849 contentare.
476 2807 678 2848 Alchuni
712 2807 969 2858 parimente
997 2806 1038 2845 ci
1066 2805 1221 2844 hanno
1256 2802 1538 2843 domandato
1573 2803 1775 2842 alchuna

152 2879 436 2920 institutione
458 2878 577 2918 della
599 2889 681 2918 sua
705 2878 815 2927 vita,
840 2877 915 2916 alli
937 2876 1062 2928 quali
1083 2877 1118 2915 s’
1144 2879 1167 2915 6
1189 2873 1433 2914 sodisfatto
1465 2873 1667 2913 secondo
1698 2884 1778 2913 no—

211 3040 218 3058 *
260 3039 295 3066 P.
311 3039 455 3071 joannes
471 3039 509 3064 de
526 3038 697 3073 Montoya.
