2020 3342
632 229 857 267 ADDENDA
883 240 925 267 m
952 240 1067 267 Tomo
1094 239 1289 266 SECUNDO
1693 227 1765 265 653

140 337 246 366 men
266 326 598 378 impraesentia
625 326 888 376 scribimus,
911 326 1074 377 procul
1094 324 1232 365 dubio
1252 328 1563 376 perventuras
1589 322 1761 372 cogito:

138 397 362 448 quoniam
383 409 544 437 earum
566 397 797 437 tabellarii
817 396 987 437 fratres
1004 396 1152 436 nostri
1167 393 1432 435 charissimi
1446 393 1653 447 Joannes
1673 391 1764 433 Gu-

140 474 294 518 tanus,
314 468 479 508 Petrus
500 469 715 518 Canales,
739 468 955 508 dominus
975 467 1232 507 Teutonius
1249 471 1372 516 sunt,
1396 464 1475 517 qui
1491 463 1632 504 modo
1653 464 1763 504 Bar-

139 538 331 578 chinoni
352 546 663 587 remorantur,
687 538 913 579 transitus
934 539 1020 578 iter
1042 543 1191 577 tutum
1208 537 1566 588 praestolantes,
1587 540 1631 575 et
1653 546 1764 586 quo·
1830 535 1835 539 ”

139 621 242 649 rum
258 610 458 661 loquela,
477 615 610 661 pater
628 620 921 661 summopere
937 608 1144 657 colende,
1165 618 1321 648 rerum
1336 618 1513 657 earum,
1533 616 1651 657 quas
1666 605 1764 645 fere

139 691 323 731 semper
343 691 606 731 operamur,
630 680 802 720 certior
823 678 1005 720 abunde
1024 679 1120 729 fies,
1140 678 1266 730 quod
1280 678 1420 717 vivae
1440 688 1534 717 non
1550 682 1763 717 mortuae

137 751 300 790 literae
322 751 426 799 sint;
451 751 637 791 interim
663 762 776 791 vero
799 750 1160 791 exercitationes
1181 749 1362 799 solitae,
1385 747 1528 789 ueluti
1549 753 1763 799 peccato-

139 832 243 861 rum
279 828 450 871 reatus,
489 822 650 862 audire
685 821 1056 862 sacratissimum
1083 825 1486 860 sacramentorum
1521 818 1761 858 hominum

137 891 243 931 filiis
271 892 514 943 impartiri,
547 891 976 932 confabulationum
1007 891 1201 941 solatiis,
1228 902 1354 931 nunc
1380 890 1481 940 hos,
1513 900 1637 929 nunc
1658 888 1763 929 illos

136 962 344 1013 reficere,
377 975 435 1003 ex
456 963 544 1003 hac
576 964 746 1007 misera
777 963 874 1003 vita
906 962 1271 1014 proficiscentes,
1304 967 1354 1001 vt
1376 961 1423 1001 in
1444 959 1646 1000 Domino
1668 970 1761 998 mo-

137 1033 333 1083 riantur,
356 1033 535 1083 iuvare,
565 1045 649 1085 pro
677 1033 848 1074 virium
877 1039 1145 1073 nostrarum
1179 1028 1414 1081 facultate,
1454 1037 1504 1071 vt
1524 1030 1670 1071 moris
1691 1037 1761 1070 est

138 1109 328 1144 nostrae
349 1103 611 1154 Societatis,
650 1104 772 1156 apud
802 1115 886 1144 nos
919 1103 1048 1145 fiunt.
1085 1102 1333 1144 Sermones
1362 1107 1622 1153 praeterea,
1644 1112 1762 1152 quos

138 1173 212 1213 hic
235 1175 465 1226 colloquia
486 1174 807 1226 pomeridiana
835 1175 1142 1223 nominamus,
1174 1180 1382 1225 tempore
1417 1172 1508 1213 diei
1540 1171 1760 1212 dominici

138 1252 278 1296 atque
299 1245 582 1296 reliquarum
612 1247 956 1286 solemnitatum
984 1245 1029 1285 in
1060 1245 1149 1284 hac
1176 1250 1337 1284 nostra
1365 1243 1502 1284 domo
1536 1248 1761 1294 perpetuo

138 1316 383 1367 habentur,
413 1317 802 1368 quadragesimae
836 1323 1044 1368 tempore
1070 1315 1416 1367 praetermisso,
1444 1321 1543 1355 tum
1569 1313 1679 1365 quia
1706 1325 1760 1353 eo

136 1392 345 1438 tempore
367 1388 658 1428 abundamus
675 1388 722 1428 in
743 1388 832 1428 hac
853 1387 1043 1428 civitate
1064 1386 1382 1435 concionibus,
1405 1392 1502 1425 tum
1533 1385 1643 1436 quia
1663 1395 1757 1424 cre-

135 1457 221 1497 bra
243 1459 590 1499 confessionum
613 1458 856 1499 multitudo
879 1459 925 1498 id
946 1458 1043 1510 pati
1063 1469 1156 1498 non
1184 1463 1352 1508 potest.
1383 1455 1564 1497 Crescit
1592 1456 1639 1495 in
1660 1455 1759 1495 dies

135 1529 348 1580 populus,
392 1530 469 1581 qui
509 1530 567 1569 ad
601 1541 681 1570 eos
719 1529 976 1569 audiendos
1015 1529 1249 1578 convenit;
1286 1533 1468 1568 crescat
1502 1527 1684 1567 vtinam
1711 1525 1759 1564 in

136 1600 343 1640 omnium
365 1601 532 1640 animis
560 1600 751 1652 spiritus
785 1600 859 1640 ille
886 1599 1114 1650 veritatis,
1145 1599 1222 1651 qui
1243 1599 1407 1639 doctor
1435 1603 1505 1638 est
1536 1596 1756 1637 omnium.

216 1670 307 1722 Qui
327 1671 590 1711 detinentur
612 1672 659 1711 in
680 1672 891 1711 custodia
912 1671 1097 1722 publica
1124 1670 1309 1710 cuidam
1330 1681 1388 1709 ex
1416 1668 1588 1709 nostris
1616 1667 1759 1718 patri·

137 1741 236 1791 bus,
261 1742 339 1793 qui
360 1754 439 1783 eos
460 1742 589 1782 adire
610 1742 872 1794 docereque
893 1742 1024 1792 solet,
1049 1753 1133 1781 sua
1155 1741 1350 1781 crimina
1372 1740 1684 1780 declararunt.

217 1812 359 1853 Domi
394 1825 555 1853 omnes
575 1814 725 1853 salute
759 1813 1009 1864 corporali,
1040 1811 1162 1863 Xpo.
1194 1811 1392 1862 gratiae,
1425 1810 1650 1858 valemus,
1669 1807 1759 1848 nisi

135 1884 280 1924 frater
297 1884 485 1936 quidam
502 1884 687 1924 nomine
705 1883 846 1924 Nofre
863 1884 1092 1934 Caballer,
1112 1883 1188 1934 qui
1204 1894 1327 1922 nunc
1349 1893 1375 1922 a
1392 1880 1678 1922 Salmantica
1700 1879 1759 1919 ad

134 1966 220 1995 nos
242 1956 533 2006 aegerrimus
554 1955 780 1995 deductus
807 1961 891 2004 est,
922 1955 1029 1994 licet
1054 1954 1223 1994 cotidie
1257 1959 1505 2005 postquam
1540 1949 1756 2000 accessit,

133 2026 285 2077 magis
306 2027 623 2067 convalescat:
646 2032 715 2066 est
736 2026 857 2066 enim
879 2025 1158 2075 valentinus;
1183 2036 1328 2076 quare
1345 2035 1399 2063 eo
1418 2024 1506 2062 huc
1528 2022 1698 2062 missus
1715 2027 1759 2060 et

131 2097 235 2137 ideo
259 2097 423 2137 melius
445 2109 550 2137 cum
571 2098 647 2137 illo
665 2098 836 2148 agitur;
855 2097 989 2137 dulce
1005 2107 1206 2147 namque
1222 2106 1390 2135 nomen
1407 2094 1602 2145 patriae,
1625 2092 1759 2132 dulce

134 2168 294 2208 videre
314 2179 439 2208 suos.
463 2167 600 2208 Pater
622 2167 888 2216 Caravaial,
912 2168 1005 2219 qui,
1028 2167 1150 2207 hunc
1168 2177 1250 2217 per
1269 2166 1397 2206 viam
1413 2171 1677 2213 curaturus,
1700 2163 1757 2202 si-

135 2239 229 2278 mul
250 2239 394 2289 venit,
418 2250 476 2279 ex
506 2239 634 2278 iussu
669 2238 718 2278 P.
756 2239 904 2278 nostri
934 2237 1090 2278 Araoz
1111 2238 1186 2277 hic
1223 2237 1463 2286 remansit3
1500 2234 1761 2275 infirmatus

135 2309 306 2361 quippe
341 2316 479 2350 antea
512 2309 678 2359 fuerat,
715 2309 971 2361 morboque
994 2308 1174 2360 capitis,
1199 2308 1277 2359 qui
1297 2306 1473 2358 passim
1488 2311 1676 2346 nostros
1696 2304 1758 2344 in-

135 2380 291 2430 festat,
314 2380 569 2420 laborarat:
602 2379 683 2420 sed
711 2379 824 2420 vrbs
850 2380 966 2419 haec
992 2379 1194 2431 propitia
1222 2378 1343 2418 illius
1366 2376 1505 2418 saluti
1522 2382 1606 2425 est,
1638 2374 1762 2415 vnde

136 2452 256 2491 sicut
278 2457 321 2491 et
343 2452 476 2501 alter,
497 2451 543 2490 in
565 2451 663 2491 dies
684 2451 882 2490 salutem
903 2456 1163 2501 recuperat.

215 2520 355 2562 Pater
375 2522 662 2571 Emmanuel,
683 2521 1028 2572 complutensis,
1049 2521 1203 2561 iussus
1224 2532 1251 2559 a
1279 2519 1417 2559 Patre
1445 2519 1583 2559 huius
1611 2518 1760 2569 regio-

134 2594 207 2632 nis
223 2592 462 2643 praefecto
478 2592 606 2632 venit
625 2592 715 2632 huc
729 2603 892 2643 nuper,
907 2598 958 2632 vt
978 2598 1022 2632 et
1038 2592 1126 2632 hoc
1144 2598 1188 2631 et
1205 2590 1452 2641 collegium
1471 2589 1761 2640 guandiense

134 2663 372 2703 inviseret:
396 2663 474 2715 qui
501 2663 610 2703 dum
640 2663 764 2714 apud
785 2674 869 2702 nos
898 2662 1180 2713 diversatur,
1212 2662 1455 2712 egregiam
1485 2660 1762 2701 concionem

134 2735 180 2774 in
197 2734 407 2785 principe
429 2733 795 2785 parrochialium
810 2732 1060 2774 Valentiae
1077 2740 1270 2785 rogatus
1287 2733 1463 2772 habuit.

213 2805 364 2845 Hodie
400 2805 448 2844 in
477 2811 688 2844 nostram
718 2804 906 2844 domum
934 2816 984 2844 se
1005 2805 1302 2845 contulerunt
1322 2803 1510 2856 quidam
1531 2801 1762 2853 imprimis

136 2875 433 2915 venerandus
450 2874 688 2925 sacerdos,
706 2875 785 2926 qui
800 2875 894 2915 iam
910 2875 1091 2926 publice
1107 2876 1429 2924 concionatur,
1444 2884 1626 2913 necnon
1642 2873 1761 2912 alter

135 2946 318 2986 iuvenis
339 2945 600 2996 theologus,
624 2951 668 2985 et
689 2946 822 2994 alius,
855 2946 931 2985 cui
962 2946 1054 2986 iam
1085 2947 1258 2986 artium
1293 2956 1456 2985 cursus
1488 2943 1658 2993 finitur,
1681 2954 1759 2994 pe-

136 3023 286 3056 tentes
307 3016 452 3067 recipi
473 3022 612 3067 atque
634 3016 753 3056 mitti
774 3027 864 3067 quo
886 3016 1127 3066 vellemus,
1149 3015 1287 3057 valde
1318 3013 1546 3067 siquidem
1566 3014 1759 3067 cupiunt
