2020 3342
248 189 321 227 582
756 190 981 229 LITTERAE
1007 201 1365 235 QUADRIMESTRES

248 288 389 328 nollet
406 289 602 340 collegio
618 288 871 338 discedere,
887 289 932 329 in
950 289 1257 329 sanctissimis
1273 289 1449 330 deliciis
1467 295 1631 341 putare
1645 289 1774 331 uisus
1786 296 1871 341 est,

251 358 325 398 uel
346 370 395 399 re
415 359 574 410 magis
593 360 699 411 ipsa
722 360 945 410 ostendit,
967 366 1073 400 ante
1093 356 1402 414 [discessum]
1409 392 1420 410 ,
1442 361 1683 401 uilioribus
1705 361 1878 402 nostris

250 429 584 471 sacrificiorum
607 431 893 471 uestimentis
920 443 975 471 ac
1006 431 1165 482 calice,
1195 431 1241 471 in
1268 431 1525 472 domestico
1556 438 1732 482 nostro,
1769 432 1875 472 licet

249 501 470 541 inornato
493 513 547 541 ac
564 513 768 553 paupere
784 513 976 553 prorsus
993 502 1180 553 sacello,
1200 513 1298 542 rem
1316 502 1521 542 diuinam
1539 502 1711 553 facere;
1729 514 1876 554 eaque

251 578 456 624 peracta,
480 573 800 624 pronunciatis
820 573 883 613 illi
903 574 988 613 sub
1010 573 1267 614 discessum
1285 573 1342 613 ab
1359 585 1450 613 uno
1468 573 1783 614 studiosorum
1799 574 1876 613 ali-

253 649 363 695 quot
402 643 629 694 uersibus‚
666 644 924 685 incredibili
959 645 1174 696 perfusus
1207 643 1508 694 iucunditate,
1540 648 1653 695 post
1687 651 1878 696 paterne

254 726 413 754 omnes
430 716 722 766 amplexatos
740 715 972 756 discessit.

333 785 382 825 In
403 786 635 838 plerisque
656 786 709 826 R.
734 786 1064 838 Augustanum
1086 787 1351 827 Cardinalis
1381 787 1438 826 ab
1467 786 1610 827 Imola
1641 786 1650 806 ⁸
1674 785 1881 827 imitatus

254 858 508 908 expressit.
531 857 618 897 Hic
640 870 734 898 non
754 858 817 898 ita
840 859 982 898 multo
1004 864 1108 910 post
1131 858 1252 898 illius
1274 857 1611 908 profectionem
1639 857 1878 898 successit.

254 926 467 967 Totidem
489 933 531 968 et
553 928 666 979 ipse,
690 929 736 968 in
758 930 929 981 templo
959 930 1177 979 alteram,
1209 935 1348 981 atque
1378 929 1425 969 in
1454 929 1560 969 aula
1591 940 1696 969 cum
1728 929 1881 980 ampla

254 1001 296 1037 et
318 997 506 1038 illustri
521 998 697 1039 familia
719 1001 931 1051 alteram,
957 1000 1208 1040 conciones
1230 1000 1410 1048 audire,
1434 1011 1492 1040 ex
1514 1000 1687 1040 nostris
1708 1000 1882 1051 aliquot

255 1080 366 1109 suae
388 1080 575 1110 mensae
597 1070 819 1111 adhibere
839 1104 846 1121 ,
870 1072 1080 1122 singulos
1112 1082 1320 1122 quosque
1341 1071 1387 1110 in
1416 1070 1569 1111 sinum
1596 1077 1639 1110 et
1660 1076 1882 1122 paternos

255 1141 499 1191 amplexus
531 1142 747 1193 excipere
782 1143 948 1193 uoluit;
987 1149 1124 1194 atque
1154 1142 1263 1182 dum
1290 1142 1537 1182 nonnullos
1564 1142 1736 1182 diutius
1763 1141 1881 1182 inter

255 1211 450 1252 brachia
470 1212 713 1262 retineret,
739 1213 855 1253 alios
883 1214 1053 1265 patris,
1077 1214 1193 1253 alios
1214 1213 1394 1264 fratris,
1426 1212 1544 1253 alios
1571 1212 1650 1253 filii
1678 1213 1878 1263 nomine,

256 1282 428 1333 insigni
449 1283 635 1334 pietatis
656 1290 700 1324 et
722 1285 897 1324 amoris
919 1284 1279 1335 significatione,
1303 1284 1615 1336 compellauit.

334 1353 478 1394 Ducis
501 1354 668 1395 Vrbini
691 1356 863 1396 coniux
886 1355 919 1406 ²,
946 1367 1050 1396 cum
1073 1356 1252 1396 duabus
1273 1355 1382 1396 filiis
1404 1362 1448 1396 et
1477 1363 1649 1407 magno
1671 1355 1786 1396 satis
1809 1368 1883 1395 co-

256 1424 440 1475 mitatu,
479 1437 584 1465 cum
612 1427 851 1477 religionis
877 1426 1031 1477 gratia
1066 1433 1109 1466 et
1148 1427 1334 1466 votiuae
1369 1426 1761 1477 peregrinationis
1792 1426 1883 1467 huc

255 1496 478 1545 uenisset,
504 1497 606 1547 ipsa
636 1504 679 1537 et
702 1497 821 1537 filiae
851 1504 895 1537 et
926 1497 1103 1548 reliqua
1127 1497 1276 1537 omnis
1298 1497 1433 1537 simul
1461 1497 1676 1537 clientela
1698 1503 1884 1537 nostros

255 1567 341 1607 sibi
363 1568 612 1619 adoptauit
635 1568 966 1608 confessarios.

336 1638 490 1690 Atque
535 1639 656 1679 idem
701 1640 801 1690 pari
842 1651 954 1691 erga
995 1639 1276 1680 Societatem
1316 1639 1641 1680 beneuolentia
1688 1646 1885 1690 egerunt

256 1709 310 1749 R.
332 1710 571 1750 Marchiae
592 1710 690 1750 siue
710 1710 869 1750 Piceni
896 1716 939 1750 et
966 1710 1315 1750 Firmianorum
1345 1710 1686 1761 gubernatores
1716 1710 1885 1762 aliique

257 1781 466 1832 primarii
488 1781 589 1831 uiri,
621 1788 847 1833 quotquot
881 1782 1027 1822 ferme
1055 1788 1133 1821 aut
1168 1793 1227 1822 ex
1261 1781 1426 1822 itinere
1454 1782 1546 1821 huc
1578 1781 1882 1829 diuerterunt‚

257 1858 334 1892 aut
370 1852 524 1892 dedita
561 1863 703 1904 opera
741 1859 982 1892 uenerunt.
1015 1852 1237 1903 Magnam
1272 1863 1383 1892 uero
1419 1852 1645 1892 laetitiam
1682 1858 1725 1892 et
1759 1853 1885 1892 uolu-

258 1929 432 1974 ptatem
453 1923 787 1975 percipiebant,
811 1924 885 1963 ubi
904 1923 1025 1963 hanc
1047 1923 1293 1963 ecclesiam
1316 1936 1341 1963 a
1364 1922 1596 1964 Societate
1617 1928 1779 1963 nostra
1809 1923 1885 1964 ad-

259 1994 514 2034 ministrari
534 2000 663 2034 tanta
685 1994 930 2034 sedulitate
953 1994 1297 2035 intellexerunt.

338 2065 388 2105 ln
421 2077 475 2105 ea
517 2065 766 2105 conciones
806 2065 991 2116 quidem
1030 2065 1163 2115 fiunt,
1206 2065 1392 2116 quando
1433 2077 1514 2116 per
1554 2072 1739 2106 caetera
1779 2066 1885 2105 licet

262 2136 436 2187 officia,
476 2142 520 2176 et
555 2137 912 2188 peregrinorum
939 2136 1200 2188 frequentia
1236 2136 1281 2176 id
1308 2136 1508 2187 patitur,
1544 2143 1622 2176 aut
1644 2149 1722 2177 eas
1753 2137 1887 2176 adue-

259 2208 439 2247 nientes
460 2207 694 2258 principes
725 2214 864 2258 atque
895 2207 1141 2258 optimates
1171 2208 1422 2258 postulant.
1460 2207 1708 2247 Lectiones
1738 2219 1796 2247 ex
1818 2219 1889 2247 sa·

262 2290 342 2318 cra
378 2278 619 2329 Scriptura
654 2279 850 2328 singulis
879 2278 1134 2330 quibusque
1168 2278 1299 2318 festis
1334 2278 1496 2318 diebus
1531 2290 1586 2318 ac
1626 2278 1885 2327 dominicis,

263 2362 400 2390 casus
422 2356 577 2390 autem
598 2349 929 2399 conscientiae,
950 2349 1004 2389 iis
1022 2349 1246 2401 exceptis,
1271 2360 1351 2400 per
1375 2349 1578 2401 reliquos
1600 2348 1700 2389 dies
1719 2349 1888 2389 hebdo-

264 2421 428 2461 madae
456 2421 804 2472 praeleguntur.
836 2420 886 2460 In
915 2420 1084 2472 oppido
1112 2426 1157 2460 et
1192 2419 1487 2460 xenodochio
1518 2420 1784 2472 frequentes
1810 2432 1887 2460 no·

265 2492 348 2532 stri
383 2492 703 2532 adolescentes
738 2491 1001 2531 concionati
1031 2497 1151 2531 sunt.
1182 2491 1436 2532 Lauretani
1471 2491 1662 2532 iuuenes
1696 2491 1888 2532 societa-

266 2572 358 2603 tem
380 2562 630 2614 quamdam
653 2562 854 2602 inierunt
876 2568 920 2602 et
941 2562 1203 2614 praeceptis
1231 2561 1287 2602 de
1314 2562 1520 2602 uitandis
1548 2562 1807 2602 maledictis
1834 2573 1889 2601 ac

266 2633 588 2685 blasphemiis,
619 2633 675 2673 de
702 2632 1034 2684 componendis
1062 2633 1182 2673 inter
1214 2645 1262 2673 se
1298 2633 1559 2683 discordiis,
1598 2633 1653 2673 de
1681 2632 1889 2684 frequen-

321 2818 330 2838 ¹
371 2818 595 2853 Hieronymus
611 2818 767 2851 Dandini.
785 2818 964 2845 Caesenas.
982 2818 1087 2851 “Julio
1106 2817 1153 2845 111
1170 2818 1324 2845 Pontifici
1341 2825 1360 2845 a
1375 2818 1518 2845 secretis
1533 2817 1606 2850 fuit,
1624 2825 1643 2845 a
1668 2825 1731 2852 quo
1756 2817 1893 2844 Senato-

268 2866 353 2892 riam
370 2872 553 2899 purpuram
565 2865 711 2892 obtinuit
727 2866 787 2891 sub
801 2865 898 2892 titulo
916 2864 936 2891 S
964 2864 1128 2892 Matthaei
1147 2866 1178 2892 in
1194 2864 1368 2892 Merulana
1386 2865 1461 2897 1552„
1479 2865 1647 2899 vulgoque
1663 2865 1709 2892 illi
1732 2864 1892 2892 Cardina-

269 2912 309 2938 lis
324 2911 447 2939 Imolae
464 2917 722 2945 cognomentum
744 2912 912 2939 adhaesit.
975 2932 980 2938 .
1000 2912 1087 2939 Obiit
1111 2911 1339 2944 M.D.LVIIlI.
1364 2912 1499 2940 Aetatis
1517 2911 1572 2945 L.,.
1594 2912 1760 2941 Ueneria,
1785 2911 1891 2938 Italia

270 2966 386 2991 sacra,
401 2963 425 2986 t.
441 2966 475 2992 11,
494 2960 556 2986 col.
572 2959 703 2986 643644.

323 3005 336 3026 2
376 3006 530 3036 Victoria
547 3006 904 3036 Fa1·nese.ot1vnmus
919 3007 1115 3039 MANAREUS,
1142 3009 1212 3038 l.c.‚
1228 3007 1246 3040 ξ
1261 3008 1287 3035 7.
