2020 3342
320 274 389 311 610
827 275 1052 312 LlTTERAE
1078 285 1438 318 QUADRIMESTRES

317 371 402 411 bus
429 378 517 421 est;
551 379 744 423 rogatus
780 371 944 411 deinde
973 383 999 410 a
1029 371 1219 411 Vicario
1258 371 1463 412 civitatis
1494 377 1538 412 et
1569 371 1867 424 primatibus,
1896 371 1943 413 in

315 454 494 482 summo
517 444 687 493 templo
705 454 886 482 summa
907 442 1111 483 omnium
1135 442 1445 482 admiratione
1467 443 1744 483 concionem
1764 442 1939 495 habuit3

313 513 508 563 (lenique
546 524 717 563 magno
753 514 909 552 calore
944 513 999 552 de
1034 513 1277 553 condendo
1315 513 1512 564 collegio
1547 520 1616 554 est
1650 520 1821 565 actum3
1859 514 1940 555 sed

311 584 478 622 messss
500 584 671 630 nullm,
693 584 906 634 operaris
921 588 1078 624 antem
1093 584 1252 635 pauci.

388 654 437 693 In
468 654 556 693 hoc
589 666 701 694 vero
735 655 1072 706 amplissimum
1109 655 1354 695 charitatis
1390 655 1592 696 fructum
1627 667 1728 696 esse
1756 655 1934 708 opinor,

309 725 444 775 quod,
471 737 574 764 cum
597 732 754 776 patres
777 725 1026 766 Societatis
1048 725 1105 766 ad
1128 725 1347 766 visendos
1374 733 1418 766 et
1439 726 1754 767 consolandos
1774 738 1936 778 aegro·

306 802 458 835 tantes
480 807 816 846 saepenumero
841 803 1159 845 accersuntur,
1184 808 1345 837 eorum
1367 797 1632 848 praesentia
1656 803 1700 837 et
1721 809 1935 838 sermone
1973 819 1979 825 ·

304 878 394 905 non
430 868 566 906 modo
596 868 781 917 aegroti
807 868 1057 918 plurimum
1086 867 1355 907 reficiantur
1385 874 1428 907 et
1461 868 1519 908 ad
1551 867 1769 908 ferendas
1799 868 1937 909 hilari

303 938 456 977 animo
488 949 648 978 omnes
679 939 918 978 molestias
948 945 1085 990 atque
1113 939 1254 987 adeo,
1286 939 1325 978 si
1359 950 1474 990 opus
1509 938 1586 989 sit,
1618 944 1816 979 mortem
1849 950 1933 991 pro

301 1008 485 1048 Christo
508 1009 814 1059 adducantur;
839 1021 1004 1049 verum
1032 1009 1173 1050 etiam
1205 1020 1366 1049 omnes
1395 1020 1555 1049 eorum
1576 1009 1813 1061 pietatem,
1839 1021 1933 1050 mo·

298 1090 400 1118 rum
422 1079 673 1120 candorem
696 1091 750 1119 ac
773 1080 1052 1130 praesertim
1070 1080 1350 1120 charitatem
1372 1080 1676 1131 admirentur,
1694 1087 1792 1121 tum
1809 1081 1931 1132 quod

297 1161 401 1189 cum
423 1149 618 1190 infirmis
636 1151 881 1202 plusquam
899 1158 1094 1202 paterno
1113 1156 1305 1190 utantur
1322 1161 1496 1201 amore,
1517 1157 1615 1191 tum
1631 1151 1773 1191 etiam
1789 1151 1926 1203 quod,

295 1221 419 1259 nulla
454 1222 627 1272 privati
661 1222 890 1262 commodi
926 1223 1106 1262 ratione
1140 1221 1323 1272 habita,
1357 1222 1431 1261 vel
1473 1222 1749 1273 intempesta
1790 1228 1928 1263 nocte

295 1292 467 1341 vocati,
492 1293 557 1332 ire
579 1305 670 1332 non
693 1299 923 1333 recusent.

371 1362 467 1402 Iam
495 1375 608 1403 vero
637 1364 691 1403 de
724 1364 1056 1415 discipulorum
1085 1363 1238 1404 fructu
1266 1369 1312 1403 et
1342 1364 1599 1415 diligentia,
1624 1375 1729 1404 cum
1754 1363 1801 1403 in
1832 1370 1924 1404 stu-

291 1434 378 1473 diis
400 1434 697 1485 honestisque
727 1434 998 1485 discipliniS,
1022 1442 1119 1474 tum
1146 1434 1348 1474 maxime
1370 1434 1415 1474 in
1444 1434 1582 1474 rebus
1612 1433 1713 1485 piis,
1746 1434 1922 1486 aliquid

289 1504 536 1544 dicendum
557 1505 755 1553 videtur;
781 1505 1007 1556 siquidem
1029 1517 1135 1546 cum
1156 1512 1374 1557 parentes
1395 1511 1534 1557 atque
1563 1505 1642 1545 alii
1663 1505 1793 1545 cives
1813 1516 1922 1556 pue.

288 1587 445 1615 rorum
473 1576 764 1626 modestiam,
795 1577 1020 1616 candidos
1047 1588 1201 1616 mores
1229 1583 1272 1616 et
1303 1576 1349 1616 in
1372 1576 1498 1616 omni
1520 1587 1569 1616 re
1591 1576 1789 1616 honesta
1812 1586 1918 1627 pro-

287 1647 457 1686 fectum
478 1647 745 1697 advertunt3
769 1648 1009 1687 civitatem
1030 1654 1258 1698 asserunt,
1290 1647 1329 1687 si
1348 1646 1582 1688 Societate
1612 1645 1909 1698 destituatur,

287 1718 595 1758 miserrimam
617 1718 837 1758 futuram:
861 1730 946 1758 nec
973 1718 1204 1758 immerito
1227 1730 1355 1769 sane,
1383 1729 1566 1769 semper
1584 1717 1705 1757 enim
1727 1729 1751 1757 e
1773 1717 1911 1758 domo

284 1789 329 1828 in
358 1788 581 1839 scholam,
605 1790 814 1828 similiter
836 1801 862 1828 a
890 1789 1051 1829 schola
1074 1789 1120 1828 in
1142 1789 1346 1839 domum,
1370 1800 1463 1828 non
1484 1788 1666 1838 inanes,
1692 1794 1742 1828 ut
1764 1788 1910 1840 prius,

285 1860 556 1907 cantilenas,
589 1859 668 1899 sed
696 1860 956 1900 doctrinam
984 1860 1288 1900 christianam
1315 1860 1361 1900 in
1389 1871 1469 1899 ore
1498 1859 1727 1910 habendo,
1762 1858 1829 1899 ire
1855 1870 1912 1899 ac

282 1931 434 1970 redire
463 1938 789 1981 consuescunt;
818 1931 981 1971 studiis
1018 1943 1125 1971 vero
1147 1931 1210 1970 ita
1231 1931 1519 1980 incumbunt,
1549 1930 1611 1970 ita
1641 1929 1910 1982 disputatio-

280 1988 414 2041 nibus
436 2007 479 2040 et
508 2002 763 2052 praeclaris
794 2002 1052 2041 litterarum
1074 2001 1487 2041 exercitationibus
1507 2000 1743 2051 insistunt,
1767 2006 1815 2041 ut
1835 2011 1907 2040 sa·

280 2072 480 2122 pientiae
503 2084 661 2112 amore
683 2079 821 2124 atque
844 2073 1010 2112 ardore
1030 2072 1234 2123 flagrare
1260 2072 1523 2112 videantur.
1548 2071 1623 2112 Ad
1650 2071 1768 2112 haec
1795 2082 1905 2111 suos

276 2150 606 2194 praeceptores
637 2143 895 2183 incredibili
921 2150 1264 2194 prosequuntur
1292 2154 1450 2182 amore
1481 2148 1524 2182 et
1553 2142 1836 2194 reverentia,
1861 2147 1923 2182 et*

275 2215 528 2254 attentione
561 2226 731 2265 magna
763 2215 944 2268 adsunt,
971 2220 1106 2265 atquc
1129 2225 1290 2254 eorum
1317 2215 1528 2265 exemplo
1557 2225 1648 2254 non
1677 2213 1817 2265 pauci
1847 2212 1907 2253 ad

273 2285 475 2324 studium
497 2284 744 2325 Societatis
766 2285 926 2325 venire
956 2285 1310 2336 compelluntur.
1334 2284 1449 2325 Cum
1470 2284 1592 2324 enim
1620 2283 1685 2324 illi
1714 2289 1903 2324 nostros

271 2356 522 2406 discipulos
549 2356 682 2395 brevi
709 2364 916 2407 tempore
944 2362 1124 2395 tanturn
1152 2354 1376 2407 proficere
1399 2354 1574 2404 vident,
1605 2354 1773 2406 pudori
1802 2365 1904 2395 suc-

269 2426 504 2476 cumbunt,
529 2438 613 2465 nec
635 2439 683 2465 se
706 2427 763 2465 ab
785 2427 872 2465 illis
893 2426 1105 2477 superari
1132 2426 1384 2476 patiuntur.
1409 2425 1640 2476 Quocirca
1662 2431 1705 2465 et
1738 2436 1901 2465 eorum

269 2497 415 2536 virtus
436 2497 639 2547 quotidie
661 2498 829 2537 crescit
852 2504 895 2537 et
917 2509 1136 2537 numerus
1167 2504 1378 2547 augetur:
1402 2502 1509 2536 sunt
1531 2503 1686 2536 autem
1707 2495 1896 2536 circiter

266 2575 449 2606 centum
492 2568 829 2618 quinquaginta
866 2579 923 2607 ex
964 2567 1263 2607 nobilissimis
1299 2567 1439 2607 totius
1485 2567 1714 2618 civitatis;
1753 2566 1895 2617 aliqui

264 2638 418 2685 etiam,
444 2637 652 2678 discendi
673 2639 843 2688 gratia,
864 2650 922 2678 ex
941 2638 1380 2678 circumiacentibus
1397 2637 1579 2689 oppidis
1597 2638 1654 2678 ob
1672 2649 1895 2690 praecep-

262 2715 413 2747 torum
430 2709 672 2758 penuriam
686 2709 743 2748 ad
758 2708 951 2759 Collegii
965 2709 1150 2748 scholas
1166 2719 1352 2759 venere3
1373 2714 1416 2748 et
1433 2720 1717 2760 quamquam
1731 2719 1893 2748 omnes

260 2778 474 2829 discipuli
507 2780 631 2818 circa
662 2791 758 2819 rem
790 2779 1043 2819 literariam
1064 2791 1113 2819 se
1144 2779 1258 2819 mire
1279 2779 1513 2819 studiosos
1537 2779 1771 2829 exhibent,
1796 2790 1889 2819 non

258 2855 414 2888 tamen
436 2850 604 2889 minori
626 2861 738 2889 cura
760 2850 920 2900 pietati
942 2850 1204 2900 invigilant.
1229 2849 1295 2890 Ita
1318 2850 1440 2889 enim
1470 2849 1787 2889 conscientiae
1808 2860 1891 2901 pu-

255 2920 408 2960 ritatis
430 2927 535 2960 sunt
558 2920 698 2970 avidi,
723 2927 770 2960 ut
793 2920 1133 2972 praescriptum
1154 2919 1403 2960 confitendi
1425 2926 1608 2970 tempus
1634 2931 1728 2959 non
1749 2930 1888 2971 expe-

255 2998 395 3040 ctent,
420 2991 500 3030 sed
522 2991 567 3030 id
589 2991 775 3041 saepius
793 2991 1045 3041 requirant,
1070 2997 1113 3030 et
1144 2997 1415 3042 exposcant.
1448 2989 1540 3030 Alii
1573 2990 1630 3029 ad
1660 2989 1888 3030 maiorem

255 3063 423 3101 mentis
451 3061 847 3112 tranquillitatem,
880 3072 1040 3101 omnes
1071 3061 1387 3101 confessiones
1418 3060 1658 3111 reiterare,
1683 3065 1727 3100 et
1754 3060 1885 3100 vitio-
