2020 3342
240 231 311 270 020
749 232 974 272 LITTERAE
1001 245 1359 279 QUADRIMESTRES

233 329 320 370 Fui
342 330 525 382 quidem
546 331 592 371 in
609 331 814 372 *diversis
835 332 922 383 piis
951 332 1160 384 negociis
1191 340 1468 385 occupatus,
1493 341 1537 375 et
1558 335 1747 387 saepius
1778 347 1858 376 va—

235 400 435 442 letudine
457 402 667 453 corporis
687 402 914 451 laboravi;
939 403 1021 443 sed
1043 403 1099 443 ob
1121 404 1210 444 hoc
1233 417 1258 445 a
1282 405 1430 445 solitis
1446 417 1538 446 non
1555 405 1711 446 destiti
1728 418 1862 447 exer-

234 472 369 523 citiis,
393 473 697 514 confessionis
719 462 855 526 (quae
872 474 943 515 his
960 474 1121 516 diebus
1141 475 1428 527 frequentior
1446 476 1545 527 fuit)
1564 483 1608 517 et
1626 477 1758 518 verbi
1775 477 1865 519 Dei

234 544 596 596 praedicationis
616 543 642 596 ¹3
665 545 772 585 licet
794 545 841 585 in
861 545 1058 597 singulis
1077 545 1238 586 diebus
1255 546 1385 587 festis
1403 553 1446 588 et
1464 547 1708 588 dominicis
1729 560 1862 600 prae-

233 615 397 662 dicem,
421 620 577 655 tamen
600 615 658 655 ad
679 615 943 657 doctrinam
964 616 1270 657 christianam
1292 629 1431 669 quam
1453 618 1518 658 eis
1540 619 1736 676 singulis
1768 620 1860 661 die-

233 686 318 726 bus
338 686 540 737 veneris,
564 687 610 726 in
627 687 778 727 medio
797 687 968 739 oppidi,
992 699 1087 727 rem
1106 687 1314 729 divinam
1330 688 1509 729 faciens
1530 695 1574 730 et
1590 690 1710 730 lecto
1728 690 1859 742 prius

234 757 495 808 evangelio,
534 768 768 809 proponO,
804 758 955 799 maior
986 770 1098 810 pars
1131 759 1291 811 populi
1325 761 1576 801 concurrit.
1609 761 1741 802 Unde
1769 762 1861 802 iam
1908 779 1911 782 ·

234 834 537 869 consecutum
567 828 580 847 ²
611 835 681 870 est
709 835 759 870 ut
785 826 955 881 plures,
994 830 1072 882 qui
1105 831 1262 871 multis
1291 831 1425 872 annis
1455 831 1638 872 fuerant
1669 832 1859 884 inimici,

233 900 326 940 iam
347 900 393 940 in
414 906 623 940 mutuam
643 900 865 941 redierint
889 901 1157 953 amicitiam3
1182 903 1429 955 pluresque
1450 903 1792 955 dissentientes,
1811 904 1858 945 in

232 970 292 1022 id,
317 971 440 1023 quod
460 971 633 1012 iustum
653 978 769 1022 erat,
793 973 1115 1024 convenerint,
1139 979 1183 1014 et
1204 973 1280 1025 qui
1302 974 1453 1015 aliena
1475 973 1765 1027 detinebant,
1789 987 1860 1017 re-

235 1042 523 1082 stitutionem
544 1042 754 1083 fecerint.
1865 1052 1870 1058 '

312 1113 516 1165 Tempus
536 1125 664 1165 vero,
689 1114 813 1166 quod
842 1115 954 1155 mihi
981 1115 1230 1167 superfuit,
1263 1116 1426 1157 studiis
1454 1117 1651 1168 privatis
1678 1117 1783 1158 dedi
1804 1129 1860 1158 ac

232 1185 375 1225 libros
401 1196 630 1236 geneseos
665 1191 709 1225 et
744 1186 883 1226 exodi
917 1198 972 1227 ac
1006 1198 1308 1228 numerorum
1342 1199 1517 1239 graeco
1558 1195 1602 1229 et
1639 1188 1859 1229 hebraico

231 1268 462 1309 sermone,
485 1259 784 1310 evangelium
805 1258 947 1299 etiam
967 1257 1195 1299 Matthaei
1214 1269 1454 1310 graecum,
1475 1259 1664 1311 perlegi.
1690 1259 1790 1300 Has
1809 1260 1859 1301 li-

232 1335 357 1369 teras
377 1329 607 1370 hebraeas
636 1329 691 1370 R.
721 1329 769 1370 P.
801 1328 1019 1370 Andreae
1041 1329 1208 1370 Frusio
1237 1330 1404 1382 scripsi
1432 1336 1481 1371 ut
1511 1331 1585 1371 ille
1613 1331 1747 1371 nobis
1777 1331 1858 1372 ali-

237 1399 349 1452 quid
371 1400 426 1441 de
449 1412 533 1441 suo
556 1401 883 1441 communicet.

310 1471 468 1522 Italae,
492 1483 551 1512 ex
573 1473 859 1513 monasterio
883 1471 961 1512 §.11
988 1472 1113 1513 Petri
1141 1479 1184 1513 et
1206 1472 1352 1524 Pauli,
1378 1473 1556 1514 ordinis
1577 1472 1655 1514 Sti
1677 1474 1855 1515 Basilii.

314 1541 366 1583 30
386 1541 660 1583 Decembris
686 1543 802 1584 1556.

454 1613 508 1655 R.
532 1613 590 1655 V.
614 1615 788 1655 inutilis
810 1626 990 1666 servus,

1440 1759 1641 1801 DANIEL.

308 1973 368 2012 In
389 1972 541 2013 altera
564 1972 812 2025 utriusque
832 1973 1109 2025 apographi
1127 1973 1332 2024 pagina,
1353 1973 1449 2013 alia
1471 1984 1640 2014 manu:
1662 1973 1692 2026 -ί-
1721 1974 1854 2025 Itala,

227 2042 280 2083 30
303 2042 576 2084 Decembris
604 2044 717 2084 1556.

309 2115 370 2154 In
404 2114 606 2155 alterins
640 2116 799 2155 eadem
829 2115 1036 2167 pagina,
1073 2117 1155 2156 sed
1190 2115 1332 2156 tertia
1367 2116 1572 2167 quadam
1608 2126 1772 2156 manu:
1805 2115 1857 2156 56

230 2185 345 2226 Itala
365 2185 512 2227 Decb.

282 2370 291 2391 ¹
331 2371 448 2399 Verba
465 2372 548 2398 haec
565 2374 594 2398 et
612 2372 801 2399 dominicis
814 2372 1033 2406 praedicem,
1053 2375 1173 2400 lamen
1197 2373 1242 2399 ad
1257 2373 1456 2400 doctrinam
1479 2373 1728 2407 christianam,
1746 2381 1852 2407 quam

229 2419 278 2445 cis
294 2419 447 2452 singulis
462 2419 586 2446 diebus
601 2419 633 2446 in
648 2420 757 2447 altero
773 2420 926 2454 exemplo
939 2427 958 2447 a
974 2420 1113 2448 librario
1129 2421 1374 2455 praetermissa
1388 2421 1524 2455 scripsit
1547 2429 1646 2449 manu
1668 2422 1806 2456 propria
1822 2421 1854 2448 in

230 2466 374 2500 paginae
390 2474 449 2494 ora
464 2467 534 2501 ipse
551 2467 694 2502 Daniel,
715 2468 813 2502 signo
831 2471 867 2494 ut
891 2467 945 2494 hic
968 2468 1199 2496 insererentur
1215 2469 1390 2503 apposito,
1414 2473 1451 2496 ut
1467 2469 1593 2496 dictum
1610 2473 1659 2496 cst
1688 2469 1717 2496 in
1737 2474 1853 2498 annot.

228 2514 458 2548 praecedenti.

281 2561 294 2582 ²
333 2562 542 2592 Consuclunz
557 2562 705 2593 habebat
720 2564 799 2593 olim
815 2567 994 2600 utrumque
1010 2564 1175 2599 exemplo;
1191 2564 1249 2593 sed
1265 2564 1477 2592 emendatum
1493 2564 1593 2593 estin
1607 2564 1733 2592 altero.
