2020 3342
872 251 954 290 AN.
991 252 1081 290 1556
1716 252 1786 290 323

165 359 283 398 mae,
306 347 498 400 pedibus
519 349 647 389 feriri
668 349 814 397 iussit,
838 348 985 389 donec
1012 349 1277 390 huiusmodi
1297 349 1466 400 pedum
1493 349 1706 390 tunsione
1730 350 1785 399 (si

166 420 409 471 potuisset)
430 427 641 460 uentrem
671 421 946 471 relaxasset3
980 431 1143 460 verum
1174 432 1309 460 omne
1331 420 1573 460 consilium
1601 426 1645 460 et
1665 420 1783 460 ince-

166 496 294 542 ptum
315 491 488 531 frustra
505 497 620 531 erat.
643 489 912 542 Stupefacta
935 491 1099 531 mulier
1119 491 1186 531 rei
1207 491 1432 531 miraculo
1452 497 1496 531 et
1518 491 1670 542 magis
1686 502 1784 542 per-

166 562 342 612 territa,
366 562 719 602 Conuersionem
740 573 834 602 non
856 561 1047 602 distulit:
1071 568 1117 602 at
1138 561 1312 602 factum
1342 568 1438 602 tam
1465 562 1667 612 crudele,
1691 567 1786 601 tam

167 632 410 682 nefarium,
435 632 482 672 in
502 633 674 684 templo
696 640 856 673 nostro
877 644 983 673 cum
1005 634 1193 684 planctu
1220 639 1264 673 et
1285 633 1524 673 lachrimis
1545 633 1591 672 in
1610 632 1784 673 confes-

166 703 295 744 sione
317 703 595 755 deplorauit.
619 703 838 744 Mulieres
854 715 953 753 sex,
975 715 1093 755 quae
1111 704 1292 755 publice
1310 705 1356 744 in
1374 704 1564 744 ciuitate
1581 703 1786 744 meretri·

167 775 289 814 cium
308 774 557 824 faciebant,
586 786 668 826 per
696 786 782 814 nos
806 774 815 793 ¹
841 774 957 823 (Deo
984 774 1250 824 adiuuante)
1283 775 1340 814 ab
1369 775 1446 815 illa
1470 774 1702 826 turpidine
1731 773 1788 814 ad

167 846 493 886 castimoniam
515 852 621 886 sunt
643 846 887 886 abductae.

246 916 364 957 Nolo
385 923 430 957 te
450 917 592 957 nimia
613 917 880 968 prolixitate
901 917 1122 958 detinere:
1148 917 1301 958 dicam
1322 918 1583 967 generatim
1605 917 1790 967 amplis—

168 988 336 1028 simum
370 987 572 1028 fructum
606 999 665 1028 ex
692 988 999 1028 confessionis
1025 994 1321 1028 sacramento
1349 999 1651 1038 promanare;
1684 999 1791 1027 nam

168 1066 355 1110 praeter
376 1070 430 1099 ea
461 1070 579 1110 quae
611 1058 835 1108 diximus,
868 1060 1032 1109 multa,
1066 1059 1233 1099 iniuste
1258 1071 1284 1099 a
1311 1059 1588 1110 quibusdam
1620 1059 1790 1107 ablata,

170 1136 276 1170 sunt
304 1141 385 1181 per
416 1135 604 1170 nostros
630 1136 788 1180 patres
810 1130 937 1170 veris
964 1130 1163 1170 dominis
1189 1130 1425 1180 restituta,
1450 1131 1792 1181 eleemosynae-

170 1211 259 1252 que
280 1201 652 1252 quamplurimae
674 1200 963 1240 distributae.

249 1271 598 1313 Concionantur
618 1270 631 1290 ²
653 1271 777 1311 domi
805 1277 849 1311 et
869 1271 983 1312 foris
1003 1272 1049 1312 in
1080 1272 1279 1312 diuersis
1306 1273 1625 1321 monasteriis,
1656 1272 1793 1324 idque

170 1354 262 1383 non
298 1343 472 1395 absque
507 1342 735 1395 spirituali
761 1344 1093 1384 emolumento:
1130 1343 1249 1384 duae
1283 1344 1462 1395 puellae
1496 1356 1643 1396 nuper
1673 1345 1792 1384 clau-

171 1421 320 1455 strum
342 1425 677 1454 conuersarum
706 1414 971 1465 ingressae,
1004 1425 1139 1454 sacro
1166 1415 1373 1455 nondum
1403 1421 1640 1466 assumpto
1669 1415 1792 1455 habi-

170 1492 245 1536 tu,
269 1485 316 1525 in
345 1485 446 1536 ipso
471 1485 703 1537 tyrocinio
733 1485 797 1535 (ut
828 1485 964 1535 solet)
992 1485 1291 1526 tentamentis
1319 1479 1559 1526 daernonis
1585 1497 1701 1537 pene
1733 1486 1794 1526 vi-

177 1563 300 1606 ctae,
332 1556 458 1608 pium
480 1561 523 1596 et
553 1556 825 1605 religiosum
857 1556 1147 1607 propositum
1178 1562 1359 1596 mutare
1390 1557 1681 1607 cogitabant,
1714 1556 1795 1596 sed

172 1627 575 1668 adhortationibus
596 1632 640 1666 et
661 1626 806 1667 diuini
832 1626 963 1666 verbi
990 1627 1340 1677 praedicatione
1371 1627 1693 1677 confirmatae,
1717 1627 1794 1667 ha-

170 1698 316 1738 bitum
335 1703 648 1748 sumpserunt,
672 1708 868 1749 quarum
890 1698 1052 1748 altera,
1077 1697 1283 1738 secundo
1304 1704 1503 1748 tentata,
1528 1711 1621 1738 non
1641 1698 1795 1738 ferens

171 1763 381 1809 insolitos
402 1768 605 1808 hostium
626 1768 836 1818 insultus,
861 1768 1042 1808 tristem
1063 1768 1239 1808 abitum
1261 1767 1274 1786 ⁵
1295 1769 1515 1820 parabat:
1540 1776 1583 1809 et
1606 1769 1795 1809 abiisset

171 1839 350 1892 vtique,
374 1839 462 1880 nisi
483 1839 635 1879 denuo
657 1838 983 1879 adhortatione
1004 1845 1047 1879 et
1069 1840 1294 1880 concione
1314 1851 1368 1880 eo
1396 1840 1558 1880 fuisset
1586 1840 1793 1891 reducta,

172 1916 222 1951 vt
243 1922 337 1951 non
358 1910 495 1951 modo
516 1921 792 1961 permanere
812 1909 1120 1960 desideraret,
1145 1911 1226 1950 sed
1246 1911 1386 1951 etiam
1415 1912 1650 1963 pecunias,
1680 1923 1794 1962 quas

171 1982 390 2034 priuatim
413 1981 646 2032 seruabat,
669 1981 964 2032 Abbatissae,
989 1981 1063 2021 cui
1085 1987 1222 2022 antea
1243 1981 1428 2022 tradere
1449 1983 1648 2032 nolebat,
1674 1983 1795 2022 Vltro

173 2052 374 2103 offerret,
396 2052 524 2093 Patri
544 2058 809 2103 praeterea,
834 2053 908 2092 cui
929 2052 1057 2102 prius
1075 2053 1390 2093 conscientiae
1420 2060 1600 2093 secreta
1622 2054 1794 2093 reuela-

172 2124 369 2164 re·nullo
391 2123 528 2164 modo
550 2123 752 2173 volebat,
776 2123 1011 2163 humiliter
1032 2135 1154 2163 nunc
1176 2135 1281 2164 cum
1302 2124 1405 2164 aliis
1425 2124 1715 2164 confiteatur.

252 2195 334 2235 Est
355 2201 400 2235 et
422 2194 547 2234 aliud
567 2194 900 2234 monasterium
918 2224 925 2243 ‚
950 2194 1086 2234 huius
1107 2194 1235 2234 vrbis
1257 2195 1574 2246 praecipuum,
1594 2196 1640 2235 in
1661 2207 1752 2247 quo
1771 2207 1797 2236 a

173 2266 330 2307 multis
351 2265 603 2315 mensibus,
627 2264 822 2316 singulis
843 2264 939 2304 fere
961 2265 1204 2305 dominicis
1226 2271 1363 2316 atque
1384 2265 1528 2316 festis,
1553 2267 1719 2318 aliquis
1740 2278 1798 2306 ex

175 2337 352 2377 nostris
387 2336 717 2386 concionatur,
755 2335 892 2387 idque
926 2347 1019 2375 non
1054 2336 1154 2376 sine
1188 2347 1360 2387 magno
1395 2337 1665 2377 monialium
1700 2337 1799 2378 eius

174 2408 449 2449 monasterii
478 2407 646 2457 fructu;
671 2418 779 2446 nam
800 2418 906 2447 cum
935 2412 1071 2447 antea
1093 2419 1119 2447 a
1147 2407 1376 2448 nobilibus
1406 2409 1633 2448 matronis
1660 2420 1799 2460 saepe

177 2484 221 2519 et
242 2479 409 2531 quouis
429 2484 638 2530 tempore
660 2478 841 2521 visitari
862 2477 1234 2528 consueuissent,
1265 2478 1627 2530 quadragesima
1655 2491 1801 2532 nuper

177 2551 335 2602 elapsa
363 2550 537 2590 nullam
568 2549 752 2589 illarum
779 2548 838 2589 ad
866 2555 1077 2589 mutuum
1106 2549 1387 2600 colloquium
1416 2551 1723 2602 admiserunt;
1756 2558 1801 2592 et

176 2633 281 2662 cum
303 2621 530 2661 hactenus
552 2620 647 2660 fere
669 2631 829 2660 omnes
850 2620 1068 2671 proprios
1089 2619 1264 2660 reditus
1286 2621 1554 2671 habuerint,
1578 2634 1701 2662 nunc
1722 2633 1802 2662 eos

178 2691 236 2732 ad
255 2704 392 2732 vsum
413 2702 707 2732 communem
729 2692 900 2731 multae
921 2691 1105 2731 illarum
1134 2699 1411 2733 conuertere
1440 2699 1579 2745 atque
1606 2705 1800 2745 pauper-

177 2770 323 2804 tatem
345 2763 564 2815 amplecti
584 2761 865 2802 desiderant.

235 2973 246 2992 ¹
287 2974 436 3000 nostros.
452 2973 639 3001 POLANcus.

237 3019 252 3039 ἵ
292 3020 544 3048 Concionantur
558 3022 682 3048 nostri.
698 3020 751 3050 ID.

234 3066 248 3088 3
285 3075 475 3097 recessum.
489 3067 535 3096 Io.
