2020 3342
850 222 933 259 AN.
964 222 1054 259 1556
1712 223 1756 259 37

216 322 276 361 In
298 322 450 362 altera
470 321 654 373 pagina
676 320 787 360 haec
806 319 1057 370 leguntur:
1088 317 1202 357 1556.
1235 318 1453 368 Vinegia.
1486 317 1756 367 Quadrime-

130 392 220 432 stri
241 392 314 432 del
335 392 544 442 Collegio
566 391 610 431 di
632 390 834 441 Vinegia
856 396 944 429 etc.
968 388 993 427 4
1014 389 1069 428 de
1092 388 1321 429 Gennaio.

213 462 326 503 Alia
346 474 507 502 mann:
528 461 713 502 Lettere
734 459 1064 512 quadrimestri
1085 458 1132 498 di
1148 458 1330 509 Veneg.

403 979 685 1007 Praecedentium
699 979 817 1012 Jacobi
833 979 979 1013 Philippi
997 978 1185 1006 Castellani
1202 980 1311 1007 latina
1327 979 1440 1006 versio
1457 977 1479 1004 ¹.

939 1133 944 1148 ¹
972 1150 1002 1191 s

216 1312 314 1352 Pax
335 1312 508 1353 Christi
529 1318 616 1352 etc.

215 1383 334 1434 Quid
354 1389 450 1422 toto
472 1383 560 1423 hoc
582 1383 912 1435 quadrimestri
941 1390 1096 1422 actum
1119 1383 1191 1431 sit,
1216 1381 1315 1421 R.de
1332 1381 1377 1421 in
1395 1380 1580 1421 Christo
1600 1379 1756 1428 Pater,

130 1454 297 1506 paucis
317 1461 362 1494 te
383 1454 631 1494 certiorem
652 1454 846 1494 reddere
867 1453 1023 1503 statui,
1048 1453 1324 1504 praesertim
1345 1463 1450 1492 cum
1472 1451 1585 1491 nihil
1606 1451 1760 1501 singu-

134 1526 247 1575 lare,
276 1525 391 1565 nihil
413 1531 544 1565 extra
568 1525 830 1565 ordinarias
852 1525 1169 1565 confessiones
1199 1522 1497 1564 scribendum
1524 1527 1756 1570 occurrat,

134 1602 464 1647 praeterquam
485 1597 729 1647 generales
746 1596 974 1647 quasdam
992 1595 1309 1635 confessiones
1326 1593 1489 1633 Patres
1506 1592 1756 1641 audiuisse,

136 1667 343 1707 maxima
379 1667 564 1718 quidem
592 1666 909 1707 confitentium
938 1666 1184 1706 deuotione
1214 1672 1258 1705 et
1291 1664 1593 1716 lachrymosa
1621 1663 1759 1703 deuo-

134 1737 273 1787 tione3
297 1750 355 1777 ex
376 1749 466 1789 quo
489 1744 727 1789 quantum,
752 1737 909 1778 diuina
930 1737 1117 1777 fauente
1138 1736 1314 1787 gratia,
1339 1736 1385 1776 in
1416 1735 1581 1786 spiritu
1602 1745 1758 1785 perce-

130 1809 286 1860 perint
305 1808 499 1859 fructus,
523 1808 659 1848 facile
681 1809 857 1860 percipi
878 1814 1044 1859 potest.

214 1878 304 1930 Qui
324 1880 589 1930 spirituales
611 1880 669 1919 ad
692 1880 915 1930 templum
944 1885 1157 1919 nostrum
1184 1878 1408 1918 accedere
1436 1883 1756 1927 assueuerant,

132 1950 286 1990 adhuc
307 1961 478 2001 magno
500 1962 606 1990 cum
625 1950 811 1991 feruore
831 1949 1093 1990 deuotionis
1115 1954 1441 2000 perseuerant,
1466 1948 1662 1999 singulis
1684 1948 1761 1987 do-

132 2020 315 2061 minicis
341 2020 503 2061 diebus
531 2021 590 2061 ad
619 2020 970 2061 sanctissimum
998 2027 1345 2060 sacramentum
1379 2018 1685 2059 confessionis
1717 2025 1761 2058 et

133 2091 457 2131 Eucharistiae
485 2092 780 2132 accedentes.
815 2091 931 2132 Sunt
962 2098 1120 2132 tamen
1146 2091 1266 2131 inter
1293 2101 1373 2130 eos
1402 2090 1480 2130 alii
1509 2089 1759 2130 feruentio-

135 2173 223 2213 res,
256 2163 333 2214 qui
360 2162 546 2213 saepius
580 2162 627 2203 id
653 2163 808 2202 facere
843 2163 1008 2212 solent,
1038 2174 1131 2202 non
1166 2162 1265 2202 sine
1294 2172 1468 2212 magna
1494 2160 1758 2200 deuotione.

132 2232 401 2273 Audiuntur
420 2233 620 2284 gemitus
641 2241 685 2273 et
706 2234 938 2284 singultus
974 2233 1244 2284 lachrymas
1270 2231 1561 2271 fundentium
1581 2242 1758 2281 eorum,

134 2304 213 2355 qui
234 2303 291 2342 ad
313 2311 609 2344 sacramenta
631 2305 839 2355 veniunt;
868 2316 959 2356 qua
981 2305 1027 2344 in
1058 2315 1107 2343 re
1140 2304 1199 2344 sit
1228 2302 1499 2343 benedictus
1528 2302 1758 2342 Dominus

133 2374 181 2414 in
216 2375 387 2414 secula.
418 2374 563 2415 Sicuti
595 2375 850 2425 consueuit,
881 2374 929 2415 P.
961 2374 1137 2415 Caesar
1164 2374 1294 2414 festis
1321 2374 1481 2414 diebus
1514 2373 1761 2413 lectionem

134 2455 269 2485 suam
288 2457 346 2485 ex
367 2446 612 2497 euangelio
633 2445 759 2495 facit,
783 2458 869 2486 nec
891 2446 989 2486 sine
1007 2446 1152 2486 multa
1169 2445 1435 2485 auditorum
1452 2444 1699 2484 deuotione
1716 2450 1761 2483 et

134 2527 341 2556 numero:
366 2523 434 2556 est
455 2528 791 2568 nonnunquam
813 2517 1036 2557 refertum
1056 2517 1293 2568 templum.
1317 2515 1368 2555 In
1389 2515 1759 2555 confessionibus

133 2597 317 2638 quoque
339 2586 583 2627 audiendis
610 2599 749 2638 saepe
777 2594 883 2628 sunt
912 2587 1050 2627 valde
1081 2587 1313 2638 occupati,
1346 2586 1482 2626 sicuti
1513 2586 1758 2637 superiori-

133 2657 218 2697 bus
244 2657 405 2697 diebus
438 2670 582 2709 prope
620 2658 842 2699 Natalitia
869 2658 1003 2709 festa,
1036 2658 1202 2710 quibus
1232 2658 1294 2698 ita
1326 2663 1459 2697 erant
1490 2656 1677 2706 detenti,
1711 2662 1759 2696 ut

134 2739 248 2779 opus
268 2728 406 2768 fuerit
428 2729 677 2781 aliquando
698 2730 992 2781 corporalem
1012 2728 1313 2768 refectionem
1333 2728 1379 2767 in
1400 2738 1648 2778 vesperum
1679 2727 1757 2766 dif-

133 2797 270 2838 ferre.
295 2799 439 2839 Immo
461 2812 565 2840 cum
586 2812 679 2840 non
700 2807 890 2852 possent
918 2800 1006 2851 ipsi
1034 2799 1197 2839 Patres
1223 2799 1434 2839 omnibus
1463 2798 1756 2847 satisfacere,

130 2870 304 2909 ‘multos
325 2870 596 2910 discessisse
619 2870 772 2921 credo,
797 2871 874 2922 qui
902 2871 977 2910 vel
1008 2870 1053 2910 in
1085 2870 1226 2909 alium
1254 2870 1376 2909 diem
1403 2869 1552 2920 ipsam
1583 2868 1757 2908 confes-

191 3026 200 3046 ¹
241 3028 483 3062 Autographa,
499 3030 597 3056 unico
613 3029 710 3063 folio,
726 3037 756 3056 n.
772 3029 817 3056 76.
