2020 3342
821 243 902 284 AN.
935 244 1024 285 1556
1672 251 1734 288 191

114 347 183 389 ne,
208 337 330 392 apud
352 352 468 392 quos
489 341 751 383 animorum
767 344 960 395 puritaS‚
980 355 1122 384 verus
1138 345 1342 385 numinis
1365 346 1530 397 cultus,
1555 347 1739 398 religio-

115 410 276 462 nisque
298 411 580 453 christianae
602 413 847 464 integritas
869 415 1107 466 probatur,
1131 426 1234 455 cum
1259 417 1552 457 aemulorum
1585 425 1740 458 autem

114 492 169 520 ac
190 482 523 533 nephariorum
549 484 686 535 graui
715 484 1008 536 offendicuIO,
1038 498 1235 538 quorum
1265 488 1496 528 scelerata
1531 489 1740 540 nequitia

114 550 389 604 effrenisque
410 553 563 593 rabies
594 555 890 596 sanctissima
922 568 1134 609 quaeque
1164 557 1355 609 vipereo
1386 570 1566 599 veneno
1601 570 1738 599 cona-

114 627 186 661 tur
207 622 408 674 inficere,
433 630 477 664 et
499 636 523 665 a
546 636 661 665 vera
681 626 853 677 pietate
871 627 1128 679 deterrere;
1149 639 1310 668 omnes
1327 630 1519 680 rugiunt
1538 635 1665 670 certe
1684 641 1738 670 ac

113 691 324 734 frendent
346 694 392 734 in
412 706 497 735 nos
518 696 737 737 continuo
755 698 926 748 leones,
950 705 1000 738 vt
1020 699 1102 739 vix
1123 699 1326 740 nondum
1357 701 1554 741 emissos
1584 700 1738 742 foetus

113 763 398 816 interimant,
421 766 595 806 lanient
616 773 754 818 atque
771 768 1059 820 discerpant;
1082 781 1243 810 verum
1261 782 1315 811 eo
1332 771 1483 822 magis
1501 772 1732 822 saeviunt,

110 833 231 885 quod
252 846 361 876 suos
383 843 593 888 conatus,
617 838 782 889 quibus
803 850 890 879 nos
911 839 1064 880 delere
1083 841 1405 893 moliebantur,
1425 843 1587 894 quales
1606 849 1733 895 opta·

110 905 221 945 bant
244 907 409 956 exitus,
434 919 528 947 non
549 920 651 948 esse
673 916 1000 962 consequutos,
1024 911 1106 952 sed
1126 913 1281 963 potius
1299 925 1383 953 sua
1406 925 1488 964 spe
1510 925 1634 954 nunc
1659 914 1733 955 de-

108 987 233 1016 mum
255 988 356 1017 sese
378 978 564 1019 delusos
585 991 687 1020 esse
708 981 924 1021 sentiant.
949 981 1117 1022 Mirum
1139 995 1251 1023 sane
1274 995 1414 1036 quam
1438 985 1611 1025 misere
1639 997 1737 1026 cru-

108 1046 303 1099 cientur,
328 1049 405 1100 qui
426 1061 679 1101 prosperos
706 1058 892 1092 nostros
919 1064 1163 1094 successus
1195 1066 1330 1095 suum
1366 1067 1467 1095 esse
1499 1057 1736 1097 interitum

108 1117 297 1159 ducunt.
322 1118 619 1172 Quapropter
648 1123 785 1173 longe
816 1124 1082 1164 acerbiores
1105 1136 1245 1177 quam
1268 1132 1426 1177 antea,
1451 1128 1488 1167 si
1518 1127 1584 1167 eis
1614 1135 1736 1168 esset

108 1188 342 1240 integrum
364 1192 661 1233 occasionem
681 1199 730 1233 ut
751 1194 961 1234 nancisci
981 1201 1187 1247 possent,
1219 1197 1468 1237 aduersum
1498 1208 1583 1238 nos
1614 1199 1735 1239 exci-

108 1267 260 1300 tarent
282 1261 575 1313 tragoedias;
599 1263 680 1304 sed
700 1271 910 1305 metuunt
931 1277 988 1306 ne
1011 1278 1128 1318 quae
1151 1267 1196 1307 in
1228 1279 1315 1308 nos
1346 1269 1535 1309 vibrant
1562 1269 1731 1321 iacula,

112 1331 157 1370 in
179 1342 262 1371 sua
291 1332 445 1384 capita
473 1339 849 1386 retorqueantur.
879 1335 999 1377 Nam
1029 1336 1272 1379 Summum
1304 1338 1575 1380 Pontificem
1608 1341 1733 1381 insti-

107 1402 195 1442 tuti
214 1403 361 1443 nostri
382 1404 625 1445 authorem
646 1406 870 1458 extitisse,
893 1408 1161 1461 aliquotque
1184 1422 1242 1450 ex
1262 1411 1433 1451 nostris
1456 1410 1732 1453 Cardinales

105 1480 291 1514 creatos
312 1475 609 1527 suspicantur
629 1489 804 1530 omnes,
828 1479 1035 1531 plerique
1055 1481 1196 1521 etiam
1213 1483 1591 1523 constantissime
1610 1495 1731 1524 asse-

111 1552 290 1596 uerant,
313 1557 461 1598 neque
482 1548 617 1589 nobis
636 1550 917 1601 negantibus
937 1550 1074 1592 fidem
1094 1551 1282 1603 habent,
1301 1554 1424 1605 quod
1452 1566 1538 1594 nos
1566 1555 1729 1607 imper-

112 1616 300 1656 territos
330 1623 375 1658 et
401 1618 626 1660 infractos
656 1620 811 1661 animo
842 1629 1050 1673 cernant,
1081 1623 1329 1675 omniaque
1357 1624 1554 1665 instituti
1580 1627 1730 1666 nostri

105 1687 264 1727 munia
286 1688 512 1730 audenter
532 1702 782 1743 peragere,
806 1704 897 1744 quo
919 1693 1117 1746 denique
1139 1694 1185 1734 in
1206 1694 1325 1735 freto
1340 1696 1579 1747 nauigent‚
1599 1708 1729 1749 pror-

103 1769 181 1797 sus
201 1760 435 1811 nesciunt;
458 1760 522 1801 ita
544 1773 677 1802 suurn
699 1762 745 1802 in
762 1764 978 1815 proprios
995 1765 1201 1816 hospites
1218 1766 1350 1806 virus
1368 1768 1605 1819 experitur
1628 1780 1729 1820 per·

102 1835 239 1879 petuo
262 1829 452 1871 inuidia.

125 1947 128 1949 ,
180 1898 268 1950 Qui
289 1908 445 1942 autem
466 1904 749 1945 exercitatos
779 1905 950 1946 habent
977 1918 1155 1959 sensus,
1187 1909 1362 1949 reiecto
1390 1920 1588 1960 veneno,
1621 1910 1724 1950 illos

102 1977 323 2023 tanquam
340 1973 566 2015 vilissima
583 1976 817 2028 mancipia
835 1985 1162 2030 aspernantur,
1182 1991 1236 2019 ac
1254 1980 1420 2021 maiori
1437 1992 1542 2021 curn
1561 1982 1724 2021 alacri-

101 2047 192 2082 tate
208 2049 253 2083 et
268 2043 436 2084 robore
457 2046 751 2096 gradiuntur.
775 2047 954 2089 Tantus
984 2049 1141 2102 itaque
1169 2057 1239 2091 est
1268 2050 1586 2092 confitentium
1617 2063 1724 2092 con·

99 2123 278 2165 cursus,
296 2120 347 2154 vt
367 2127 460 2156 non
488 2117 640 2158 solum
667 2119 789 2170 apud
820 2118 1045 2161 Sanctum
1081 2121 1368 2163 Germanum
1404 2122 1566 2163 diebus
1593 2123 1723 2164 festis

98 2194 393 2237 occupemur,
429 2199 594 2228 verum
622 2189 763 2230 etiam
790 2189 1164 2242 frequentissime
1192 2193 1331 2244 domi,
1365 2193 1569 2245 quotidie
1600 2194 1722 2246 apud

98 2252 267 2296 Diuum
284 2256 517 2310 Cosmam,
541 2271 630 2311 quo
649 2262 901 2302 conuolant
917 2275 976 2303 ex
993 2264 1134 2304 totius
1151 2264 1356 2305 ciuitatis
1374 2265 1488 2305 locis
1505 2266 1721 2306 remotio-

96 2324 222 2366 ribus
251 2326 518 2380 frequentes
546 2336 804 2384 matronae,
842 2333 1089 2386 pleraeque
1120 2335 1313 2386 nobiles,
1339 2347 1471 2387 quae,
1506 2337 1721 2388 quamuis

97 2397 312 2448 proprios
334 2399 535 2441 habeant
557 2402 869 2444 confessarios
891 2415 945 2444 ac
972 2405 1136 2456 procul
1155 2406 1407 2447 admodum
1437 2419 1463 2447 a
1493 2407 1628 2447 nobis
1657 2407 1719 2447 di-

97 2473 229 2519 stent,
243 2470 410 2511 mirum
426 2479 600 2523 quanto
616 2473 801 2514 feruore
818 2483 1083 2527 accurrant,
1096 2477 1278 2529 quoties
1293 2479 1367 2518 vel
1383 2477 1606 2518 leuissimi
1624 2479 1720 2530 qui·

95 2549 181 2590 que
205 2540 383 2591 (quibus
413 2553 553 2595 saepe
580 2544 729 2584 solent
757 2546 975 2586 mulieres
1003 2547 1184 2595 vexari)
1213 2549 1420 2600 scrupuli
1448 2556 1715 2590 occurrunt.

94 2608 194 2651 Viri
213 2618 367 2652 autem
386 2619 696 2666 praestantes,
720 2616 797 2667 qui
817 2618 975 2668 palam
1006 2618 1155 2659 videri
1175 2620 1352 2671 nolunt,
1375 2619 1425 2660 P.
1448 2619 1715 2661 Prouincia-

93 2681 181 2722 lem
201 2680 209 2700 ¹
228 2682 286 2722 ad
304 2694 405 2724 sese
427 2684 660 2726 aduocant
681 2686 783 2738 ipsi.
809 2686 1007 2729 Tantam
1027 2688 1225 2741 denique
1246 2690 1463 2741 permulti
1483 2690 1590 2731 inde
1611 2702 1718 2731 con·

93 2753 365 2794 solationem
386 2755 661 2808 percipiunt,
684 2765 735 2798 vt
751 2763 848 2799 tum
871 2759 1056 2800 demum
1077 2760 1339 2812 incoepisse
1360 2761 1522 2802 vivere
1544 2761 1629 2802 sibi
1653 2763 1714 2802 vi-

92 2821 285 2864 deantur
307 2832 351 2866 et
372 2825 585 2867 libertate
606 2827 780 2869 donati.
804 2828 918 2870 Adit
939 2831 1080 2871 etiam
1101 2831 1200 2883 ipse
1220 2831 1270 2872 Ρ.
1293 2832 1603 2873 Prouincialis
1629 2835 1718 2873 ire-

93 2895 390 2945 quentissime
411 2895 634 2938 Sanctum
657 2898 938 2941 Geruasium
959 2902 1144 2953 aliaque
1178 2905 1294 2954 loca,
1329 2905 1492 2955 procul
1526 2917 1551 2944 a
1580 2905 1714 2944 nobis

145 3055 156 3076 ¹
195 3056 231 3085 P.
247 3056 468 3086 paschasium
484 3057 597 3087 Broet.
