2020 3342
863 253 944 290 AN.
977 253 1066 291 1556
1732 255 1777 293 91

146 346 235 386 bus
255 347 419 387 sericis
443 348 716 399 moderatio,
741 354 791 388 vt
813 348 951 400 (quod
967 349 1168 389 antehac
1188 361 1281 389 non
1302 350 1495 400 solebat)
1519 356 1563 390 et
1580 351 1775 391 vilescat

145 418 363 468 sericum,
388 425 431 458 et
452 420 547 459 fere
569 426 736 471 quarta
757 426 889 471 parte
930 420 1069 460 vilius
1099 420 1345 460 vendatur:
1382 421 1490 461 hinc
1513 420 1569 461 ad
1591 421 1775 472 flagella

145 489 313 539 parati,
337 489 414 540 qui
437 496 574 529 antea
595 491 670 530 vel
691 490 852 530 audire
875 491 1293 540 exhorrescebant,
1324 503 1553 531 memores
1579 498 1774 542 peccato

145 559 314 609 dignas
335 571 511 611 poenas
533 566 637 611 post
658 566 853 600 mortem
873 560 986 601 mihi
1011 561 1220 611 luendas,
1253 562 1298 601 ni
1324 562 1427 601 illas
1452 562 1507 602 de
1534 562 1710 613 meipso
1730 562 1779 603 in

147 630 235 669 hac
257 630 355 670 vita
387 633 679 682 sumpserim;
713 632 821 672 hinc
850 632 1048 684 denique
1085 639 1154 673 est
1186 633 1307 684 quod
1344 633 1649 673 eleemosinas
1676 644 1775 673 ero-

145 706 274 750 gant,
311 701 417 740 hinc
453 709 751 743 sacramenta
784 703 1101 754 frequentant,
1141 704 1458 743 acclamantes
1497 703 1569 753 (vt
1608 704 1781 751 solent)-

144 781 266 810 nunc
289 771 401 810 mihi
425 771 584 812 videor
605 772 748 813 fuisse
770 774 1026 814 confessus.

225 841 310 881 His
333 849 633 882 accesserunt
656 843 726 893 (de
744 855 974 885 consensu
998 844 1150 885 Patris
1172 844 1483 884 Provincialis
1505 850 1550 884 et
1581 845 1782 884 consilio-

144 911 247 952 D.¹¹i
279 912 556 962 Prouisoris)
580 914 831 954 conciones
852 915 1035 967 aliquae
1056 922 1265 967 tempore
1289 915 1533 956 Aduentus
1557 927 1641 966 pro
1670 926 1774 966 gra-

143 983 278 1023 dibus
300 983 500 1033 habitae,
525 996 640 1035 quas
662 985 748 1024 etsi
771 992 879 1025 sunt
908 986 1116 1037 quidam,
1141 986 1220 1037 qui
1241 992 1483 1037 suspectas
1512 986 1783 1036 habuerint,

144 1061 194 1092 vt
214 1060 284 1093 est
306 1054 421 1093 haec
443 1054 609 1095 ciuitas
630 1056 900 1096 exulcerata
922 1057 1067 1096 uariis
1091 1056 1402 1107 dogmatibus,
1425 1063 1469 1097 et
1486 1057 1684 1097 aliorum
1700 1069 1775 1108 pe-

144 1124 302 1163 riculis
337 1125 518 1165 cautior
548 1126 687 1175 facta,
726 1138 923 1178 quorum
944 1128 1158 1178 exemplo
1193 1128 1328 1167 nobis
1363 1140 1546 1179 quoque
1577 1139 1773 1179 praesa-

145 1194 277 1244 giunt
299 1195 496 1245 ruinam,
521 1197 768 1237 audierunt
802 1203 958 1238 tamen
993 1204 1182 1247 attente,
1220 1205 1506 1249 exceperunt
1534 1199 1773 1247 beneuole‚

144 1266 388 1317 securique
410 1267 550 1318 aliqui
571 1279 630 1307 ex
647 1268 922 1319 primatibus
944 1269 1224 1318 auditorum,
1249 1276 1292 1309 et
1310 1280 1422 1319 erga
1444 1276 1635 1309 nostros
1655 1269 1775 1309 bene

146 1336 312 1385 affecti,
336 1347 644 1387 recesserunt;
671 1339 859 1390 quidam
888 1340 1137 1391 praecipue
1165 1352 1271 1380 cum
1294 1341 1572 1381 sententiam
1596 1341 1777 1381 tulisset

146 1407 191 1446 in
209 1408 342 1459 alios,
368 1409 443 1460 qui
465 1410 628 1449 eodem
649 1411 751 1450 loco
773 1411 1023 1451 conciones
1044 1411 1318 1459 habuerant,
1350 1412 1500 1463 primo
1534 1418 1727 1462 rogatus
1749 1424 1775 1451 a

144 1478 234 1518 sibi
253 1479 472 1520 familiari
495 1481 658 1529 amico,
685 1489 736 1521 vt
759 1482 954 1532 audiret,
985 1483 1242 1533 respondit:
1281 1495 1371 1534 quo
1408 1483 1521 1522 mihi
1549 1483 1775 1523 illumina

146 1549 296 1589 tiones
324 1550 456 1601 istae,
487 1552 620 1602 quasi
651 1553 863 1602 ignorem
898 1564 1121 1604 quorsum
1152 1554 1388 1593 euaserint
1419 1554 1637 1604 antiquae
1670 1554 1776 1594 illae

145 1620 251 1660 talis
273 1628 316 1660 et
337 1622 457 1661 talis.
483 1622 793 1663 Nihilominus
814 1624 1046 1675 acquieuit
1071 1624 1315 1675 flagitanti,
1346 1625 1524 1665 audiuit
1555 1632 1599 1664 et
1630 1626 1776 1665 credi-

148 1691 227 1740 dit,
249 1691 367 1731 adeo
389 1699 440 1732 vt
471 1694 654 1733 vocatis
676 1700 839 1745 postea
874 1695 932 1735 ad
954 1706 1002 1734 se
1038 1695 1185 1745 nobis,
1224 1696 1428 1735 calcaria
1460 1695 1689 1736 addiderit
1717 1696 1777 1736 ad

152 1763 472 1813 peragendum
508 1764 790 1815 incoeptum,
829 1765 1133 1817 adductisque
1160 1766 1418 1806 rationibus
1451 1767 1650 1818 probare
1671 1778 1776 1806 con-

149 1832 362 1883 tenderit,
387 1835 548 1885 quanti
571 1835 742 1875 referat
762 1836 1007 1886 aliquoties
1019 1837 1074 1876 de
1091 1836 1259 1876 futuris
1275 1837 1531 1877 honoribus
1549 1843 1592 1876 et
1613 1837 1778 1888 opibus

148 1903 400 1944 admonere
425 1904 600 1944 nobiles
625 1905 649 1955 ¹,
674 1907 843 1946 milites
864 1913 908 1947 et
929 1913 1215 1947 mercatores
1237 1908 1353 1956 illos,
1374 1908 1451 1959 qui
1470 1908 1653 1959 plurimi
1669 1920 1776 1959 quo-

147 1973 256 2013 tidie
280 1975 338 2014 ad
358 1975 443 2014 hos
459 1976 636 2026 gradus
658 1978 953 2025 conueniunt,
973 1978 1399 2029 significaueritque
1415 1980 1551 2030 plane
1570 1980 1712 2019 multo
1728 1991 1778 2019 se

147 2045 291 2085 alium
312 2046 518 2086 animum
540 2058 655 2098 erga
678 2053 862 2088 nostros
890 2060 948 2088 ex
975 2055 1085 2089 tunc
1119 2049 1399 2100 habiturum,
1437 2049 1559 2101 quod
1593 2050 1780 2102 quidem

151 2122 314 2166 postea
337 2117 403 2156 rei
430 2118 758 2169 comprobauit
780 2125 988 2159 euentus

226 2185 341 2226 Sunt
359 2187 434 2227 hic
459 2189 740 2236 (miserabile
762 2189 903 2240 dictu)
926 2202 1020 2229 non
1037 2202 1216 2241 paucae
1239 2191 1419 2239 domus,
1450 2192 1584 2241 aliae,
1612 2192 1777 2243 quibus

147 2264 325 2296 merent
348 2260 557 2299 occultae
579 2261 863 2309 meretrices,
887 2262 1021 2312 aliae,
1048 2262 1213 2313 quibus
1231 2263 1357 2302 aleas
1376 2270 1419 2302 et
1439 2263 1629 2302 chartas
1648 2275 1776 2303 exer-

147 2335 253 2367 cent
274 2329 468 2380 lusores3
492 2330 539 2369 in
570 2330 655 2370 has
683 2343 823 2382 saepe
852 2333 1156 2373 concionibus
1177 2333 1456 2384 inuehimur,
1491 2334 1537 2373 in
1568 2334 1654 2373 has
1674 2345 1777 2385 pro-

147 2405 351 2439 motores
373 2399 608 2451 etjudices
625 2403 970 2443 ecclesiasticos
993 2404 1349 2451 concitauimus,
1385 2405 1569 2456 iamque
1600 2406 1776 2445 secula-

148 2469 269 2509 rium
290 2471 514 2511 auxilium
536 2472 757 2512 inuocare
779 2484 1015 2525 paramus,
1040 2481 1283 2525 sperantes
1304 2475 1418 2525 fore,
1444 2476 1634 2527 auspice
1656 2474 1774 2523 Deo,

149 2551 240 2590 quo
259 2541 424 2581 ciuitas
446 2542 518 2582 his
549 2543 765 2583 sordibus
800 2551 1103 2595 expurgetur,
1141 2557 1249 2585 nam
1271 2547 1465 2597 purgari
1495 2546 1587 2586 iam
1609 2548 1783 2597 coepit„

149 2622 255 2650 cum
284 2613 513 2653 amatoria
542 2614 767 2664 carmina,
798 2615 1004 2655 lasciuae
1032 2617 1306 2667 tragoediae
1333 2626 1377 2656 et
1401 2617 1581 2668 poetica
1605 2617 1660 2657 de
1688 2617 1777 2656 hac

148 2693 197 2720 re
220 2681 455 2734 figmenta,
480 2684 617 2724 simul
639 2697 747 2725 cum
777 2685 1050 2726 chartarum
1084 2688 1316 2738 pictarum
1350 2688 1656 2738 multitudine,
1680 2688 1780 2738 igni

149 2760 425 2804 consumpta
446 2754 553 2794 sint.

228 2823 368 2875 Apud
389 2836 628 2866 carcerem
649 2826 862 2867 habenda
883 2828 1096 2868 doctrina
1117 2828 1359 2869 frenantur
1386 2830 1720 2881 aliquantulum
1752 2841 1778 2868 a

148 2892 316 2945 jurgiis
337 2900 381 2934 et
398 2895 689 2947 juramentis:
713 2897 945 2949 frequenti
966 2899 1231 2939 orationum
1251 2907 1294 2939 et
1317 2901 1596 2940 letaniarum
1616 2901 1784 2940 recita-⁷

208 3056 219 3075 ¹
261 3056 393 3083 nobiles
409 3057 537 3084 addidit
556 3058 733 3086 Polaticus.
