2020 3342
209 208 286 249 656
305 235 308 246 ‚
837 208 1067 245 APPENDIX
1094 219 1228 246 PRIMA

299 446 428 496 Pag.
471 445 585 493 271,
618 450 730 496 post
764 445 953 485 litteras
981 445 1170 494 fratris
1203 445 1412 485 Portz'llo
1451 446 1730 486 inserendae
1774 458 1847 486 se—

218 520 430 567 quentes:

862 871 1099 925 CCXXI
1136 869 1203 906 bis

294 1098 339 1135 Ρ.
361 1097 661 1136 Gundisalvus
682 1080 903 1136 Gonzalez

340 1163 461 1200 Patri
480 1162 650 1210 Ignatio
671 1163 724 1200 de
746 1163 928 1211 Loyola.

386 1227 667 1273 Salmantica,
688 1228 711 1264 4
728 1228 835 1275 Maji
858 1229 949 1266 1553
970 1230 993 1263 ¹.

997 1367 1085 1407 Ihs.

305 1511 416 1551 Gra.
442 1516 487 1550 et
508 1522 617 1561 pax,
642 1516 728 1550 etc.

301 1581 688 1622 Continuamente
704 1587 865 1621 nostro
881 1581 948 1622 S.r
971 1580 1098 1622 iddio
1112 1582 1407 1622 distribuisce
1421 1582 1466 1622 di
1481 1594 1566 1622 sua
1584 1582 1819 1623 miseriem
1832 1605 1842 1609 -

224 1653 300 1692 dia
320 1664 408 1692 con
430 1652 509 1692 noi
531 1652 662 1702 altri,
691 1652 1064 1703 permettendoni
1090 1660 1268 1693 tractas
1294 1653 1341 1693 in
1368 1653 1568 1705 qualche
1597 1665 1735 1704 cosa,
1768 1653 1859 1693 che

223 1735 307 1763 sua
329 1730 426 1764 &¹¹¹³
447 1723 598 1774 gloria
619 1723 689 1763 sia
712 1724 983 1764 conoseiuta
1006 1730 1049 1764 et
1069 1723 1346 1774 glorificata.
1382 1723 1540 1765 Siamo
1570 1724 1709 1764 molte
1729 1724 1860 1764 volte

224 1794 445 1834 chiamati
467 1806 548 1845 per
570 1795 599 1833 il
622 1794 818 1834 transito
841 1794 885 1834 di
907 1794 1060 1846 quelli,
1085 1795 1170 1835 che
1192 1795 1230 1835 si
1247 1806 1456 1844 morena),
1482 1801 1525 1835 et
1544 1795 1740 1847 qualche
1758 1796 1854 1835 vol-

224 1872 287 1914 ta,
311 1865 513 1905 secondo
536 1865 621 1904 che
643 1866 684 1904 la
707 1865 891 1905 charita
913 1871 955 1904 et
972 1865 1203 1905 necessita
1220 1867 1263 1905 lo
1284 1866 1512 1916 richiede,
1535 1866 1853 1906 custodientes

227 1941 373 1987 super
399 1947 478 1975 eos
504 1935 706 1986 vigillas
736 1935 911 1985 noctis·
939 1936 1047 1987 qual
1078 1936 1325 1977 habbiamo
1353 1937 1477 1977 visto
1510 1937 1569 1976 ha
1593 1937 1789 1988 pigliato
1825 1937 1857 1976 il

228 2005 397 2056 Signor
423 2018 505 2057 per
526 2018 683 2046 mezzo
711 2018 794 2057 per
821 2006 1015 2046 rimedio
1039 2006 1084 2046 di
1105 2007 1259 2047 alcuni
1290 2007 1639 2057 circumstanti,
1673 2008 1777 2048 anzi
1809 2007 1858 2047 in

230 2088 386 2117 nuouo
409 2077 631 2117 sentim.t0
653 2077 699 2116 di
720 2088 804 2117 sua
825 2077 938 2126 vita,
963 2089 1094 2117 come
1115 2077 1161 2117 in
1179 2078 1441 2118 correction
1457 2078 1502 2118 di
1519 2079 1688 2130 quella,
1705 2078 1855 2118 tirarli

227 2148 317 2187 alla
339 2147 646 2198 confessione,
672 2148 882 2187 exercitii
903 2148 1132 2199 spirituali
1154 2154 1198 2188 et
1220 2148 1411 2188 anchor’
1437 2161 1464 2188 a
1487 2148 1750 2200 Relligion'.
1771 2148 1859 2189 Per

229 2219 380 2269 questi
400 2219 546 2258 mezzi
567 2219 605 2258 si
627 2230 778 2258 mosse
799 2230 892 2258 vno
914 2219 1020 2258 delli
1041 2219 1119 2270 piu
1140 2220 1381 2259 eccellenti
1402 2219 1599 2259 musiehi
1631 2219 1677 2259 di
1698 2226 1863 2271 queste

233 2290 354 2340 parti
369 2289 398 2340 ²,
429 2289 548 2330 onde
570 2289 923 2329 confessandosi
944 2290 1291 2340 generalmente
1313 2296 1356 2330 et
1377 2290 1539 2330 hauuti
1571 2291 1602 2330 li
1628 2291 1861 2331 essercitii

230 2359 350 2400 della
372 2361 523 2411 prima
546 2360 810 2409 settimana,
835 2360 873 2399 si
894 2359 1168 2400 dismentice
1190 2361 1203 2400 i
1225 2361 1386 2412 palatii
1418 2367 1463 2401 et
1484 2373 1592 2401 ease
1619 2361 1675 2401 de
1697 2361 1857 2412 nobili,

285 2548 291 2562 ¹
332 2544 564 2577 Apographae
587 2544 619 2570 in
640 2544 707 2570 vol.
730 2543 866 2570 Mixtae
881 2543 980 2574 1553,
1001 2543 1126 2577 duplici
1146 2544 1224 2571 folio
1246 2545 1347 2572 nullis·
1368 2546 1517 2573 numeris
1541 2545 1864 2573 distincta—Aliud

229 2599 294 2619 non
306 2596 394 2623 sunt,
408 2595 443 2618 ut
456 2591 583 2624 legenti
596 2591 696 2618 facile
708 2595 815 2625 patet,
828 2590 891 2618 nisi
904 2592 1110 2623 litterarum,
1125 2599 1207 2626 quas
1219 2600 1336 2626 supra.
1349 2600 1382 2621 n.
1394 2600 1505 2627 ccxlv,
1518 2600 1595 2627 pag.
1609 2592 1670 2626 298,
1684 2592 1859 2625 edidimus,

229 2647 249 2665 a
264 2639 411 2665 Polanco
426 2638 682 2665 emendatarum
698 2638 850 2665 italicum
871 2639 1072 2673 exemplum.
1087 2639 1248 2666 Auctoris
1270 2640 1323 2667 hic
1339 2647 1528 2674 cognomen
1543 2644 1678 2668 tantum
1693 2644 1756 2674 est,
1773 2647 1869 2667 eum-

230 2694 292 2720 que
316 2694 387 2719 nos,
408 2687 428 2713 l.
450 2694 490 2719 e..
511 2685 676 2719 Joannem
698 2685 867 2713 Gonzalez
889 2694 961 2713 esse
984 2687 1138 2716 diximus.
1159 2687 1238 2714 licet
1253 2687 1451 2715 dubitanter
1474 2687 1573 2720 (Vide
1590 2688 1623 2714 in
1645 2687 1763 2714 eodem
1786 2690 1811 2715 t.
1827 2694 1862 2722 n,

229 2741 307 2767 pag.
319 2733 382 2765 300,
396 2736 511 2760 annot.
527 2734 564 2765 1.)
577 2732 670 2760 Nunc
686 2737 811 2765 tamen,
828 2733 915 2766 quod
927 2733 1089 2761 librarius
1100 2735 1232 2767 legerat
1255 2734 1301 2767 Io.
1313 2735 1346 2762 in
1356 2735 1618 2769 subscriptione,
1634 2734 1861 2769 autographis

230 2780 297 2807 lllis
318 2781 444 2808 litteris
465 2780 585 2807 melius
609 2780 782 2813 inspectis.
806 2780 899 2807 clare
924 2781 1067 2814 legimus
1089 2781 1146 2808 Go.
1168 2781 1230 2808 Est
1252 2782 1393 2816 proinde
1416 2786 1512 2809 certo
1534 2781 1776 2816 Gundisalvus‚
1798 2789 1867 2809 non

232 2828 391 2861 Joanms,
408 2827 587 2854 Gonzalez.
602 2827 690 2854 Vide
706 2828 810 2854 etiam
826 2827 973 2855 POLANCI
990 2828 1192 2861 chronicon,
1210 2833 1234 2856 t.
1256 2836 1303 2863 111,
1325 2837 1405 2864 pag.
1418 2829 1481 2863 302,
1497 2837 1528 2857 n.
1544 2829 1596 2856 671
1616 2833 1648 2856 et
1664 2832 1778 2856 annot.
1794 2829 1864 2856 1.—

230 2875 381 2902 Tandem
396 2876 542 2902 observa
557 2874 619 2901 has
634 2874 765 2905 literas.
782 2882 962 2908 perperam
978 2875 1146 2908 fortaszis,
1163 2876 1196 2902 in
1211 2876 1274 2903 hoc
1296 2876 1413 2903 italico
1428 2877 1592 2910 exemplo,
1618 2876 1718 2902 datas
1733 2875 1798 2902 dici
1813 2875 1870 2903 4.*ι

231 2923 284 2949 die
299 2921 390 2956 Maji,
406 2929 482 2949 cum
496 2922 735 2955 autographae
751 2922 880 2948 latinae
896 2922 998 2949 datae
1014 2922 1141 2950 fuerint
1157 2922 1221 2950 10.ει

285 2969 299 2988 2
336 2968 407 2996 Has
422 2976 524 2996 voces
540 2976 607 2994 uno
631 2968 718 2995 delli
734 2969 799 3003 piz't
815 2969 998 2997 eccellenti
1019 2970 1171 2998 musicus
1191 2971 1230 2998 dz'
1244 2972 1364 3004 queste
1382 2970 1484 3004 parti
1506 2973 1604 2997 caute
1630 2969 1865 3004 praetermisit

230 3016 407 3049 Polaneus‚
424 3016 501 3043 dum
517 3015 601 3042 haec
619 3015 650 3042 in
666 3022 763 3043 suum
780 3015 982 3049 chronicon,
997 3018 1248 3045 transcribebat
1266 3019 1285 3046 Ι.
1300 3025 1337 3047 c..
1350 3025 1428 3052 pag.
1439 3017 1502 3052 304,
1518 3025 1548 3045 n.
1563 3016 1625 3044 676.
