2020 3342
855 239 938 277 AN.
969 239 1059 277 1556
1695 242 1765 278 575

144 334 478 375 consulendum
514 346 617 376 esse
645 335 878 387 duximus,
911 348 1108 388 quorum
1138 336 1287 376 maior
1316 335 1361 376 id
1387 336 1644 377 necessitas
1672 338 1764 377 exi-

143 415 270 455 gere,
308 405 476 456 quique
512 406 758 447 certiorem
793 407 1144 460 uberioremque
1178 407 1357 447 fructus
1390 407 1762 458 expectationem

145 475 356 527 polliceri
376 475 660 518 uiderentur.

225 545 430 587 Primum
451 547 608 599 itaque
629 560 655 588 a
678 548 915 590 Macereto
937 550 947 571 ¹
971 549 1229 590 Picentium
1250 549 1480 600 auspicati
1500 549 1762 601 metropoli,

145 629 200 657 eo
228 623 323 657 tres
348 617 546 668 profecti
574 631 631 659 ex
662 620 849 671 nostris,
880 627 1065 672 praeter
1095 620 1279 660 habitas
1310 631 1473 660 sacras
1505 620 1762 671 contiones,

145 694 331 739 praeter
365 689 605 730 doctrinae
640 690 924 731 christianae
960 703 1044 742 pro
1079 702 1208 731 more
1243 690 1490 731 Societatis
1525 691 1763 741 lectiones,

144 765 329 810 praeter
363 760 548 800 auditas
583 761 871 802 infirmorum
906 762 1235 813 firmorumque
1269 763 1439 802 multas
1469 762 1525 802 de
1558 762 1766 814 peccatis

144 830 476 882 confessiones,
514 832 772 883 composita
805 839 911 873 sunt
946 834 1065 874 inter
1092 833 1338 873 seditiosos
1365 833 1624 873 inueterata
1656 845 1766 874 non·

144 901 270 940 nulla
291 901 499 953 dissidia,
522 909 792 954 reparatum
812 902 1122 944 diuersorium
1143 915 1415 955 pauperum,
1439 905 1537 944 siue
1564 904 1764 945 xenodo-

145 972 315 1021 chium,
339 984 423 1024 per
443 973 672 1014 incuriam
693 975 934 1014 ruinosum
956 981 999 1015 et
1020 976 1257 1015 occlusum
1281 975 1372 1015 iarn
1396 975 1574 1026 pridem
1602 987 1766 1027 aegro·

145 1042 218 1094 tis;
238 1043 498 1084 instaurata
516 1051 559 1084 et
577 1051 743 1085 coacta
760 1045 910 1086 denuo
1139 1045 1153 1064 ²
1172 1046 1221 1086 B.
1241 1046 1520 1097 Hieronymi
1536 1047 1766 1098 quaedam

145 1115 363 1166 societas,
388 1127 527 1167 quam
549 1116 783 1167 principes
805 1116 1008 1157 ciuitatis
1030 1117 1151 1157 illius
1172 1118 1300 1157 ciues
1321 1117 1410 1157 iam
1442 1118 1573 1165 olim,
1597 1118 1655 1158 ad
1677 1130 1767 1158 ma-

145 1196 290 1236 gnum
311 1185 460 1226 totins
475 1186 781 1238 paupertatis
803 1187 905 1227 siae
926 1188 1141 1239 corporis
1157 1189 1258 1227 siue
1277 1188 1617 1228 anz'misalutz's
1637 1201 1767 1240 prae·

146 1257 330 1305 sidium,
361 1258 574 1308 inierant,
605 1259 778 1299 sensim
807 1270 917 1299 uero
947 1258 1139 1299 dissolui
1166 1270 1220 1299 ac
1249 1259 1403 1299 dirimi
1431 1260 1765 1310 sustinuerant,

146 1328 252 1368 talis
273 1328 450 1369 scilicet
472 1329 668 1370 alicuius
689 1329 747 1370 ad
768 1341 871 1370 eam
892 1330 1173 1370 seruandam
1195 1330 1404 1370 authoris
1425 1331 1636 1382 penuria,
1660 1342 1766 1382 qua·

145 1399 257 1439 lium
284 1411 337 1440 ea
358 1399 509 1440 fuerat
531 1401 814 1441 authoritate
835 1401 1048 1442 conflata.
1075 1401 1164 1452 Qui
1193 1401 1335 1452 igitur
1363 1402 1408 1441 in
1430 1408 1559 1442 tanto
1581 1402 1768 1454 pietatis

146 1482 286 1522 opere
301 1477 346 1512 et
362 1471 449 1512 sibi
465 1478 510 1512 et
526 1473 738 1524 pereunti
755 1473 968 1524 proximo
986 1473 1248 1520 cessabant,
1265 1483 1436 1523 magno
1458 1473 1504 1513 id
1525 1485 1664 1522 nunc,
1683 1485 1767 1525 pro

144 1548 414 1583 nostrorum
434 1544 739 1596 praescripto,
772 1544 1010 1595 religionis
1037 1545 1207 1584 ardore
1235 1550 1465 1595 repetunt,
1490 1550 1638 1584 statas
1659 1556 1767 1595 quo-

147 1613 257 1653 tidie
287 1625 450 1654 sacras
471 1626 635 1666 preces
657 1615 716 1655 ad
738 1627 997 1667 campanae
1024 1615 1209 1666 signum
1238 1615 1548 1667 frequentant,
1572 1616 1768 1667 singulis

147 1685 405 1737 quibusque
433 1686 670 1726 mensibus
692 1692 1022 1727 sacrosanctae
1050 1698 1239 1727 mensae
1268 1687 1487 1727 conuiuia
1514 1688 1765 1738 celebrant,

148 1755 512 1798 munificentiam
532 1764 670 1809 atque
692 1769 876 1798 omnem
892 1758 1112 1810 pietatem
1128 1764 1173 1798 et
1189 1758 1561 1799 misericordiam
1578 1759 1768 1810 egregie

147 1832 434 1869 exercentes

227 1899 492 1940 Inualuerat
513 1913 596 1952 pro
619 1902 855 1941 communi
875 1902 1035 1942 Italiae
1057 1902 1325 1942 calamitate
1351 1902 1512 1942 durior
1540 1902 1601 1942 ibi
1627 1913 1770 1943 anno-

147 1983 231 2012 na:
256 1978 355 2012 erat
376 1983 635 2024 pauperum
656 1979 700 2013 et
721 1974 1081 2024 aegrotantium,
1105 1973 1204 2013 sine
1222 1974 1547 2026 opulentorum
1564 1975 1657 2014 ulla
1674 1975 1769 2015 fere

148 2054 233 2094 ope
254 2044 328 2083 uel
355 2043 576 2095 subsidio,
605 2055 777 2095 magna
804 2045 1063 2085 multitudo.
1095 2044 1188 2085 Illis
1214 2056 1325 2086 uero
1353 2046 1650 2097 postmodum
1678 2057 1770 2086 non

147 2114 348 2165 benigne
370 2116 521 2155 solum
541 2122 585 2156 et
606 2116 858 2156 liberaliter
879 2128 934 2156 ea
955 2117 1157 2157 societas
1178 2117 1452 2168 opitulatur;
1477 2128 1642 2157 verum
1661 2117 1767 2168 ipsa

147 2186 301 2225 omnis
322 2198 417 2226 una
439 2187 602 2227 eadem
632 2187 710 2227 illa
741 2198 883 2239 opera
905 2186 917 2205 ⁵
946 2199 972 2228 a
994 2188 1166 2228 nostris
1188 2188 1422 2239 descripta
1444 2199 1498 2228 ac
1520 2188 1767 2229 distributa

148 2257 319 2297 ciuitas
341 2258 386 2298 in
407 2265 566 2308 partes
587 2264 706 2308 tres;
729 2258 865 2298 binae
886 2270 944 2299 ex
965 2258 1160 2310 singulis
1178 2265 1434 2311 matronae,
1453 2270 1626 2310 genere
1644 2259 1768 2299 nobi-

147 2329 229 2378 les,
267 2335 421 2369 aetate
455 2329 675 2380 grandes,
714 2335 757 2369 et
791 2329 1030 2380 religionis
1061 2330 1259 2370 eximiae
1282 2331 1457 2370 electae
1485 2336 1608 2382 sunt,
1631 2341 1765 2382 quae,

149 2400 440 2440 contributas
456 2412 514 2440 ex
530 2412 613 2440 sua
631 2411 814 2452 quaque
830 2400 951 2440 tribu
972 2401 1309 2452 eleemosynas,
1327 2401 1424 2442 suis
1441 2413 1499 2441 ex
1516 2413 1665 2453 aequo
1682 2402 1769 2442 sibi

150 2471 382 2511 attributis
404 2472 579 2522 egenis,
603 2478 647 2511 et
668 2473 742 2511 uel
762 2471 891 2511 senio
912 2473 987 2512 uel
1007 2472 1170 2512 morbo
1187 2472 1531 2523 languentibus,
1551 2484 1637 2524 pro
1654 2472 1767 2513 indi-

150 2542 308 2592 gentia
341 2542 565 2594 cuiusque
599 2542 951 2594 dispartiantur.
981 2542 1111 2583 Haec
1142 2549 1298 2584 autem
1328 2544 1485 2584 omnia
1516 2543 1769 2584 Rectorum

150 2613 249 2653 siue
270 2613 484 2654 Priorum
505 2613 706 2654 ciuitatis
727 2619 834 2654 sunt
860 2614 1140 2655 authoritate
1168 2620 1212 2655 et
1238 2614 1581 2656 studiosissima
1609 2615 1768 2656 uolun-

148 2690 242 2725 tate
264 2685 556 2726 confirmata.

228 2755 519 2798 Submiserat
541 2757 719 2797 interea
740 2757 793 2808 is,
818 2757 895 2809 qui
914 2769 1096 2810 semper
1118 2758 1165 2798 in
1193 2758 1395 2799 hominis
1421 2759 1674 2811 perniciem
1706 2759 1770 2800 ui-

201 2918 211 2941 !
251 2919 318 2954 Sic;
334 2918 528 2947 Μαι-Μαῖα.

201 2967 215 2986 ²
255 2967 430 3000 Quoddam
445 2973 496 2995 est
512 2968 567 2995 hic
586 2968 790 2995 vocabulum
805 2967 1021 2996 emendatum
1036 2972 1070 2996 et
1092 2968 1229 2996 tandem
1252 2970 1490 3005 cancellatum,
1512 2971 1599 3005 quod
1623 2970 1689 3004 legi
1706 2977 1768 2998 non

149 3019 274 3049 potest.

203 3063 217 3084 5
254 3063 308 3091 Sic
323 3071 343 3092 a
359 3071 441 3092 voce
456 3071 594 3097 verum,
608 3064 694 3098 quod
710 3063 788 3098 quia
803 3064 944 3092 obscure
959 3064 1057 3094 nimis
1078 3065 1205 3094 dictum
1226 3069 1287 3100 est,
1309 3066 1457 3095 mutavit
1477 3070 1571 3095 recte
1593 3066 1759 3109 Polaticus
