2020 3342
817 278 899 317 AN.
931 276 1022 317 1556
1659 276 1729 315 609

107 372 214 415 ritia
235 378 493 425 contracta,
517 373 705 414 abluere
732 375 940 426 generali
968 374 1260 415 confessione
1288 372 1518 414 studeant.
1548 373 1727 413 Harum

106 445 355 484 nonnullae
390 444 710 496 spiritualibus
744 445 982 485 exercitiis
1014 456 1195 485 summa
1231 444 1501 484 incumbunt
1537 444 1728 495 diligen-

106 514 194 555 tia:
231 515 350 555 aliae
384 515 526 555 etiam
559 514 729 555 viduae
764 526 866 555 sese
900 515 999 555 Deo
1035 516 1241 567 penitus,
1281 514 1519 565 religionis
1566 514 1729 554 habitu

108 591 307 637 sumpto,
345 585 650 634 devoverunt,
688 598 807 638 quae
842 586 1055 627 omnibus
1085 586 1221 627 modo
1256 586 1509 637 singularis
1543 585 1730 626 virtutis

109 662 215 696 sunt
238 656 464 708 exemplo.
485 655 605 707 Quid
626 657 681 697 de
702 658 960 709 puellarum
985 657 1217 708 virginum
1232 657 1508 708 frequentia,
1529 657 1730 708 puritate

110 727 426 779 virtutumque
454 728 700 779 splendore
728 727 907 768 dicam?
936 728 1143 779 profecto
1171 729 1330 768 oculos
1359 728 1565 768 omnium
1593 735 1731 778 atque

60 812 71 822 ·
110 799 295 840 animos
324 799 370 838 in
401 810 513 839 suae
537 799 723 839 virtutis
744 798 1099 839 admirationem
1122 797 1449 850 [convertunt].
1473 798 1590 839 Cum
1611 798 1732 838 enim

109 871 291 911 soleant
311 869 430 909 aliae
451 870 497 909 in
518 869 594 909 illa
616 876 767 910 aetate
788 870 964 910 lubrica
985 869 1164 910 deliciis
1184 882 1373 920 vacare,
1397 882 1420 910 e
1443 876 1605 910 contra
1628 870 1706 909 nul
1721 892 1731 896 -

109 941 179 981 las
200 940 388 981 omnino
410 940 642 981 dulciores
662 940 853 981 delicias
880 942 1148 982 existimant
1176 953 1315 993 quam
1347 942 1485 982 rebus
1513 941 1661 981 sacris
1690 941 1735 981 in

110 1013 282 1063 templo
303 1011 528 1052 interesse
551 1018 595 1052 et
617 1012 674 1051 ab
696 1013 822 1052 omni
844 1018 1144 1064 peccatorum
1165 1013 1447 1064 turpitudine
1479 1024 1618 1064 quam
1640 1013 1733 1052 lon-

111 1083 302 1135 gissime
322 1083 501 1133 fugere.
526 1082 680 1133 Quare
701 1095 861 1123 earum
882 1084 1180 1124 conversatio
1198 1096 1291 1124 non
1307 1084 1511 1124 humana
1529 1084 1610 1124 sed
1625 1095 1737 1123 vere

114 1154 329 1205 angelica
351 1154 550 1194 videtur.

194 1225 257 1266 At
278 1225 323 1265 hi
345 1225 569 1276 homines,
593 1236 709 1277 quos
736 1225 1121 1277 memoravimus,
1146 1238 1239 1266 non
1263 1225 1400 1266 modo
1423 1226 1605 1266 animae
1627 1237 1739 1265 suae

116 1296 253 1336 saluti
273 1295 474 1347 student,
498 1295 579 1336 sed
599 1296 701 1347 pias
723 1303 766 1336 et
783 1297 946 1337 crebro
969 1297 1015 1337 in
1031 1296 1182 1337 Deum
1198 1308 1362 1348 preces
1382 1309 1466 1348 pro
1489 1296 1641 1348 impiis
1662 1297 1738 1336 ho-

116 1367 316 1407 minibus
336 1366 574 1407 effundunt
598 1378 769 1419 eosque
791 1367 1051 1418 hortantur,
1074 1374 1278 1419 monent,
1302 1380 1358 1408 ac
1379 1367 1653 1408 detestando
1678 1367 1740 1406 vi-

117 1438 288 1478 tiorum
316 1437 666 1489 obscenitatem,
696 1438 924 1479 virtutum
949 1438 1340 1490 pulchritudinem
1372 1438 1651 1489 extollendo,
1683 1437 1741 1477 ad

117 1516 295 1550 rectam
324 1509 498 1550 Christi
526 1509 654 1549 viam
680 1509 913 1550 adducere
941 1517 1182 1558 conantur;
1209 1510 1345 1561 idque
1367 1516 1497 1549 tanta
1525 1509 1742 1549 sollicitu-

119 1581 224 1621 dine
260 1586 442 1629 curant,
475 1587 523 1620 ut
552 1581 728 1621 nullum
762 1592 810 1621 se
845 1593 982 1632 posse
1012 1581 1334 1632 pretiosiorem
1369 1581 1640 1621 thesaurum
1674 1592 1742 1620 as-

120 1652 251 1703 sequi
273 1651 473 1698 credant,
489 1663 629 1703 quam
650 1652 688 1692 si
710 1652 910 1703 aliquem
932 1652 1117 1693 Christo
1140 1651 1452 1692 lucrifaciant.

200 1722 296 1763 Nec
324 1723 434 1764 illud
454 1723 636 1763 silentio
664 1723 919 1774 praeterire
946 1734 1150 1775 possum,
1182 1723 1313 1763 cuius
1342 1723 1745 1774 frequentissimus

124 1794 199 1834 hic
220 1794 422 1846 itemque
444 1794 774 1834 celeberrimus
796 1799 864 1834 est
885 1805 1057 1844 rumor,
1078 1795 1341 1845 complures
1362 1794 1583 1833 honestos
1604 1793 1747 1833 homi-

123 1877 207 1905 nes
226 1872 270 1905 et
291 1866 421 1905 iuxta
448 1865 730 1917 splendidos,
761 1865 929 1917 ubique
959 1864 1206 1906 Societatis
1236 1865 1495 1916 spiritualia
1523 1865 1747 1905 exercitia

125 1937 317 1977 summis
344 1937 567 1976 encomiis
595 1936 938 1987 commendare,
971 1937 1245 1988 praedicare
1275 1943 1413 1988 atque
1449 1936 1588 1976 etiam
1618 1948 1644 1975 a
1675 1935 1747 1975 de-

124 2014 382 2048 tractorum
417 2014 462 2047 et
489 2008 754 2048 invidorum
781 2008 952 2059 linguis
984 2007 1245 2048 defendere.
1282 2007 1416 2058 Quod
1443 2009 1482 2047 si
1515 2006 1750 2047 tractandi

126 2080 322 2120 alicuius
350 2080 537 2130 negocii
567 2091 711 2120 causa
739 2079 893 2130 aliquo
919 2079 1150 2131 proficisci
1181 2085 1314 2119 extra
1344 2078 1608 2130 Syracusas
1643 2089 1750 2118 con-

126 2151 293 2201 tingat,
317 2152 442 2191 nullo
458 2158 598 2203 pacto
616 2149 844 2190 desistunt
861 2149 1109 2191 Societatis
1129 2150 1289 2190 laudes
1306 2162 1396 2190 una
1414 2161 1547 2200 voce,
1572 2149 1752 2189 eadem-

128 2233 216 2273 que
245 2222 522 2273 clarissima,
548 2222 606 2262 ad
628 2222 783 2262 coelos
804 2221 982 2262 efferre.
1008 2221 1108 2262 Hoc
1130 2228 1301 2272 autem,
1330 2229 1379 2261 ut
1402 2221 1493 2261 alia
1523 2221 1752 2270 omittam,

128 2294 204 2333 vel
225 2305 283 2333 ex
305 2305 359 2333 eo
381 2293 540 2344 colligi
560 2300 713 2344 potest
741 2293 864 2344 quod
892 2305 997 2333 cum
1026 2293 1101 2333 hic
1129 2292 1370 2333 comoedia
1401 2291 1646 2344 quaedam,
1671 2303 1756 2343 pro

131 2364 389 2405 studiorum
426 2365 752 2415 renovatione,
786 2364 841 2404 de
876 2364 1083 2404 moribus
1111 2364 1406 2404 instituendis
1444 2370 1550 2403 acta
1578 2363 1756 2414 fuisset,

134 2437 382 2487 optimates
405 2437 575 2489 oppidi,
600 2436 723 2488 quod
743 2436 851 2476 hinc
879 2436 932 2475 24
958 2436 1231 2476 milliaribus
1260 2436 1416 2487 distat,
1440 2448 1467 2475 a
1488 2435 1589 2475 R.d0
1621 2435 1758 2475 Patre

134 2507 333 2548 Rectore
355 2508 656 2548 vehementer
680 2507 1019 2547 contenderunt
1042 2514 1089 2547 ut
1117 2507 1346 2558 discipuli,
1370 2506 1448 2558 qui
1469 2505 1761 2546 comoediam

135 2579 353 2630 egissent,
378 2591 432 2619 eo
454 2579 763 2629 mitterentur,
786 2589 877 2630 quo
900 2578 991 2618 illic
1013 2579 1223 2619 eamdem
1243 2579 1411 2618 iterum
1431 2584 1641 2629 agerent3
1664 2577 1764 2617 fue-

134 2659 208 2690 rat
230 2650 352 2690 enim
374 2650 463 2690 illis
484 2662 511 2690 a
533 2650 835 2701 syracusanis
863 2650 1116 2689 admodum
1135 2649 1409 2701 praedicata
1431 2661 1485 2689 ac
1510 2648 1762 2699 celebrata,

136 2733 300 2762 verum
327 2722 434 2774 quia
465 2722 511 2761 id
537 2721 635 2761 fieri
656 2732 822 2772 parum
848 2721 1069 2760 decorum
1101 2721 1359 2771 videbatur,
1388 2720 1526 2760 Pater
1554 2720 1760 2770 negavit.

136 2793 185 2833 In
227 2792 389 2833 eadem
432 2793 545 2832 urbe
586 2791 642 2831 de
690 2791 898 2842 Collegio
942 2791 1189 2832 Societatis
1229 2791 1471 2832 condendo
1511 2791 1764 2842 agebatur3

138 2864 443 2916 quamobrem
461 2875 565 2904 cum
582 2863 752 2903 IllmuS.
773 2862 961 2912 Suerus,
981 2862 1218 2913 Pro-regis
1234 2862 1369 2914 filius,
1388 2862 1636 2914 Syracusis
1653 2861 1767 2902 Dre-

139 2947 312 2987 panum
358 2947 523 2976 versus
570 2935 657 2974 iter
693 2934 891 2983 faceret,
934 2935 1039 2974 illac
1077 2934 1278 2974 transire
1325 2934 1481 2974 statuit
1521 2945 1769 2985 secumque

140 3006 194 3047 R.
224 3006 412 3047 Patrem
441 3006 690 3047 Rectorem
711 3006 858 3056 duxit,
888 3017 977 3057 quo
1001 3006 1291 3047 commodius
1313 3018 1388 3047 res
1409 3006 1486 3057 agi
1506 3011 1678 3058 posset.
1704 3005 1770 3045 Eo

143 3090 249 3120 cum
270 3079 408 3120 Pater
430 3079 702 3132 appulisset,
725 3078 925 3130 benigne
953 3086 1180 3130 exceptus
1201 3087 1245 3119 et
1267 3078 1520 3120 honorifice
1542 3078 1599 3118 ab
1631 3078 1771 3119 omni-

335 3154 385 3193 T.
417 3166 467 3193 ιν.
1535 3164 1578 3200 39
