<?xml version="1.0" encoding="UTF-8"?>
<!DOCTYPE html PUBLIC "-//W3C//DTD XHTML 1.0 Transitional//EN"
    "http://www.w3.org/TR/xhtml1/DTD/xhtml1-transitional.dtd">
<html xmlns="http://www.w3.org/1999/xhtml" xml:lang="en" lang="en">
 <head>
  <title>
</title>
<meta http-equiv="Content-Type" content="text/html;charset=utf-8" />
  <meta name='ocr-system' content='tesseract 3.04.00' />
  <meta name='ocr-capabilities' content='ocr_page ocr_carea ocr_par ocr_line ocrx_word'/>
</head>
<body>
  <div class='ocr_page' id='page_1' title='image "./litteraequadrime16lain/litteraequadrime16lain_0553.png"; bbox 0 0 2020 3342; ppageno 0'>
   <div class='ocr_carea' id='block_1_1' title="bbox 833 244 1750 284">
    <p class='ocr_par' dir='ltr' id='par_1_1' title="bbox 833 244 1750 284">
     <span class='ocr_line' id='line_1_1' title="bbox 833 244 1750 284; baseline -0.002 -1"><span class='ocrx_word' id='word_1_1' title='bbox 833 245 918 283; x_wconf 86' lang='lat' dir='ltr'>AN.</span> <span class='ocrx_word' id='word_1_2' title='bbox 948 245 1039 284; x_wconf 78' lang='lat'>1556</span> <span class='ocrx_word' id='word_1_3' title='bbox 1679 244 1750 281; x_wconf 68' lang='lat'>547</span> 
     </span>
    </p>
   </div>
   <div class='ocr_carea' id='block_1_2' title="bbox 126 338 1780 3091">
    <p class='ocr_par' dir='ltr' id='par_1_2' title="bbox 126 338 1755 747">
     <span class='ocr_line' id='line_1_2' title="bbox 126 338 1749 392; baseline -0.002 -11"><span class='ocrx_word' id='word_1_4' title='bbox 126 346 241 391; x_wconf 88' lang='lat' dir='ltr'>tant,</span> <span class='ocrx_word' id='word_1_5' title='bbox 265 352 357 381; x_wconf 90' lang='lat' dir='ltr'>non</span> <span class='ocrx_word' id='word_1_6' title='bbox 377 341 476 381; x_wconf 90' lang='lat' dir='ltr'>sine</span> <span class='ocrx_word' id='word_1_7' title='bbox 506 352 678 392; x_wconf 84' lang='lat' dir='ltr'>magna</span> <span class='ocrx_word' id='word_1_8' title='bbox 707 341 993 381; x_wconf 88' lang='lat' dir='ltr'>audientium</span> <span class='ocrx_word' id='word_1_9' title='bbox 1015 341 1266 392; x_wconf 86' lang='lat' dir='ltr'>uoluptate.</span> <span class='ocrx_word' id='word_1_10' title='bbox 1291 338 1484 379; x_wconf 78' lang='lat' dir='ltr'>Summa</span> <span class='ocrx_word' id='word_1_11' title='bbox 1508 339 1749 389; x_wconf 85' lang='lat' dir='ltr'>discipulo-</span> 
     </span>
     <span class='ocr_line' id='line_1_3' title="bbox 128 409 1749 463; baseline -0.002 -11"><span class='ocrx_word' id='word_1_12' title='bbox 128 423 229 452; x_wconf 85' lang='lat' dir='ltr'>rum</span> <span class='ocrx_word' id='word_1_13' title='bbox 251 419 436 452; x_wconf 90' lang='lat' dir='ltr'>centum</span> <span class='ocrx_word' id='word_1_14' title='bbox 456 412 559 463; x_wconf 91' lang='lat' dir='ltr'>plus</span> <span class='ocrx_word' id='word_1_15' title='bbox 580 412 731 451; x_wconf 89' lang='lat' dir='ltr'>minus</span> <span class='ocrx_word' id='word_1_16' title='bbox 752 412 1063 463; x_wconf 79' lang='lat' dir='ltr'>septuaginta,</span> <span class='ocrx_word' id='word_1_17' title='bbox 1094 410 1319 451; x_wconf 82' lang='lat' dir='ltr'>ducentos</span> <span class='ocrx_word' id='word_1_18' title='bbox 1339 409 1476 450; x_wconf 86' lang='lat' dir='ltr'>facile</span> <span class='ocrx_word' id='word_1_19' title='bbox 1499 409 1749 458; x_wconf 80' lang='lat' dir='ltr'>excessuri,</span> 
     </span>
     <span class='ocr_line' id='line_1_4' title="bbox 130 480 1752 534; baseline -0.002 -12"><span class='ocrx_word' id='word_1_20' title='bbox 130 483 216 523; x_wconf 90' lang='lat' dir='ltr'>nisi</span> <span class='ocrx_word' id='word_1_21' title='bbox 235 483 457 534; x_wconf 87' lang='lat' dir='ltr'>plurimos</span> <span class='ocrx_word' id='word_1_22' title='bbox 477 483 612 522; x_wconf 92' lang='lat' dir='ltr'>nobis</span> <span class='ocrx_word' id='word_1_23' title='bbox 639 483 933 523; x_wconf 77' lang='lat' dir='ltr'>subtraheret</span> <span class='ocrx_word' id='word_1_24' title='bbox 960 482 1268 534; x_wconf 87' lang='lat' dir='ltr'>quorumdam</span> <span class='ocrx_word' id='word_1_25' title='bbox 1289 480 1484 530; x_wconf 88' lang='lat' dir='ltr'>inuidia,</span> <span class='ocrx_word' id='word_1_26' title='bbox 1511 480 1603 531; x_wconf 90' lang='lat' dir='ltr'>qui,</span> <span class='ocrx_word' id='word_1_27' title='bbox 1627 491 1752 531; x_wconf 79' lang='lat' dir='ltr'>spar-</span> 
     </span>
     <span class='ocr_line' id='line_1_5' title="bbox 131 551 1755 605; baseline -0.002 -12"><span class='ocrx_word' id='word_1_28' title='bbox 131 554 194 593; x_wconf 91' lang='lat' dir='ltr'>sis</span> <span class='ocrx_word' id='word_1_29' title='bbox 222 565 303 605; x_wconf 89' lang='lat' dir='ltr'>per</span> <span class='ocrx_word' id='word_1_30' title='bbox 333 554 495 593; x_wconf 90' lang='lat' dir='ltr'>urbem</span> <span class='ocrx_word' id='word_1_31' title='bbox 525 554 726 594; x_wconf 88' lang='lat' dir='ltr'>sinistris</span> <span class='ocrx_word' id='word_1_32' title='bbox 754 554 810 594; x_wconf 89' lang='lat' dir='ltr'>de</span> <span class='ocrx_word' id='word_1_33' title='bbox 844 554 978 593; x_wconf 87' lang='lat' dir='ltr'>nobis</span> <span class='ocrx_word' id='word_1_34' title='bbox 1009 553 1297 603; x_wconf 88' lang='lat' dir='ltr'>rumoribus,</span> <span class='ocrx_word' id='word_1_35' title='bbox 1332 552 1512 592; x_wconf 89' lang='lat' dir='ltr'>ciuibus</span> <span class='ocrx_word' id='word_1_36' title='bbox 1542 551 1755 591; x_wconf 88' lang='lat' dir='ltr'>timorem</span> 
     </span>
     <span class='ocr_line' id='line_1_6' title="bbox 131 621 1750 674; baseline -0.002 -10"><span class='ocrx_word' id='word_1_37' title='bbox 131 624 441 674; x_wconf 86' lang='lat' dir='ltr'>incusserunt,</span> <span class='ocrx_word' id='word_1_38' title='bbox 472 631 517 664; x_wconf 91' lang='lat' dir='ltr'>et</span> <span class='ocrx_word' id='word_1_39' title='bbox 537 636 593 664; x_wconf 91' lang='lat' dir='ltr'>ne</span> <span class='ocrx_word' id='word_1_40' title='bbox 616 637 641 664; x_wconf 89' lang='lat' dir='ltr'>a</span> <span class='ocrx_word' id='word_1_41' title='bbox 673 625 768 664; x_wconf 93' lang='lat' dir='ltr'>suis</span> <span class='ocrx_word' id='word_1_42' title='bbox 797 625 968 665; x_wconf 89' lang='lat' dir='ltr'>scholis</span> <span class='ocrx_word' id='word_1_43' title='bbox 992 624 1217 664; x_wconf 88' lang='lat' dir='ltr'>abductos</span> <span class='ocrx_word' id='word_1_44' title='bbox 1238 623 1356 664; x_wconf 90' lang='lat' dir='ltr'>filios</span> <span class='ocrx_word' id='word_1_45' title='bbox 1387 623 1447 662; x_wconf 89' lang='lat' dir='ltr'>ad</span> <span class='ocrx_word' id='word_1_46' title='bbox 1474 628 1659 662; x_wconf 86' lang='lat' dir='ltr'>nostras</span> <span class='ocrx_word' id='word_1_47' title='bbox 1681 621 1750 661; x_wconf 92' lang='lat' dir='ltr'>de-</span> 
     </span>
     <span class='ocr_line' id='line_1_7' title="bbox 132 694 1456 747; baseline -0.002 -12"><span class='ocrx_word' id='word_1_48' title='bbox 132 695 354 735; x_wconf 86' lang='lat' dir='ltr'>ducerent</span> <span class='ocrx_word' id='word_1_49' title='bbox 376 694 643 735; x_wconf 84' lang='lat' dir='ltr'>effecerunt.</span> <span class='ocrx_word' id='word_1_50' title='bbox 668 695 801 735; x_wconf 89' lang='lat' dir='ltr'>Nunc</span> <span class='ocrx_word' id='word_1_51' title='bbox 823 696 882 735; x_wconf 88' lang='lat' dir='ltr'>ad</span> <span class='ocrx_word' id='word_1_52' title='bbox 904 696 1030 736; x_wconf 89' lang='lat' dir='ltr'>ciues</span> <span class='ocrx_word' id='word_1_53' title='bbox 1052 696 1178 747; x_wconf 91' lang='lat' dir='ltr'>ipsos</span> <span class='ocrx_word' id='word_1_54' title='bbox 1200 694 1456 735; x_wconf 89' lang='lat' dir='ltr'>ueniamus.</span> 
     </span>
    </p>

    <p class='ocr_par' dir='ltr' id='par_1_3' title="bbox 133 764 1760 1240">
     <span class='ocr_line' id='line_1_8' title="bbox 210 764 1751 815; baseline -0.001 -10"><span class='ocrx_word' id='word_1_55' title='bbox 210 765 284 806; x_wconf 88' lang='lat' dir='ltr'>Ad</span> <span class='ocrx_word' id='word_1_56' title='bbox 307 767 557 806; x_wconf 81' lang='lat' dir='ltr'>conciones</span> <span class='ocrx_word' id='word_1_57' title='bbox 579 772 623 806; x_wconf 93' lang='lat' dir='ltr'>et</span> <span class='ocrx_word' id='word_1_58' title='bbox 653 766 893 806; x_wconf 89' lang='lat' dir='ltr'>doctrinae</span> <span class='ocrx_word' id='word_1_59' title='bbox 921 767 1206 806; x_wconf 78' lang='lat' dir='ltr'>christianae</span> <span class='ocrx_word' id='word_1_60' title='bbox 1237 765 1458 805; x_wconf 90' lang='lat' dir='ltr'>lectiones</span> <span class='ocrx_word' id='word_1_61' title='bbox 1489 764 1625 815; x_wconf 86' lang='lat' dir='ltr'>pauci</span> <span class='ocrx_word' id='word_1_62' title='bbox 1646 776 1751 804; x_wconf 90' lang='lat' dir='ltr'>con·</span> 
     </span>
     <span class='ocr_line' id='line_1_9' title="bbox 134 836 1754 888; baseline -0.001 -12"><span class='ocrx_word' id='word_1_63' title='bbox 134 837 339 887; x_wconf 88' lang='lat' dir='ltr'>ueniunt,</span> <span class='ocrx_word' id='word_1_64' title='bbox 362 837 534 888; x_wconf 89' lang='lat' dir='ltr'>partim</span> <span class='ocrx_word' id='word_1_65' title='bbox 564 843 753 888; x_wconf 89' lang='lat' dir='ltr'>propter</span> <span class='ocrx_word' id='word_1_66' title='bbox 784 839 852 877; x_wconf 90' lang='lat' dir='ltr'>rei</span> <span class='ocrx_word' id='word_1_67' title='bbox 882 837 1140 877; x_wconf 88' lang='lat' dir='ltr'>nouitatem</span> <span class='ocrx_word' id='word_1_68' title='bbox 1171 843 1214 877; x_wconf 94' lang='lat' dir='ltr'>et</span> <span class='ocrx_word' id='word_1_69' title='bbox 1244 836 1554 886; x_wconf 87' lang='lat' dir='ltr'>insolentiam,</span> <span class='ocrx_word' id='word_1_70' title='bbox 1584 836 1754 887; x_wconf 86' lang='lat' dir='ltr'>partim</span> 
     </span>
     <span class='ocr_line' id='line_1_10' title="bbox 133 907 1759 960; baseline -0.001 -13"><span class='ocrx_word' id='word_1_71' title='bbox 133 907 275 960; x_wconf 90' lang='lat' dir='ltr'>quod,</span> <span class='ocrx_word' id='word_1_72' title='bbox 310 908 436 948; x_wconf 88' lang='lat' dir='ltr'>circa</span> <span class='ocrx_word' id='word_1_73' title='bbox 472 908 811 959; x_wconf 85' lang='lat' dir='ltr'>agriculturam</span> <span class='ocrx_word' id='word_1_74' title='bbox 842 908 1073 960; x_wconf 88' lang='lat' dir='ltr'>occupati,</span> <span class='ocrx_word' id='word_1_75' title='bbox 1107 908 1196 947; x_wconf 91' lang='lat' dir='ltr'>illis</span> <span class='ocrx_word' id='word_1_76' title='bbox 1226 908 1452 947; x_wconf 85' lang='lat' dir='ltr'>interesse</span> <span class='ocrx_word' id='word_1_77' title='bbox 1483 919 1576 947; x_wconf 88' lang='lat' dir='ltr'>non</span> <span class='ocrx_word' id='word_1_78' title='bbox 1605 913 1759 958; x_wconf 91' lang='lat' dir='ltr'>potue·</span> 
     </span>
     <span class='ocr_line' id='line_1_11' title="bbox 134 978 1757 1030; baseline -0.001 -11"><span class='ocrx_word' id='word_1_79' title='bbox 134 987 254 1019; x_wconf 89' lang='lat' dir='ltr'>runt.</span> <span class='ocrx_word' id='word_1_80' title='bbox 278 978 491 1019; x_wconf 85' lang='lat' dir='ltr'>Confessi</span> <span class='ocrx_word' id='word_1_81' title='bbox 507 986 614 1019; x_wconf 85' lang='lat' dir='ltr'>sunt</span> <span class='ocrx_word' id='word_1_82' title='bbox 634 986 678 1019; x_wconf 91' lang='lat' dir='ltr'>et</span> <span class='ocrx_word' id='word_1_83' title='bbox 695 980 1098 1019; x_wconf 87' lang='lat' dir='ltr'>communicarunt</span> <span class='ocrx_word' id='word_1_84' title='bbox 1114 979 1303 1030; x_wconf 84' lang='lat' dir='ltr'>plurimi</span> <span class='ocrx_word' id='word_1_85' title='bbox 1318 978 1443 1018; x_wconf 87' lang='lat' dir='ltr'>Maio</span> <span class='ocrx_word' id='word_1_86' title='bbox 1461 984 1505 1018; x_wconf 90' lang='lat' dir='ltr'>et</span> <span class='ocrx_word' id='word_1_87' title='bbox 1525 978 1757 1028; x_wconf 81' lang='lat' dir='ltr'>August03</span> 
     </span>
     <span class='ocr_line' id='line_1_12' title="bbox 134 1039 1760 1102; baseline -0.001 -13"><span class='ocrx_word' id='word_1_88' title='bbox 134 1061 219 1090; x_wconf 83' lang='lat' dir='ltr'>nec</span> <span class='ocrx_word' id='word_1_89' title='bbox 240 1061 446 1101; x_wconf 85' lang='lat' dir='ltr'>unquam</span> <span class='ocrx_word' id='word_1_90' title='bbox 468 1049 633 1090; x_wconf 88' lang='lat' dir='ltr'>desunt</span> <span class='ocrx_word' id='word_1_91' title='bbox 654 1051 732 1101; x_wconf 91' lang='lat' dir='ltr'>qui</span> <span class='ocrx_word' id='word_1_92' title='bbox 752 1051 906 1102; x_wconf 84' lang='lat' dir='ltr'>parati</span> <span class='ocrx_word' id='word_1_93' title='bbox 926 1051 1017 1090; x_wconf 89' lang='lat' dir='ltr'>sint</span> <span class='ocrx_word' id='word_1_94' title='bbox 1039 1049 1264 1090; x_wconf 88' lang='lat' dir='ltr'>confiteri:</span> <span class='ocrx_word' id='word_1_95' title='bbox 1279 1039 1427 1100; x_wconf 87' lang='lat' dir='ltr'>atque</span> <span class='ocrx_word' id='word_1_96' title='bbox 1449 1049 1538 1089; x_wconf 88' lang='lat' dir='ltr'>hac</span> <span class='ocrx_word' id='word_1_97' title='bbox 1561 1049 1607 1088; x_wconf 88' lang='lat' dir='ltr'>in</span> <span class='ocrx_word' id='word_1_98' title='bbox 1628 1054 1760 1100; x_wconf 85' lang='lat' dir='ltr'>parte</span> 
     </span>
     <span class='ocr_line' id='line_1_13' title="bbox 135 1118 1760 1172; baseline -0.001 -12"><span class='ocrx_word' id='word_1_99' title='bbox 135 1120 432 1161; x_wconf 86' lang='lat' dir='ltr'>sacerdotum</span> <span class='ocrx_word' id='word_1_100' title='bbox 450 1133 504 1161; x_wconf 88' lang='lat' dir='ltr'>ac</span> <span class='ocrx_word' id='word_1_101' title='bbox 522 1122 859 1161; x_wconf 90' lang='lat' dir='ltr'>monachorum</span> <span class='ocrx_word' id='word_1_102' title='bbox 875 1118 1160 1172; x_wconf 81' lang='lat' dir='ltr'>negligentia</span> <span class='ocrx_word' id='word_1_103' title='bbox 1178 1120 1286 1160; x_wconf 89' lang='lat' dir='ltr'>huic</span> <span class='ocrx_word' id='word_1_104' title='bbox 1303 1126 1466 1159; x_wconf 89' lang='lat' dir='ltr'>nostro</span> <span class='ocrx_word' id='word_1_105' title='bbox 1484 1120 1633 1160; x_wconf 87' lang='lat' dir='ltr'>labori</span> <span class='ocrx_word' id='word_1_106' title='bbox 1649 1120 1760 1159; x_wconf 92' lang='lat' dir='ltr'>mul-</span> 
     </span>
     <span class='ocr_line' id='line_1_14' title="bbox 137 1192 1531 1240; baseline -0.001 -9"><span class='ocrx_word' id='word_1_107' title='bbox 137 1199 182 1231; x_wconf 91' lang='lat' dir='ltr'>to</span> <span class='ocrx_word' id='word_1_108' title='bbox 205 1192 460 1232; x_wconf 86' lang='lat' dir='ltr'>maximum</span> <span class='ocrx_word' id='word_1_109' title='bbox 482 1192 616 1232; x_wconf 86' lang='lat' dir='ltr'>affert</span> <span class='ocrx_word' id='word_1_110' title='bbox 638 1193 684 1232; x_wconf 90' lang='lat' dir='ltr'>in</span> <span class='ocrx_word' id='word_1_111' title='bbox 706 1192 892 1233; x_wconf 83' lang='lat' dir='ltr'>Christo</span> <span class='ocrx_word' id='word_1_112' title='bbox 914 1193 1290 1232; x_wconf 89' lang='lat' dir='ltr'>emolumentum.</span> <span class='ocrx_word' id='word_1_113' title='bbox 1524 1224 1531 1240; x_wconf 79' lang='grc'><em>,</em></span> 
     </span>
    </p>

    <p class='ocr_par' dir='ltr' id='par_1_4' title="bbox 139 1262 1774 2594">
     <span class='ocr_line' id='line_1_15' title="bbox 215 1262 1761 1315; baseline -0.001 -12"><span class='ocrx_word' id='word_1_114' title='bbox 215 1263 289 1303; x_wconf 86' lang='lat' dir='ltr'>Ad</span> <span class='ocrx_word' id='word_1_115' title='bbox 311 1271 530 1315; x_wconf 88' lang='lat' dir='ltr'>aegrotos</span> <span class='ocrx_word' id='word_1_116' title='bbox 551 1264 754 1315; x_wconf 72' lang='lat' dir='ltr'>qnotidie</span> <span class='ocrx_word' id='word_1_117' title='bbox 775 1264 1126 1313; x_wconf 79' lang='lat' dir='ltr'>fereuocamur3</span> <span class='ocrx_word' id='word_1_118' title='bbox 1146 1263 1321 1303; x_wconf 87' lang='lat' dir='ltr'>inimici</span> <span class='ocrx_word' id='word_1_119' title='bbox 1337 1263 1467 1302; x_wconf 90' lang='lat' dir='ltr'>multi</span> <span class='ocrx_word' id='word_1_120' title='bbox 1489 1262 1641 1312; x_wconf 83' lang='lat' dir='ltr'>amici,</span> <span class='ocrx_word' id='word_1_121' title='bbox 1663 1262 1761 1302; x_wconf 87' lang='lat' dir='ltr'>Deo</span> 
     </span>
     <span class='ocr_line' id='line_1_16' title="bbox 139 1333 1761 1386; baseline -0.001 -12"><span class='ocrx_word' id='word_1_122' title='bbox 139 1335 343 1381; x_wconf 83' lang='lat' dir='ltr'>iuuante,</span> <span class='ocrx_word' id='word_1_123' title='bbox 366 1334 478 1374; x_wconf 87' lang='lat' dir='ltr'>facti</span> <span class='ocrx_word' id='word_1_124' title='bbox 499 1341 618 1385; x_wconf 88' lang='lat' dir='ltr'>sunt,</span> <span class='ocrx_word' id='word_1_125' title='bbox 643 1346 841 1386; x_wconf 91' lang='lat' dir='ltr'>quorum</span> <span class='ocrx_word' id='word_1_126' title='bbox 862 1334 951 1374; x_wconf 92' lang='lat' dir='ltr'>duo</span> <span class='ocrx_word' id='word_1_127' title='bbox 976 1335 1063 1374; x_wconf 91' lang='lat' dir='ltr'>uiri</span> <span class='ocrx_word' id='word_1_128' title='bbox 1085 1340 1218 1374; x_wconf 88' lang='lat' dir='ltr'>erant</span> <span class='ocrx_word' id='word_1_129' title='bbox 1238 1334 1367 1374; x_wconf 90' lang='lat' dir='ltr'>urbis</span> <span class='ocrx_word' id='word_1_130' title='bbox 1387 1333 1577 1374; x_wconf 87' lang='lat' dir='ltr'>Xaccae</span> <span class='ocrx_word' id='word_1_131' title='bbox 1595 1334 1761 1385; x_wconf 88' lang='lat' dir='ltr'>prima·</span> 
     </span>
     <span class='ocr_line' id='line_1_17' title="bbox 141 1405 1762 1456; baseline 0 -12"><span class='ocrx_word' id='word_1_132' title='bbox 141 1406 211 1455; x_wconf 89' lang='lat' dir='ltr'>rii;</span> <span class='ocrx_word' id='word_1_133' title='bbox 236 1406 592 1456; x_wconf 83' lang='lat' dir='ltr'>xenodochium,</span> <span class='ocrx_word' id='word_1_134' title='bbox 612 1406 657 1445; x_wconf 91' lang='lat' dir='ltr'>in</span> <span class='ocrx_word' id='word_1_135' title='bbox 681 1406 891 1446; x_wconf 87' lang='lat' dir='ltr'>custodia</span> <span class='ocrx_word' id='word_1_136' title='bbox 908 1405 1093 1456; x_wconf 86' lang='lat' dir='ltr'>publica</span> <span class='ocrx_word' id='word_1_137' title='bbox 1110 1405 1284 1445; x_wconf 89' lang='lat' dir='ltr'>detenti</span> <span class='ocrx_word' id='word_1_138' title='bbox 1300 1416 1496 1456; x_wconf 88' lang='lat' dir='ltr'>quoque,</span> <span class='ocrx_word' id='word_1_139' title='bbox 1515 1405 1635 1444; x_wconf 90' lang='lat' dir='ltr'>bona</span> <span class='ocrx_word' id='word_1_140' title='bbox 1653 1416 1762 1455; x_wconf 85' lang='lat' dir='ltr'>pars</span> 
     </span>
     <span class='ocr_line' id='line_1_18' title="bbox 145 1475 1762 1528; baseline -0.001 -12"><span class='ocrx_word' id='word_1_141' title='bbox 145 1483 251 1516; x_wconf 85' lang='lat' dir='ltr'>sunt</span> <span class='ocrx_word' id='word_1_142' title='bbox 273 1483 461 1516; x_wconf 87' lang='lat' dir='ltr'>nostrae</span> <span class='ocrx_word' id='word_1_143' title='bbox 483 1477 662 1527; x_wconf 88' lang='lat' dir='ltr'>messis;</span> <span class='ocrx_word' id='word_1_144' title='bbox 686 1488 883 1528; x_wconf 90' lang='lat' dir='ltr'>quorum</span> <span class='ocrx_word' id='word_1_145' title='bbox 904 1476 1104 1528; x_wconf 89' lang='lat' dir='ltr'>quinque</span> <span class='ocrx_word' id='word_1_146' title='bbox 1127 1488 1233 1516; x_wconf 87' lang='lat' dir='ltr'>cum</span> <span class='ocrx_word' id='word_1_147' title='bbox 1254 1476 1312 1515; x_wconf 89' lang='lat' dir='ltr'>ad</span> <span class='ocrx_word' id='word_1_148' title='bbox 1333 1476 1609 1527; x_wconf 88' lang='lat' dir='ltr'>supplicium</span> <span class='ocrx_word' id='word_1_149' title='bbox 1630 1475 1762 1515; x_wconf 88' lang='lat' dir='ltr'>duce·</span> 
     </span>
     <span class='ocr_line' id='line_1_19' title="bbox 141 1546 1762 1599; baseline -0.001 -12"><span class='ocrx_word' id='word_1_150' title='bbox 141 1554 314 1598; x_wconf 82' lang='lat' dir='ltr'>rentur,</span> <span class='ocrx_word' id='word_1_151' title='bbox 338 1554 499 1587; x_wconf 91' lang='lat' dir='ltr'>nostra</span> <span class='ocrx_word' id='word_1_152' title='bbox 522 1559 663 1599; x_wconf 87' lang='lat' dir='ltr'>opera</span> <span class='ocrx_word' id='word_1_153' title='bbox 684 1559 777 1587; x_wconf 90' lang='lat' dir='ltr'>non</span> <span class='ocrx_word' id='word_1_154' title='bbox 798 1559 964 1598; x_wconf 85' lang='lat' dir='ltr'>parum</span> <span class='ocrx_word' id='word_1_155' title='bbox 981 1547 1126 1587; x_wconf 81' lang='lat' dir='ltr'>adiuti</span> <span class='ocrx_word' id='word_1_156' title='bbox 1149 1553 1270 1587; x_wconf 89' lang='lat' dir='ltr'>sunt.</span> <span class='ocrx_word' id='word_1_157' title='bbox 1294 1546 1428 1586; x_wconf 89' lang='lat' dir='ltr'>Vnus</span> <span class='ocrx_word' id='word_1_158' title='bbox 1450 1547 1590 1586; x_wconf 90' lang='lat' dir='ltr'>etiam</span> <span class='ocrx_word' id='word_1_159' title='bbox 1612 1559 1667 1586; x_wconf 79' lang='lat' dir='ltr'>ex</span> <span class='ocrx_word' id='word_1_160' title='bbox 1691 1547 1762 1586; x_wconf 91' lang='lat' dir='ltr'>de-</span> 
     </span>
     <span class='ocr_line' id='line_1_20' title="bbox 141 1618 1764 1670; baseline -0.001 -12"><span class='ocrx_word' id='word_1_161' title='bbox 141 1619 419 1670; x_wconf 82' lang='lat' dir='ltr'>sperationis</span> <span class='ocrx_word' id='word_1_162' title='bbox 440 1619 665 1659; x_wconf 87' lang='lat' dir='ltr'>barathro</span> <span class='ocrx_word' id='word_1_163' title='bbox 687 1625 950 1669; x_wconf 88' lang='lat' dir='ltr'>reuocatus,</span> <span class='ocrx_word' id='word_1_164' title='bbox 975 1630 1080 1658; x_wconf 92' lang='lat' dir='ltr'>cum</span> <span class='ocrx_word' id='word_1_165' title='bbox 1104 1619 1150 1658; x_wconf 89' lang='lat' dir='ltr'>in</span> <span class='ocrx_word' id='word_1_166' title='bbox 1173 1630 1227 1658; x_wconf 87' lang='lat' dir='ltr'>ea</span> <span class='ocrx_word' id='word_1_167' title='bbox 1251 1624 1371 1658; x_wconf 85' lang='lat' dir='ltr'>esset</span> <span class='ocrx_word' id='word_1_168' title='bbox 1393 1618 1591 1668; x_wconf 80' lang='lat' dir='ltr'>haeresi,</span> <span class='ocrx_word' id='word_1_169' title='bbox 1616 1624 1664 1657; x_wconf 89' lang='lat' dir='ltr'>ut</span> <span class='ocrx_word' id='word_1_170' title='bbox 1686 1630 1764 1668; x_wconf 91' lang='lat' dir='ltr'>pu-</span> 
     </span>
     <span class='ocr_line' id='line_1_21' title="bbox 141 1689 1765 1741; baseline -0.001 -12"><span class='ocrx_word' id='word_1_171' title='bbox 141 1696 261 1729; x_wconf 88' lang='lat' dir='ltr'>taret</span> <span class='ocrx_word' id='word_1_172' title='bbox 282 1691 487 1730; x_wconf 86' lang='lat' dir='ltr'>animam</span> <span class='ocrx_word' id='word_1_173' title='bbox 509 1701 612 1730; x_wconf 91' lang='lat' dir='ltr'>cum</span> <span class='ocrx_word' id='word_1_174' title='bbox 634 1701 829 1741; x_wconf 91' lang='lat' dir='ltr'>corpore</span> <span class='ocrx_word' id='word_1_175' title='bbox 847 1690 1114 1730; x_wconf 89' lang='lat' dir='ltr'>desituram.</span> <span class='ocrx_word' id='word_1_176' title='bbox 1137 1689 1453 1729; x_wconf 88' lang='lat' dir='ltr'>Circulatores</span> <span class='ocrx_word' id='word_1_177' title='bbox 1471 1689 1647 1740; x_wconf 87' lang='lat' dir='ltr'>aliquot</span> <span class='ocrx_word' id='word_1_178' title='bbox 1664 1689 1765 1740; x_wconf 91' lang='lat' dir='ltr'>ipso</span> 
     </span>
     <span class='ocr_line' id='line_1_22' title="bbox 144 1760 1767 1812; baseline -0.001 -11"><span class='ocrx_word' id='word_1_179' title='bbox 144 1761 216 1800; x_wconf 88' lang='lat' dir='ltr'>die</span> <span class='ocrx_word' id='word_1_180' title='bbox 238 1760 537 1801; x_wconf 78' lang='lat' dir='ltr'>Pentecostes</span> <span class='ocrx_word' id='word_1_181' title='bbox 569 1762 615 1801; x_wconf 91' lang='lat' dir='ltr'>in</span> <span class='ocrx_word' id='word_1_182' title='bbox 636 1760 789 1800; x_wconf 91' lang='lat' dir='ltr'>forum</span> <span class='ocrx_word' id='word_1_183' title='bbox 822 1761 1109 1812; x_wconf 87' lang='lat' dir='ltr'>prodierant,</span> <span class='ocrx_word' id='word_1_184' title='bbox 1143 1761 1329 1811; x_wconf 87' lang='lat' dir='ltr'>populo,</span> <span class='ocrx_word' id='word_1_185' title='bbox 1354 1760 1430 1811; x_wconf 89' lang='lat' dir='ltr'>qui</span> <span class='ocrx_word' id='word_1_186' title='bbox 1451 1760 1767 1811; x_wconf 82' lang='lat' dir='ltr'>frequentissi-</span> 
     </span>
     <span class='ocr_line' id='line_1_23' title="bbox 144 1831 1767 1881; baseline -0.001 -9"><span class='ocrx_word' id='word_1_187' title='bbox 144 1844 247 1872; x_wconf 91' lang='lat' dir='ltr'>mus</span> <span class='ocrx_word' id='word_1_188' title='bbox 269 1839 553 1872; x_wconf 86' lang='lat' dir='ltr'>conuenerat</span> <span class='ocrx_word' id='word_1_189' title='bbox 574 1832 718 1872; x_wconf 84' lang='lat' dir='ltr'>uerba</span> <span class='ocrx_word' id='word_1_190' title='bbox 740 1832 908 1881; x_wconf 82' lang='lat' dir='ltr'>daturi3</span> <span class='ocrx_word' id='word_1_191' title='bbox 933 1831 1013 1871; x_wconf 89' lang='lat' dir='ltr'>sed</span> <span class='ocrx_word' id='word_1_192' title='bbox 1039 1831 1274 1871; x_wconf 82' lang='lat' dir='ltr'>effecimus</span> <span class='ocrx_word' id='word_1_193' title='bbox 1304 1837 1353 1871; x_wconf 89' lang='lat' dir='ltr'>ut</span> <span class='ocrx_word' id='word_1_194' title='bbox 1374 1832 1464 1871; x_wconf 91' lang='lat' dir='ltr'>illis</span> <span class='ocrx_word' id='word_1_195' title='bbox 1486 1831 1767 1871; x_wconf 87' lang='lat' dir='ltr'>indiceretur</span> 
     </span>
     <span class='ocr_line' id='line_1_24' title="bbox 145 1903 1767 1954; baseline 0 -12"><span class='ocrx_word' id='word_1_196' title='bbox 145 1903 374 1943; x_wconf 90' lang='lat' dir='ltr'>silentium</span> <span class='ocrx_word' id='word_1_197' title='bbox 397 1916 454 1944; x_wconf 93' lang='lat' dir='ltr'>ne</span> <span class='ocrx_word' id='word_1_198' title='bbox 475 1903 596 1943; x_wconf 92' lang='lat' dir='ltr'>diem</span> <span class='ocrx_word' id='word_1_199' title='bbox 619 1910 709 1943; x_wconf 89' lang='lat' dir='ltr'>tam</span> <span class='ocrx_word' id='word_1_200' title='bbox 735 1910 948 1943; x_wconf 87' lang='lat' dir='ltr'>sanctum</span> <span class='ocrx_word' id='word_1_201' title='bbox 969 1903 1178 1954; x_wconf 89' lang='lat' dir='ltr'>impuris,</span> <span class='ocrx_word' id='word_1_202' title='bbox 1199 1909 1247 1942; x_wconf 89' lang='lat' dir='ltr'>ut</span> <span class='ocrx_word' id='word_1_203' title='bbox 1269 1904 1433 1953; x_wconf 90' lang='lat' dir='ltr'>solent,</span> <span class='ocrx_word' id='word_1_204' title='bbox 1454 1903 1647 1943; x_wconf 88' lang='lat' dir='ltr'>vocibus</span> <span class='ocrx_word' id='word_1_205' title='bbox 1664 1914 1767 1953; x_wconf 89' lang='lat' dir='ltr'>pro-</span> 
     </span>
     <span class='ocr_line' id='line_1_25' title="bbox 144 1973 1768 2025; baseline -0.001 -11"><span class='ocrx_word' id='word_1_206' title='bbox 144 1975 373 2015; x_wconf 88' lang='lat' dir='ltr'>fanarent.</span> <span class='ocrx_word' id='word_1_207' title='bbox 398 1974 564 2014; x_wconf 89' lang='lat' dir='ltr'>Mulier</span> <span class='ocrx_word' id='word_1_208' title='bbox 585 1974 815 2025; x_wconf 86' lang='lat' dir='ltr'>quaedam</span> <span class='ocrx_word' id='word_1_209' title='bbox 836 1974 1184 2023; x_wconf 88' lang='lat' dir='ltr'>concubinaria,</span> <span class='ocrx_word' id='word_1_210' title='bbox 1209 1985 1326 2025; x_wconf 88' lang='lat' dir='ltr'>quae</span> <span class='ocrx_word' id='word_1_211' title='bbox 1349 1985 1375 2013; x_wconf 88' lang='lat' dir='ltr'>a</span> <span class='ocrx_word' id='word_1_212' title='bbox 1398 1974 1540 2013; x_wconf 90' lang='lat' dir='ltr'>milite</span> <span class='ocrx_word' id='word_1_213' title='bbox 1559 1973 1650 2024; x_wconf 90' lang='lat' dir='ltr'>(cui</span> <span class='ocrx_word' id='word_1_214' title='bbox 1672 1985 1719 2013; x_wconf 93' lang='lat' dir='ltr'>se</span> <span class='ocrx_word' id='word_1_215' title='bbox 1742 1985 1768 2012; x_wconf 90' lang='lat' dir='ltr'>a</span> 
     </span>
     <span class='ocr_line' id='line_1_26' title="bbox 145 2044 1768 2097; baseline -0.001 -12"><span class='ocrx_word' id='word_1_216' title='bbox 145 2046 292 2086; x_wconf 90' lang='lat' dir='ltr'>tribus</span> <span class='ocrx_word' id='word_1_217' title='bbox 313 2046 447 2085; x_wconf 89' lang='lat' dir='ltr'>annis</span> <span class='ocrx_word' id='word_1_218' title='bbox 469 2046 788 2097; x_wconf 84' lang='lat' dir='ltr'>prostituerat)</span> <span class='ocrx_word' id='word_1_219' title='bbox 812 2045 1100 2096; x_wconf 84' lang='lat' dir='ltr'>profugerat,</span> <span class='ocrx_word' id='word_1_220' title='bbox 1124 2057 1265 2096; x_wconf 90' lang='lat' dir='ltr'>seque</span> <span class='ocrx_word' id='word_1_221' title='bbox 1292 2045 1339 2084; x_wconf 90' lang='lat' dir='ltr'>in</span> <span class='ocrx_word' id='word_1_222' title='bbox 1366 2045 1455 2084; x_wconf 87' lang='lat' dir='ltr'>hac</span> <span class='ocrx_word' id='word_1_223' title='bbox 1482 2045 1597 2084; x_wconf 87' lang='lat' dir='ltr'>urbe</span> <span class='ocrx_word' id='word_1_224' title='bbox 1627 2044 1768 2084; x_wconf 91' lang='lat' dir='ltr'>omni-</span> 
     </span>
     <span class='ocr_line' id='line_1_27' title="bbox 145 2115 1769 2168; baseline -0.001 -11"><span class='ocrx_word' id='word_1_225' title='bbox 145 2117 230 2157; x_wconf 90' lang='lat' dir='ltr'>bus</span> <span class='ocrx_word' id='word_1_226' title='bbox 253 2117 324 2157; x_wconf 93' lang='lat' dir='ltr'>sui</span> <span class='ocrx_word' id='word_1_227' title='bbox 346 2118 529 2168; x_wconf 87' lang='lat' dir='ltr'>copiam</span> <span class='ocrx_word' id='word_1_228' title='bbox 550 2117 780 2156; x_wconf 87' lang='lat' dir='ltr'>facturam</span> <span class='ocrx_word' id='word_1_229' title='bbox 802 2123 1058 2168; x_wconf 86' lang='lat' dir='ltr'>receperat,</span> <span class='ocrx_word' id='word_1_230' title='bbox 1083 2117 1231 2166; x_wconf 87' lang='lat' dir='ltr'>militi,</span> <span class='ocrx_word' id='word_1_231' title='bbox 1252 2116 1330 2166; x_wconf 90' lang='lat' dir='ltr'>qui</span> <span class='ocrx_word' id='word_1_232' title='bbox 1352 2116 1442 2156; x_wconf 90' lang='lat' dir='ltr'>huc</span> <span class='ocrx_word' id='word_1_233' title='bbox 1464 2115 1674 2156; x_wconf 85' lang='lat' dir='ltr'>eamdem</span> <span class='ocrx_word' id='word_1_234' title='bbox 1697 2116 1769 2156; x_wconf 88' lang='lat' dir='ltr'>uel</span> 
     </span>
     <span class='ocr_line' id='line_1_28' title="bbox 145 2186 1771 2234; baseline -0.001 -6"><span class='ocrx_word' id='word_1_235' title='bbox 145 2199 304 2228; x_wconf 89' lang='lat' dir='ltr'>secum</span> <span class='ocrx_word' id='word_1_236' title='bbox 325 2188 604 2228; x_wconf 87' lang='lat' dir='ltr'>reducturus</span> <span class='ocrx_word' id='word_1_237' title='bbox 624 2188 697 2227; x_wconf 91' lang='lat' dir='ltr'>uel</span> <span class='ocrx_word' id='word_1_238' title='bbox 720 2186 1048 2227; x_wconf 79' lang='lat' dir='ltr'>interfecturus</span> <span class='ocrx_word' id='word_1_239' title='bbox 1069 2194 1278 2234; x_wconf 86' lang='lat' dir='ltr'>venerat,</span> <span class='ocrx_word' id='word_1_240' title='bbox 1314 2187 1615 2226; x_wconf 84' lang='lat' dir='ltr'>reconciliata</span> <span class='ocrx_word' id='word_1_241' title='bbox 1637 2192 1706 2226; x_wconf 85' lang='lat' dir='ltr'>est</span> <span class='ocrx_word' id='word_1_242' title='bbox 1727 2192 1771 2226; x_wconf 88' lang='lat' dir='ltr'>et</span> 
     </span>
     <span class='ocr_line' id='line_1_29' title="bbox 145 2257 1770 2309; baseline -0.001 -11"><span class='ocrx_word' id='word_1_243' title='bbox 145 2259 342 2309; x_wconf 86' lang='lat' dir='ltr'>reddita,</span> <span class='ocrx_word' id='word_1_244' title='bbox 365 2270 458 2298; x_wconf 91' lang='lat' dir='ltr'>non</span> <span class='ocrx_word' id='word_1_245' title='bbox 489 2259 588 2298; x_wconf 92' lang='lat' dir='ltr'>sine</span> <span class='ocrx_word' id='word_1_246' title='bbox 609 2258 814 2309; x_wconf 88' lang='lat' dir='ltr'>foenore;</span> <span class='ocrx_word' id='word_1_247' title='bbox 846 2269 955 2298; x_wconf 90' lang='lat' dir='ltr'>nam</span> <span class='ocrx_word' id='word_1_248' title='bbox 981 2258 1320 2298; x_wconf 87' lang='lat' dir='ltr'>concubinatus</span> <span class='ocrx_word' id='word_1_249' title='bbox 1347 2258 1394 2297; x_wconf 87' lang='lat' dir='ltr'>in</span> <span class='ocrx_word' id='word_1_250' title='bbox 1421 2269 1585 2297; x_wconf 89' lang='lat' dir='ltr'>uerum</span> <span class='ocrx_word' id='word_1_251' title='bbox 1615 2257 1770 2297; x_wconf 78' lang='lat' dir='ltr'>matri-</span> 
     </span>
     <span class='ocr_line' id='line_1_30' title="bbox 147 2329 1771 2380; baseline -0.002 -10"><span class='ocrx_word' id='word_1_252' title='bbox 147 2329 354 2370; x_wconf 89' lang='lat' dir='ltr'>monium</span> <span class='ocrx_word' id='word_1_253' title='bbox 388 2341 551 2369; x_wconf 91' lang='lat' dir='ltr'>uersus</span> <span class='ocrx_word' id='word_1_254' title='bbox 583 2335 666 2370; x_wconf 89' lang='lat' dir='ltr'>est:</span> <span class='ocrx_word' id='word_1_255' title='bbox 704 2336 747 2369; x_wconf 90' lang='lat' dir='ltr'>et</span> <span class='ocrx_word' id='word_1_256' title='bbox 782 2335 975 2380; x_wconf 88' lang='lat' dir='ltr'>uterque</span> <span class='ocrx_word' id='word_1_257' title='bbox 1011 2329 1265 2378; x_wconf 91' lang='lat' dir='ltr'>confessus,</span> <span class='ocrx_word' id='word_1_258' title='bbox 1304 2329 1597 2379; x_wconf 87' lang='lat' dir='ltr'>superiorum</span> <span class='ocrx_word' id='word_1_259' title='bbox 1633 2340 1771 2368; x_wconf 83' lang='lat' dir='ltr'>anno-</span> 
     </span>
     <span class='ocr_line' id='line_1_31' title="bbox 148 2399 1772 2452; baseline -0.001 -12"><span class='ocrx_word' id='word_1_260' title='bbox 148 2412 250 2441; x_wconf 90' lang='lat' dir='ltr'>rum</span> <span class='ocrx_word' id='word_1_261' title='bbox 271 2401 432 2452; x_wconf 86' lang='lat' dir='ltr'>culpas</span> <span class='ocrx_word' id='word_1_262' title='bbox 452 2400 735 2452; x_wconf 85' lang='lat' dir='ltr'>poenitentia</span> <span class='ocrx_word' id='word_1_263' title='bbox 757 2400 951 2440; x_wconf 88' lang='lat' dir='ltr'>salutari</span> <span class='ocrx_word' id='word_1_264' title='bbox 972 2400 1118 2440; x_wconf 91' lang='lat' dir='ltr'>diluit.</span> <span class='ocrx_word' id='word_1_265' title='bbox 1137 2400 1271 2440; x_wconf 87' lang='lat' dir='ltr'>Duae</span> <span class='ocrx_word' id='word_1_266' title='bbox 1291 2400 1502 2450; x_wconf 85' lang='lat' dir='ltr'>virgines</span> <span class='ocrx_word' id='word_1_267' title='bbox 1519 2399 1704 2440; x_wconf 88' lang='lat' dir='ltr'>Christo</span> <span class='ocrx_word' id='word_1_268' title='bbox 1723 2410 1772 2438; x_wconf 92' lang='lat' dir='ltr'>se</span> 
     </span>
     <span class='ocr_line' id='line_1_32' title="bbox 149 2471 1774 2522; baseline -0.001 -11"><span class='ocrx_word' id='word_1_269' title='bbox 149 2482 429 2511; x_wconf 79' lang='lat' dir='ltr'>consecrare</span> <span class='ocrx_word' id='word_1_270' title='bbox 449 2477 726 2511; x_wconf 88' lang='lat' dir='ltr'>statuerunt:</span> <span class='ocrx_word' id='word_1_271' title='bbox 745 2472 901 2522; x_wconf 90' lang='lat' dir='ltr'>plures</span> <span class='ocrx_word' id='word_1_272' title='bbox 917 2471 1038 2510; x_wconf 92' lang='lat' dir='ltr'>idem</span> <span class='ocrx_word' id='word_1_273' title='bbox 1060 2477 1192 2510; x_wconf 89' lang='lat' dir='ltr'>erant</span> <span class='ocrx_word' id='word_1_274' title='bbox 1213 2471 1438 2521; x_wconf 86' lang='lat' dir='ltr'>facturae,</span> <span class='ocrx_word' id='word_1_275' title='bbox 1458 2471 1548 2510; x_wconf 91' lang='lat' dir='ltr'>nisi</span> <span class='ocrx_word' id='word_1_276' title='bbox 1568 2483 1594 2511; x_wconf 91' lang='lat' dir='ltr'>a</span> <span class='ocrx_word' id='word_1_277' title='bbox 1612 2482 1774 2522; x_wconf 84' lang='lat' dir='ltr'>paren-</span> 
     </span>
     <span class='ocr_line' id='line_1_33' title="bbox 149 2542 1644 2594; baseline -0.001 -12"><span class='ocrx_word' id='word_1_278' title='bbox 149 2543 286 2593; x_wconf 89' lang='lat' dir='ltr'>tibus,</span> <span class='ocrx_word' id='word_1_279' title='bbox 310 2542 452 2582; x_wconf 88' lang='lat' dir='ltr'>inuite</span> <span class='ocrx_word' id='word_1_280' title='bbox 475 2542 815 2594; x_wconf 84' lang='lat' dir='ltr'>quodammodo</span> <span class='ocrx_word' id='word_1_281' title='bbox 840 2553 894 2582; x_wconf 89' lang='lat' dir='ltr'>ac</span> <span class='ocrx_word' id='word_1_282' title='bbox 917 2548 1094 2593; x_wconf 90' lang='lat' dir='ltr'>coacte,</span> <span class='ocrx_word' id='word_1_283' title='bbox 1118 2542 1232 2582; x_wconf 89' lang='lat' dir='ltr'>uiris</span> <span class='ocrx_word' id='word_1_284' title='bbox 1254 2548 1410 2582; x_wconf 88' lang='lat' dir='ltr'>essent</span> <span class='ocrx_word' id='word_1_285' title='bbox 1430 2542 1644 2582; x_wconf 88' lang='lat' dir='ltr'>traditae.</span> 
     </span>
    </p>

    <p class='ocr_par' dir='ltr' id='par_1_5' title="bbox 148 2613 1780 3091">
     <span class='ocr_line' id='line_1_34' title="bbox 227 2613 1772 2664; baseline 0 -11"><span class='ocrx_word' id='word_1_286' title='bbox 227 2613 325 2653; x_wconf 88' lang='lat' dir='ltr'>Iam</span> <span class='ocrx_word' id='word_1_287' title='bbox 345 2614 493 2653; x_wconf 90' lang='lat' dir='ltr'>bonus</span> <span class='ocrx_word' id='word_1_288' title='bbox 522 2613 659 2653; x_wconf 90' lang='lat' dir='ltr'>huius</span> <span class='ocrx_word' id='word_1_289' title='bbox 681 2613 875 2664; x_wconf 91' lang='lat' dir='ltr'>Collegii</span> <span class='ocrx_word' id='word_1_290' title='bbox 902 2613 1015 2653; x_wconf 91' lang='lat' dir='ltr'>odor</span> <span class='ocrx_word' id='word_1_291' title='bbox 1037 2613 1097 2653; x_wconf 86' lang='lat' dir='ltr'>ad</span> <span class='ocrx_word' id='word_1_292' title='bbox 1123 2613 1304 2654; x_wconf 87' lang='lat' dir='ltr'>uicinas</span> <span class='ocrx_word' id='word_1_293' title='bbox 1336 2614 1474 2654; x_wconf 91' lang='lat' dir='ltr'>urbes</span> <span class='ocrx_word' id='word_1_294' title='bbox 1501 2625 1550 2654; x_wconf 93' lang='lat' dir='ltr'>se</span> <span class='ocrx_word' id='word_1_295' title='bbox 1579 2613 1772 2663; x_wconf 81' lang='lat' dir='ltr'>diffudit,</span> 
     </span>
     <span class='ocr_line' id='line_1_35' title="bbox 149 2683 1775 2736; baseline 0 -12"><span class='ocrx_word' id='word_1_296' title='bbox 149 2690 198 2724; x_wconf 89' lang='lat' dir='ltr'>ut</span> <span class='ocrx_word' id='word_1_297' title='bbox 220 2684 397 2735; x_wconf 86' lang='lat' dir='ltr'>Xacca,</span> <span class='ocrx_word' id='word_1_298' title='bbox 421 2685 541 2725; x_wconf 88' lang='lat' dir='ltr'>inter</span> <span class='ocrx_word' id='word_1_299' title='bbox 562 2684 841 2736; x_wconf 87' lang='lat' dir='ltr'>praecipuas</span> <span class='ocrx_word' id='word_1_300' title='bbox 859 2683 1045 2724; x_wconf 84' lang='lat' dir='ltr'>Siciliae</span> <span class='ocrx_word' id='word_1_301' title='bbox 1067 2684 1205 2724; x_wconf 90' lang='lat' dir='ltr'>urbes</span> <span class='ocrx_word' id='word_1_302' title='bbox 1227 2685 1532 2735; x_wconf 90' lang='lat' dir='ltr'>numeranda,</span> <span class='ocrx_word' id='word_1_303' title='bbox 1553 2685 1608 2725; x_wconf 92' lang='lat' dir='ltr'>de</span> <span class='ocrx_word' id='word_1_304' title='bbox 1633 2684 1775 2725; x_wconf 92' lang='lat' dir='ltr'>Colle-</span> 
     </span>
     <span class='ocr_line' id='line_1_36' title="bbox 148 2754 1776 2807; baseline 0 -12"><span class='ocrx_word' id='word_1_305' title='bbox 148 2755 226 2807; x_wconf 89' lang='lat' dir='ltr'>gio</span> <span class='ocrx_word' id='word_1_306' title='bbox 249 2754 496 2796; x_wconf 83' lang='lat' dir='ltr'>Societatis</span> <span class='ocrx_word' id='word_1_307' title='bbox 518 2754 777 2795; x_wconf 83' lang='lat' dir='ltr'>extruendo</span> <span class='ocrx_word' id='word_1_308' title='bbox 800 2756 990 2806; x_wconf 90' lang='lat' dir='ltr'>cogitet,</span> <span class='ocrx_word' id='word_1_309' title='bbox 1015 2767 1070 2795; x_wconf 87' lang='lat' dir='ltr'>ac</span> <span class='ocrx_word' id='word_1_310' title='bbox 1092 2756 1277 2806; x_wconf 85' lang='lat' dir='ltr'>saepius</span> <span class='ocrx_word' id='word_1_311' title='bbox 1299 2768 1353 2795; x_wconf 84' lang='lat' dir='ltr'>ea</span> <span class='ocrx_word' id='word_1_312' title='bbox 1375 2755 1430 2796; x_wconf 95' lang='lat' dir='ltr'>de</span> <span class='ocrx_word' id='word_1_313' title='bbox 1460 2768 1511 2796; x_wconf 91' lang='lat' dir='ltr'>re</span> <span class='ocrx_word' id='word_1_314' title='bbox 1532 2756 1776 2796; x_wconf 89' lang='lat' dir='ltr'>nobiscum</span> 
     </span>
     <span class='ocr_line' id='line_1_37' title="bbox 150 2825 1779 2878; baseline 0.001 -12"><span class='ocrx_word' id='word_1_315' title='bbox 150 2827 312 2877; x_wconf 83' lang='lat' dir='ltr'>egerit.</span> <span class='ocrx_word' id='word_1_316' title='bbox 338 2825 458 2877; x_wconf 85' lang='lat' dir='ltr'>Quid</span> <span class='ocrx_word' id='word_1_317' title='bbox 480 2832 723 2878; x_wconf 85' lang='lat' dir='ltr'>praeterea</span> <span class='ocrx_word' id='word_1_318' title='bbox 742 2826 894 2866; x_wconf 87' lang='lat' dir='ltr'>dicam</span> <span class='ocrx_word' id='word_1_319' title='bbox 915 2826 1087 2875; x_wconf 91' lang='lat' dir='ltr'>nescio,</span> <span class='ocrx_word' id='word_1_320' title='bbox 1110 2826 1201 2866; x_wconf 88' lang='lat' dir='ltr'>nisi</span> <span class='ocrx_word' id='word_1_321' title='bbox 1226 2827 1412 2866; x_wconf 89' lang='lat' dir='ltr'>ueniam</span> <span class='ocrx_word' id='word_1_322' title='bbox 1440 2839 1567 2867; x_wconf 90' lang='lat' dir='ltr'>orem</span> <span class='ocrx_word' id='word_1_323' title='bbox 1595 2833 1690 2867; x_wconf 90' lang='lat' dir='ltr'>tam</span> <span class='ocrx_word' id='word_1_324' title='bbox 1712 2828 1779 2867; x_wconf 71' lang='lat' dir='ltr'>in-</span> 
     </span>
     <span class='ocr_line' id='line_1_38' title="bbox 149 2897 1778 2949; baseline 0.001 -12"><span class='ocrx_word' id='word_1_325' title='bbox 149 2897 387 2937; x_wconf 86' lang='lat' dir='ltr'>fructuose</span> <span class='ocrx_word' id='word_1_326' title='bbox 407 2898 635 2938; x_wconf 87' lang='lat' dir='ltr'>transacti</span> <span class='ocrx_word' id='word_1_327' title='bbox 665 2897 903 2949; x_wconf 91' lang='lat' dir='ltr'>temporis.</span> <span class='ocrx_word' id='word_1_328' title='bbox 937 2897 1165 2937; x_wconf 85' lang='lat' dir='ltr'>Dabimus</span> <span class='ocrx_word' id='word_1_329' title='bbox 1188 2905 1343 2938; x_wconf 88' lang='lat' dir='ltr'>autem</span> <span class='ocrx_word' id='word_1_330' title='bbox 1366 2910 1572 2949; x_wconf 87' lang='lat' dir='ltr'>operam,</span> <span class='ocrx_word' id='word_1_331' title='bbox 1597 2905 1647 2937; x_wconf 89' lang='lat' dir='ltr'>ut</span> <span class='ocrx_word' id='word_1_332' title='bbox 1678 2910 1778 2949; x_wconf 87' lang='lat' dir='ltr'>pro-</span> 
     </span>
     <span class='ocr_line' id='line_1_39' title="bbox 152 2969 1778 3021; baseline 0.001 -13"><span class='ocrx_word' id='word_1_333' title='bbox 152 2979 318 3019; x_wconf 87' lang='lat' dir='ltr'>gressu</span> <span class='ocrx_word' id='word_1_334' title='bbox 338 2969 562 3020; x_wconf 89' lang='lat' dir='ltr'>temporis</span> <span class='ocrx_word' id='word_1_335' title='bbox 583 2969 815 3008; x_wconf 82' lang='lat' dir='ltr'>sarciatur</span> <span class='ocrx_word' id='word_1_336' title='bbox 837 2969 1057 3020; x_wconf 89' lang='lat' dir='ltr'>quicquid</span> <span class='ocrx_word' id='word_1_337' title='bbox 1075 2969 1302 3009; x_wconf 88' lang='lat' dir='ltr'>hactenus</span> <span class='ocrx_word' id='word_1_338' title='bbox 1324 2981 1378 3009; x_wconf 90' lang='lat' dir='ltr'>ea</span> <span class='ocrx_word' id='word_1_339' title='bbox 1399 2970 1445 3009; x_wconf 90' lang='lat' dir='ltr'>in</span> <span class='ocrx_word' id='word_1_340' title='bbox 1468 2976 1601 3021; x_wconf 84' lang='lat' dir='ltr'>parte</span> <span class='ocrx_word' id='word_1_341' title='bbox 1618 2981 1778 3020; x_wconf 86' lang='lat' dir='ltr'>pecca-</span> 
     </span>
     <span class='ocr_line' id='line_1_40' title="bbox 154 3039 1780 3091; baseline 0.001 -12"><span class='ocrx_word' id='word_1_342' title='bbox 154 3044 250 3080; x_wconf 89' lang='lat' dir='ltr'>tum</span> <span class='ocrx_word' id='word_1_343' title='bbox 267 3045 350 3090; x_wconf 82' lang='lat' dir='ltr'>est3</span> <span class='ocrx_word' id='word_1_344' title='bbox 371 3040 430 3080; x_wconf 89' lang='lat' dir='ltr'>ad</span> <span class='ocrx_word' id='word_1_345' title='bbox 448 3039 571 3091; x_wconf 90' lang='lat' dir='ltr'>quod</span> <span class='ocrx_word' id='word_1_346' title='bbox 589 3040 853 3080; x_wconf 88' lang='lat' dir='ltr'>orationum</span> <span class='ocrx_word' id='word_1_347' title='bbox 869 3046 1054 3079; x_wconf 83' lang='lat' dir='ltr'>tuarum</span> <span class='ocrx_word' id='word_1_348' title='bbox 1074 3046 1459 3091; x_wconf 88' lang='lat' dir='ltr'>caeterorumque</span> <span class='ocrx_word' id='word_1_349' title='bbox 1477 3052 1780 3081; x_wconf 85' lang='lat' dir='ltr'>romanorum</span> 
     </span>
    </p>
   </div>
  </div>
 </body>
</html>
