2020 3342
213 281 284 319 366
723 276 949 320 LITTERAE
975 287 1333 326 QUADR1MEsrREs

212 380 368 429 plures
388 379 585 429 futuros,
611 379 825 430 quamuis
846 379 1053 430 plerique
1074 380 1317 420 conatibus
1334 379 1505 420 nostris
1523 379 1750 421 obsistere
1767 391 1841 421 co-

211 456 393 499 nentur,
435 460 560 489 nunc
600 450 867 489 obsistendo
910 448 941 501 ¹,
984 461 1106 490 nunc
1154 450 1464 500 detrahendo,
1506 462 1628 491 nunc
1669 451 1842 502 aliquid

212 520 503 560 obiectando:
527 532 727 572 quorum
749 527 905 560 tamen
927 527 1122 561 conatus
1152 521 1362 573 reprimit
1382 521 1512 561 Deus
1533 521 1778 562 maximus
1799 529 1843 562 et

211 591 464 641 confringit
499 591 666 631 mirum
699 591 746 631 in
782 591 985 632 modurn.
1023 592 1153 632 Haec
1188 592 1234 632 in
1264 592 1535 632 uniuersum
1568 592 1632 632 ita
1667 592 1843 645 scripta

211 663 315 702 sint.

292 732 536 784 Reliquum
569 740 638 774 est
676 740 724 774 ut
758 734 1036 785 Cardinalis,
1072 734 1425 786 Gubernatoris,
1462 734 1663 786 Vicarii,
1696 734 1840 786 magi-

210 810 383 844 stratus
405 804 547 844 totius
568 805 786 855 ciuitatis,
811 811 855 845 et
876 806 1128 846 multorum
1145 806 1315 846 ciuium
1334 817 1446 857 erga
1464 817 1547 846 nos
1564 806 1839 847 beneuolen-

209 875 320 914 tiam
356 881 400 915 et
432 887 638 915 amorem
666 877 984 927 perstringam
1011 888 1103 917 uno
1132 876 1292 917 uerbo.
1327 876 1430 927 Qui,
1466 877 1582 917 bene
1610 888 1724 928 erga
1754 888 1842 917 nos

208 946 379 995 affecti,
403 953 447 986 et
470 953 682 987 nostrum
704 948 979 998 praedicant
1000 951 1043 987 et
1065 947 1252 988 uiuendi
1273 954 1317 988 et
1339 947 1536 988 docendi
1558 948 1839 997 institutum,

210 1022 253 1055 et
280 1016 426 1056 sicubi
456 1023 675 1069 possunt,
706 1019 843 1058 rebus
873 1018 1049 1059 nostris
1083 1024 1222 1070 atque
1250 1018 1509 1058 commodis
1535 1018 1676 1059 etiam
1703 1024 1842 1071 atque

210 1087 351 1127 etiam
374 1088 646 1129 inseruiunt.
1696 1137 1701 1142 ,

288 1158 427 1198 Nunc
461 1159 474 1177 '²
510 1160 621 1200 illud
656 1161 770 1200 mihi
805 1160 1104 1201 scribendum
1142 1161 1372 1201 occurrit:
1402 1166 1497 1200 tres
1524 1160 1842 1212 spiritualibus

180 1231 444 1275 'exercitiis
479 1231 576 1271 dies
610 1231 785 1282 aliquot
820 1232 1100 1282 incubuisse,
1139 1244 1334 1283 quorum
1372 1244 1490 1271 unus
1528 1237 1599 1272 est
1629 1238 1841 1273 nostram

208 1301 397 1341 uiuendi
419 1303 647 1342 rationem
669 1309 907 1354 sequutus,
932 1303 1068 1342 cuius
1090 1303 1317 1354 superius
1343 1303 1544 1343 memini.

288 1373 400 1413 Mihi
422 1374 555 1425 plura
578 1385 718 1425 quam
739 1374 961 1425 putabam
983 1374 1144 1414 uideor
1165 1375 1424 1426 scripsisse.
1453 1373 1572 1414 Vale
1594 1374 1778 1415 interim
1796 1381 1840 1415 et

210 1455 294 1484 nos
315 1444 397 1483 tibi
419 1444 769 1485 commendatos
790 1445 929 1485 uelim
951 1457 1051 1485 esse
1073 1445 1404 1496 maximopere.
1428 1444 1561 1485 Vale.

289 1514 399 1555 Post
413 1515 498 1555 has
511 1517 671 1556 literas
686 1516 901 1567 scriptas,
916 1515 969 1556 20
984 1515 1214 1556 foeminae
1231 1515 1454 1567 uirgines,
1474 1527 1672 1568 quarum
1689 1518 1841 1558 maior

210 1598 319 1638 pars
340 1587 513 1627 nostris
535 1587 844 1627 confitebatur
865 1594 908 1627 et
931 1588 987 1627 ab
1011 1587 1076 1627 eis
1098 1588 1143 1627 in
1166 1587 1304 1627 rebus
1333 1588 1652 1639 spiritualibus
1679 1587 1693 1607 ⁵
1714 1589 1838 1629 insti-

208 1659 445 1708 tuebatur,
481 1670 604 1698 nouo
639 1658 823 1698 cuidam
853 1658 1102 1708 coenobio,
1135 1669 1305 1709 magna
1336 1670 1439 1698 cum
1467 1659 1607 1699 totius
1636 1659 1840 1700 ciuitatis

207 1729 490 1779 celebritate,
514 1729 740 1769 dederunt
762 1721 957 1770 initium.
982 1729 1116 1780 Quod
1137 1736 1180 1769 te
1201 1731 1347 1770 latere
1368 1730 1494 1770 nullo
1522 1735 1661 1782 pacto
1695 1731 1836 1772 uolui.

287 1799 438 1840 Datae
472 1800 664 1851 Perusii‚
704 1800 788 1841 VII
824 1800 931 1841 Idus
970 1800 1095 1853 Junii
1131 1812 1253 1840 anno
1289 1812 1316 1840 a
1355 1800 1612 1842 Natiuitate
1652 1801 1840 1842 Domini

214 1871 328 1912 1556.

289 1943 341 1983 T.
365 1943 414 1983 P.
438 1955 603 1983 seruus
624 1943 858 1994 indignus,

949 2085 1018 2137 Jo.
1044 2084 1279 2126 ANTONIUS
1297 2085 1340 2126 V
1344 2085 1620 2138 1P[ERANUS].

289 2299 641 2351 Superscrzptio
671 2300 719 2340 in
753 2304 926 2352 quarta
943 2301 1151 2352 pagiua:
1172 2302 1198 2348 †
1215 2300 1467 2341 Plurimum
1489 2299 1590 2340 R.d0
1617 2301 1661 2340 in
1682 2300 1766 2340 X.⁰
1786 2299 1835 2340 P.

207 2369 389 2421 ignatio
412 2384 437 2411 a
460 2372 641 2423 Loyola
663 2371 936 2423 Praeposito
958 2373 1206 2413 uniuersae
1227 2371 1473 2412 Societatis
1493 2372 1618 2424 Jesu,
1643 2370 1835 2411 Romae.

292 2442 401 2481 illm
425 2454 587 2482 manu:
612 2443 726 2482 1550.
750 2442 966 2494 Perugia.
989 2443 1366 2494 Quadrimestres
1385 2442 1409 2481 7
1429 2442 1567 2495 Junii.

290 2513 352 2552 Et
375 2513 489 2553 alia:
511 2514 703 2554 Emend.

305 2584 568 2634 Vestigium
591 2595 722 2624 cerae
742 2584 910 2635 sigilli.

264 2719 274 2739 ¹
314 2720 549 2747 obtrectando.
567 2720 752 2748 Poimcus.

261 2768 275 2786 2
321 2767 460 2794 Vltimo.
477 2768 525 2795 Io.

261 2815 275 2834 5
315 2815 356 2842 ab
374 2816 427 2841 eis
444 2816 480 2842 in
498 2816 602 2842 rebus
617 2817 872 2850 spiritualibus
888 2816 1018 2844 addidit
1036 2817 1211 2844 Polancus.
