2020 3342
800 242 882 280 ΑΝ.
914 242 1004 280 1556
1643 245 1708 282 187

91 340 160 378 tes
190 337 216 387 ¹,
247 350 361 391 quos
396 339 469 379 ille
504 339 684 391 plenius
720 339 920 392 edocuit,
959 342 1228 394 monuitque
1250 342 1641 394 quemadmodum
1663 344 1707 383 in
1752 331 1757 344 ³

91 415 327 460 posterum
348 421 511 461 gerere
532 422 582 451 se
603 410 815 452 debeant.
839 411 911 452 Ex
931 412 1003 453 his
1023 413 1209 464 plurimi
1238 413 1439 453 confessi
1469 419 1590 464 sunt,
1621 415 1707 454 ius-

90 480 219 531 sique
257 481 500 521 restituere
544 493 662 533 quae
696 481 948 533 debebant,
993 484 1188 524 libenter
1223 484 1456 534 fecerunt;
1496 485 1708 525 restituta

90 557 209 601 sunt,
233 551 412 603 opinor,
435 552 642 603 amplius
662 552 676 572 ²
698 553 789 594 duo
810 554 952 594 millia
974 566 1238 595 aureorum.
1262 554 1348 595 Vir
1365 555 1553 607 quidam
1574 555 1708 597 huius
1759 545 1763 547 ’

90 622 305 673 ciuitatis,
329 623 556 675 imprimis
577 624 757 675 nobilis,
782 625 828 665 in
850 626 1103 666 monachos
1125 626 1219 666 diui
1240 625 1474 667 Dominici
1500 629 1708 677 grauiter

89 692 194 733 odio
215 693 446 745 incensus,
484 695 607 746 quod
642 708 668 736 a
704 696 905 747 quodam
940 697 1038 737 eius
1069 697 1341 737 monasterii
1377 697 1707 738 concionatore

88 770 209 804 esset
248 764 303 805 de
342 766 544 817 quodam
584 766 699 807 vitio
734 767 806 818 (vt
842 768 928 807 sibi
964 768 1233 817 videbatur)
1276 769 1459 819 publice
1500 775 1705 819 notatus,

87 830 266 886 postea,
283 837 574 888 poenitentia
608 838 778 878 ductus
808 837 836 889 ⁵,
863 839 1061 880 accessit
1098 841 1157 880 ad
1191 840 1290 880 eius
1318 841 1588 881 monasterii
1614 840 1705 881 An-

86 906 276 947 tistitem
297 914 514 959 rogatum
536 907 653 948 sibi*
669 909 967 961 ignoscerent
984 911 1022 951 si
1039 910 1146 962 quid
1164 923 1243 952 eos
1261 911 1540 961 offendisset;
1568 912 1705 953 offen-

86 976 216 1017 derat
233 985 388 1019 autem
409 979 616 1030 grauiter
638 979 849 1022 detracta
886 981 1013 1033 ipsis
1033 982 1172 1022 fama.
1212 982 1485 1034 Complures
1513 984 1604 1033 alii,
1630 984 1707 1035 qui

86 1049 230 1089 variis
248 1049 347 1101 (pro
365 1050 587 1102 cuiusque
601 1052 739 1102 statu)
753 1053 1020 1103 sceleribus,
1041 1054 1210 1093 multos
1225 1054 1316 1093 iam
1335 1066 1481 1094 annos
1495 1054 1709 1095 obstricti

86 1120 377 1171 tenebantur,
401 1121 570 1172 partim
593 1123 897 1163 concionibus
926 1123 1096 1163 Patris
1121 1122 1150 1175 ⁵,
1187 1125 1357 1175 partim
1393 1125 1566 1165 auxilio
1602 1137 1707 1165 con-

85 1190 328 1237 fessorum.
353 1199 457 1232 sunt
476 1193 534 1233 ad
551 1193 789 1233 meliorem
806 1193 989 1245 frugem
1006 1196 1228 1235 reuocati.
1249 1195 1577 1236 Confessiones
1601 1202 1706 1236 sunt

86 1262 502 1313 frequentissimae:
527 1265 722 1304 iteratae
745 1270 850 1305 sunt
872 1267 1062 1317 aliquot,
1086 1266 1210 1306 inter
1231 1278 1350 1317 quas
1372 1268 1615 1317 vnafactcz
1636 1271 1705 1306 est

85 1344 256 1384 magna
279 1335 325 1374 vi
345 1335 694 1387 lachrymarum
725 1348 780 1376 ac
807 1337 1119 1388 poenitentiae
1141 1349 1295 1378 sensu.
1334 1338 1474 1378 Alius
1497 1338 1706 1389 qaudam,

84 1404 167 1455 qui
187 1405 371 1456 pudore
404 1406 611 1457 triginta
646 1418 800 1447 annos
835 1407 1036 1448 mortale
1064 1413 1308 1459 peccatum
1343 1409 1390 1448 m
1413 1410 1707 1460 confessione

83 1481 443 1528 suppresserat,
478 1479 729 1529 confessus
761 1482 860 1529 est,
895 1490 948 1519 ac
980 1484 1162 1531 paucos
1190 1485 1303 1531 post
1339 1480 1438 1520 dies
1467 1485 1703 1521 mortuus.

82 1546 431 1599 Blasplzetm'ae,
464 1548 750 1589 jusjuranda
784 1548 798 1568 ‘³
834 1556 971 1602 atque
1007 1550 1272 1591 huiusmodi
1306 1551 1421 1592 vitia
1451 1563 1622 1603 magna
1646 1565 1702 1592 ex

82 1625 213 1670 parte
249 1631 532 1671 compressa,
570 1621 827 1662 simultates
863 1622 1163 1674 compositae,
1201 1623 1380 1663 reducti
1417 1623 1464 1663 in
1498 1624 1702 1675 gratiam

84 1691 160 1743 qui
180 1691 447 1732 inimicitias
469 1692 588 1732 inter
609 1705 658 1733 se
680 1699 818 1745 atque
839 1693 944 1734 odia
965 1694 1206 1745 gerebant:
1226 1694 1284 1734 ad
1301 1700 1523 1745 aegrotos
1541 1701 1583 1735 et
1607 1706 1704 1745 eos,

84 1761 161 1813 qui
195 1762 242 1802 in
275 1763 541 1803 carceribus
575 1763 853 1815 detinentur,
890 1765 1035 1805 habiti
1066 1772 1172 1805 sunt
1204 1777 1444 1806 sermones
1479 1766 1655 1818 aliquot
1679 1778 1705 1806 a

83 1832 295 1873 Patribus
316 1844 497 1885 magna
520 1833 531 1852 ⁷
552 1834 738 1875 illorum
759 1836 1094 1876 consolatione.
1118 1835 1222 1876 Non
1250 1836 1415 1876 desunt
1443 1837 1608 1888 quibus
1629 1848 1705 1888 pe-

83 1903 274 1944 culiaria
296 1905 422 1945 vitae
453 1905 743 1957 perfectioris
771 1906 1002 1947 desideria
1031 1906 1158 1947 Deus
1186 1907 1395 1959 inspiret,
1428 1908 1487 1948 ad
1509 1920 1703 1960 eamque

83 1975 281 2015 assiduis
315 1976 619 2027 orationibus,
647 1977 843 2028 ieiuniiS,
882 1978 1045 2019 ciliciis
1073 1979 1266 2030 aliisque
1295 1979 1546 2031 asperioris
1578 1980 1703 2020 vitae

83 2046 343 2087 actionibus
377 2047 674 2088 contendant.
718 2047 972 2089 Doctrinae
1012 2049 1296 2089 christianae
1332 2050 1482 2090 maior
1521 2051 1567 2090 in
1605 2051 1703 2091 dies

80 2116 259 2157 fructus
280 2119 489 2158 cernitur
523 2118 569 2159 in
590 2119 761 2170 pueris,
800 2125 938 2172 atque
972 2120 1020 2160 in
1054 2120 1139 2169 his,
1178 2121 1254 2172 qui
1285 2121 1367 2161 vix
1397 2121 1548 2161 adhuc
1577 2123 1702 2174 loqui

79 2194 263 2229 norunt.
288 2189 479 2229 Maurus
500 2189 702 2241 quidam,
728 2191 805 2242 qui
834 2191 970 2231 nullis
999 2203 1207 2242 vnquam
1238 2192 1618 2243 persuasionibus
1639 2193 1703 2233 in-

82 2258 185 2298 duci
213 2260 361 2311 potuit
401 2267 450 2301 vt
486 2261 789 2302 christianam
823 2261 958 2302 fidem
993 2263 1270 2314 susciperet,
1309 2263 1481 2304 auditis
1517 2265 1703 2316 saepius

82 2330 251 2382 pueris,
293 2331 553 2372 doctrinam
593 2332 897 2373 christianam
936 2345 1018 2385 per
1052 2334 1215 2373 vrbem
1255 2335 1576 2384 cantantibus,
1619 2347 1702 2375 sua

80 2407 241 2451 sponte
263 2402 489 2454 baptizari
517 2403 679 2444 Voluit.
709 2402 1144 2444 Reverendissimus
1176 2405 1434 2457 Episcopus
1461 2406 1703 2447 mandauit

80 2472 292 2513 omnibus
313 2473 447 2514 huius
465 2473 733 2515 dioeceseos
754 2475 1035 2526 pastoribus,
1060 2481 1108 2515 vt
1125 2476 1387 2516 commissis
1404 2477 1490 2516 sibi
1508 2477 1702 2529 quisque

81 2543 259 2594 populis
281 2555 383 2584 eam
414 2544 723 2586 declararent:
747 2545 876 2585 missi
897 2552 1003 2586 sunt
1020 2546 1320 2586 nihilominus
1337 2559 1395 2587 ex
1420 2548 1591 2588 nostris
1612 2547 1701 2589 duo

178 2727 412 2760 conferentes.
428 2728 611 2757 Pomxcus.

179 2778 299 2809 supra.
315 2773 362 2803 10.

180 2823 225 2849 ad
237 2824 498 2857 poenitentiam
515 2824 693 2853 inductus,
709 2825 759 2853 Io.

179 2871 216 2896 vt
229 2871 304 2897 sibi.
320 2870 367 2898 ID.

181 2916 288 2944 huius
299 2918 425 2946 Patris.
441 2918 489 2947 ID.

128 2724 143 2936 :nasum-

128 2962 142 2982 ⁸
178 2964 258 2992 Fuit
280 2967 340 3000 qui
356 2969 542 3001 peccatum
568 2969 716 2996 mortale
741 2969 867 3004 pudore
891 2970 1034 3003 triginta
1056 2977 1161 2998 annos
1185 2974 1420 3005 suppressum
1444 2972 1617 3000 confessus
1643 2978 1704 3000 est:

78 3010 317 3045 blasphemiae,
333 3014 549 3042 iuramenta.
567 3014 615 3042 10.

130 3057 142 3078 ⁷
181 3065 259 3088 cum
275 3067 410 3094 magna.
426 3060 475 3088 11).
