2020 3342
250 219 319 256 (310
742 219 967 258 LITTERAE
993 230 1354 263 QUADRIMESTRES

249 321 370 356 runt.
394 315 632 366 Rogamus
653 316 711 357 V.
741 316 794 356 R.
823 322 871 356 ut
897 328 984 356 nos
1011 329 1067 357 ae
1095 317 1335 358 Coloniam
1362 328 1572 360 nostram
1600 321 1647 360 in
1677 321 1774 361 suis
1801 331 1874 361 sa-

250 387 460 427 cerrimis
482 387 722 427 sacrificiis
743 387 1092 428 commendatos
1112 388 1296 439 habeat,
1327 401 1504 430 mernor
1532 391 1671 431 etiam
1704 391 1872 432 amico-

250 470 351 499 rum
373 465 637 499 nostrorum
659 458 848 499 Domini
870 459 1099 511 Gropperi
1128 460 1221 512 (qui
1251 472 1357 501 cum
1388 461 1599 502 omnibus
1628 462 1725 503 suis
1755 474 1873 503 sum·

250 540 374 569 mum
410 529 542 569 nobis
575 529 788 570 fauorem
822 531 1029 581 exhibet)
1072 530 1098 581 ¹,
1135 531 1287 572 Patris
1323 531 1500 572 Prioris
1541 532 1875 575 Carthusiano-

251 612 353 640 rum
384 599 412 651 ²,
436 607 479 640 et
510 599 731 640 Doctoris
761 601 987 641 Euerardi
1017 601 1231 652 Billickii‚
1265 602 1574 643 Prouincialis
1604 603 1875 645 Carmelita-

251 682 368 721 rum,
393 671 643 721 singularis
664 672 849 723 patroni
870 672 1034 720 nostri,
1058 678 1101 712 et
1123 674 1199 724 qui
1226 673 1319 713 iam
1350 673 1554 715 ereditur
1586 674 1768 716 futurus
1797 687 1877 716 no-

252 748 347 781 ster
366 741 692 793 suffraganeus
713 742 1003 784 Coloniensis
1025 742 1053 781 ⁵.
1078 744 1135 784 Hi
1159 756 1319 784 omnes
1341 744 1396 785 de
1424 745 1558 785 nobis
1578 746 1694 787 bene
1724 747 1879 787 meriti

252 818 373 861 sunt,
398 818 442 852 et
462 813 508 852 in
530 813 618 853 hoc
636 813 844 865 Collegio
861 815 1111 865 plurimum
1133 815 1267 855 nobis
1284 827 1368 856 suo
1385 815 1546 856 fauore
1565 817 1874 859 contulerunt.

253 882 386 933 Quod
414 884 613 935 quidem,
646 885 753 925 licet
783 886 919 926 nullis
949 886 1007 926 sit
1038 886 1190 926 adhuc
1220 887 1478 928 redditibus
1507 888 1731 938 dotatum,
1765 900 1875 929 nun-

253 966 392 1006 quam
413 962 569 996 tamen
589 956 746 996 diuino
764 957 936 996 auxilio
954 957 1244 1008 destituetur3
1263 957 1343 997 sed
1362 958 1435 1009 qui
1454 958 1500 999 id
1517 959 1651 999 nobis
1667 957 1875 1010 donauit.

253 1026 298 1066 in
320 1026 396 1066 illo
418 1038 501 1066 nos
524 1039 578 1067 ac
600 1033 812 1079 posteros
833 1034 1018 1068 nostros
1041 1034 1110 1068 est
1138 1035 1517 1069 conseruaturus.
1542 1029 1712 1071 Valeat
1733 1030 1791 1072 V.
1822 1030 1876 1071 R.

222 1109 226 1112 ’
253 1097 298 1137 in
322 1097 523 1138 Christo.

333 1168 543 1209 Salutant
565 1169 623 1210 V.
648 1170 700 1210 R.
725 1169 1028 1212 Reuerendus
1050 1170 1097 1212 P.
1122 1172 1397 1214 Leonardus
1419 1171 1433 1191 ⁴
1454 1179 1498 1213 et
1519 1173 1694 1213 caeteri
1713 1172 1878 1214 Patres

253 1246 297 1280 et
317 1240 522 1280 Fratres.
552 1239 818 1282 Salutamus
848 1242 987 1282 etiam
1018 1255 1177 1284 omnes
1207 1243 1371 1284 Patres
1399 1243 1683 1296 Fratresque
1714 1244 1879 1285 Roma-

253 1323 352 1362 nos,
377 1323 573 1363 quorum
595 1323 679 1352 nos
701 1312 944 1353 sacrificiis
965 1321 1008 1354 et
1029 1315 1246 1365 precibus
1266 1316 1402 1355 unice
1429 1316 1783 1357 commendatos
1807 1316 1881 1357 de-

252 1383 528 1423 sideramus.
560 1383 780 1424 Coloniae
818 1383 865 1424 13
898 1383 1185 1436 Decembris,
1224 1386 1270 1426 in
1304 1386 1422 1426 festo
1458 1386 1676 1427 nimirum
1705 1386 1881 1429 Luciae

252 1466 326 1494 an.
355 1454 469 1494 1556.

331 1525 401 1565 Ex
423 1526 642 1566 mandato
663 1526 716 1566 R.
741 1525 894 1567 Patris
916 1526 1164 1569 Leonardi.

332 1596 555 1648 Indignus
577 1609 756 1638 seruus.

809 1741 1096 1783 FRANCISCUS
1125 1743 1377 1795 COSTERUS,
1402 1744 1762 1787 Mechliniensis.

333 1956 684 2007 Superscrt'ptio
713 1957 773 1997 ‘in
812 1961 984 2009 quarta
1017 1958 1230 2009 pagina:
1278 1959 1552 2001 Reuerendo
1600 1959 1646 1999 in
1693 1959 1880 2000 Christo

255 2026 381 2067 Patri
415 2027 643 2077 Magistro
677 2028 853 2081 Jacobo
888 2028 1100 2080 LayneZ,
1138 2029 1331 2071 Vicario
1374 2024 1594 2072 Generali
1633 2030 1882 2072 Societatis

258 2098 383 2151 Jesu,
406 2098 600 2138 Romae.

334 2169 445 2209 Alsa
474 2181 642 2209 manu:
662 2170 813 2223 Jesus.
843 2170 957 2210 1556.
983 2170 1034 2211 C.
1058 2171 1268 2212 Colonia.
1291 2172 1347 2213 A.
1368 2173 1471 2213 Μ.ΥΟ
1495 2173 1750 2214 Francisco
1769 2173 1882 2215 Cos·

256 2246 355 2280 tero
384 2240 430 2280 13
451 2240 584 2281 X.bris
606 2240 698 2284 R.te
738 2242 784 2281 17
804 2241 1032 2294 Januarii.

336 2311 463 2351 Alia:
485 2311 609 2352 Nihil
629 2312 755 2364 penle
797 2310 1085 2364 [peculia1·e?]

312 2472 321 2491 ¹
361 2472 499 2505 Joannis
515 2472 683 2506 Gropper.

310 2520 322 2539 ἓ
361 2519 536 2546 Gerardus
551 2519 722 2551 (Hamont,
740 2520 1254 2553 Hamontanus)1{a1kbrenner.

310 2568 323 2586 5
361 2567 519 2601 “Mei-ing.
532 2568 584 2594 die
600 2567 711 2594 hohen
725 2567 1009 2601 Wurdentrager,
1025 2576 1103 2602 pag.
1119 2568 1181 2601 65.„
1197 2569 1345 2602 HANSEN,
1363 2570 1383 2596 l.
1399 2577 1439 2602 c.¹
1454 2577 1533 2605 pag.
1548 2570 1608 2603 285.
1625 2574 1739 2599 annot.
1757 2571 1782 2599 1.

310 2615 323 2636 ⁴¹»
363 2614 396 2641 P.
413 2614 610 2643 Leonardus
627 2615 754 2648 Kcsse1,
772 2614 1026 2644 Coloniensibus
1043 2616 1143 2644 sociis
1158 2616 1385 2652 praepositus.
