2020 3342
279 222 351 260 344
788 223 1015 262 LITTERAE
1039 235 1396 268 QUADRIMESTRES

280 320 460 371 integre
489 321 827 363 confessionem
856 323 982 363 fecit.
1006 322 1277 363 Nonnullae
1298 323 1590 364 concubinae
1620 322 1897 364 clerzcorum

280 392 392 432 mihi
414 392 677 444 confessae,
700 394 848 434 vitam
868 393 1087 434 infamem
1108 394 1154 433 in
1176 394 1404 434 castitatis
1418 394 1622 434 studium
1646 400 1897 435 commuta-

280 470 402 503 runt.
425 462 530 503 Non
556 465 693 515 pauci
717 465 959 516 Vtriusque
986 476 1146 514 sexuS,
1170 465 1437 505 enormibus
1460 466 1730 506 criminibus
1758 465 1897 506 obno-

280 535 368 585 xii,
393 534 609 575 horridas
630 536 791 576 sordes
813 536 980 576 animis
998 569 1004 585 ,
1028 536 1334 576 confessionis
1356 537 1565 577 antidoto
1587 548 1615 576 a
1634 548 1708 577 me
1728 537 1896 578 submi-

280 606 499 656 nistrat0‚
525 607 815 658 expulerunt.
836 606 879 646 A
899 606 1128 646 confessis
1154 607 1471 647 restitutiones
1491 607 1614 647 haud
1643 608 1758 648 leuis
1784 619 1898 659 pon-

281 677 404 717 deris
426 683 470 717 et
489 676 641 717 sactae
663 684 769 717 sunt
791 683 834 717 et
856 677 982 717 fiunt.
1007 678 1143 718 Certe
1164 689 1287 717 noua
1308 689 1464 718 rerum
1485 678 1630 719 facies
1662 679 1708 718 in
1736 679 1898 719 multo·

281 759 382 788 rum
400 747 586 788 familiis
613 749 873 799 euangelici
895 749 1138 788 ministerii
1174 749 1413 800 energiam
1436 750 1605 800 arguit.
1635 750 1895 801 Aegrotan-

280 819 394 859 tium
410 819 563 870 aedes‚
583 819 855 860 consolandi
877 831 1004 870 ergo,
1026 819 1285 871 frequento.
1308 820 1603 872 Lachrymae
1625 827 1669 861 et
1696 821 1898 872 suspiria
1928 864 1931 869 ,
1961 833 1971 849 ³

279 891 325 930 in
347 890 717 931 confessionibus
738 897 781 931 et
804 891 1107 931 concionibus
1127 895 1240 931 suut
1251 891 1675 942 frequentissima:
1697 892 1896 942 iurandi,

281 962 518 1013 iurgandi,
538 960 781 1013 Deumque
799 962 845 1002 id
864 973 1013 1013 genus
1033 962 1159 1002 vitiis
1180 961 1458 1013 offendendi,
1478 974 1631 1003 mores
1647 964 1899 1015 corruptis-

279 1033 403 1081 simi,
425 1033 682 1073 abolentur:
701 1033 805 1084 piae
822 1033 1181 1073 consuetudines
1198 1034 1371 1073 sensim
1388 1033 1684 1084 inuehuntur,
1704 1034 1898 1075 dissidia

279 1103 571 1154 dirimuntur,
602 1115 743 1155 paces
777 1104 1100 1144 conciliantur.
1120 1103 1399 1144 Benedictus
1416 1104 1543 1145 Deus
1558 1117 1642 1156 pro
1659 1105 1897 1146 immensis

279 1186 333 1214 ac
351 1175 605 1214 innumeris
627 1174 863 1215 beneficiis
884 1175 994 1215 suis.

364 1245 695 1296 Collegialmm
726 1246 978 1286 aduentum
1008 1246 1168 1286 diebus
1199 1247 1394 1298 singulis
1422 1248 1789 1298 praestolamur,
1823 1248 1898 1288 cui

278 1317 443 1357 domus
472 1317 628 1357 Vicina
659 1324 969 1369 praeparatur
999 1318 1044 1358 in
1079 1318 1429 1369 habitationem,
1467 1318 1615 1359 donec
1650 1319 1897 1371 collegium

277 1388 412 1428 nobis
434 1394 641 1428 erectum
661 1389 720 1428 sit
742 1389 799 1428 ab
820 1389 1068 1440 Episcopo.

356 1459 496 1510 Vale,
521 1459 659 1500 Pater
681 1459 1128 1511 obseruandissime,
1153 1461 1301 1501 nostri
1321 1472 1498 1501 memor
1518 1462 1565 1502 in
1586 1461 1828 1503 sacrificiis
1849 1468 1894 1504 et

276 1524 578 1571 orationibus.

355 1601 736 1653 Antepenultimo
758 1603 870 1643 Maii
895 1602 1008 1643 1556.
1034 1604 1234 1654 Biliomi,
1257 1604 1303 1644 in
1325 1603 1574 1645 Aruernia.

539 1673 622 1712 Ex
636 1674 936 1725 praescripto
958 1674 1007 1714 P.
1032 1674 1308 1727 Hieronymi
1330 1675 1494 1716 Bassii.

619 1744 741 1784 Rdae
768 1744 816 1786 P.
841 1745 969 1785 Tuae
990 1746 1209 1797 indignus
1229 1746 1364 1797 filius,

1070 1888 1314 1930 ROBERTUS
1337 1890 1669 1932 CLAYSSONIUS.
