2020 3342
871 244 955 281 AN.
985 242 1076 280 1556
1715 241 1789 277 507

157 342 312 391 tendo,
337 342 671 381 humanitatem
693 341 737 380 in
756 339 1066 390 admonendo,
1085 337 1321 386 laudabat,
1341 343 1401 386 et,
1416 336 1621 376 maximo
1640 347 1779 375 onere

155 412 380 462 deposito,
403 423 452 451 se
474 411 687 451 foelicem
708 412 985 461 beatumque
1008 408 1326 461 profitebatur.
1351 406 1527 447 Nobilis
1555 406 1784 457 quaedam

156 483 358 522 hebraea
379 489 424 521 et
445 482 810 533 opulentissima,
835 489 1028 532 accepto
1051 480 1122 520 his
1143 479 1303 519 diebus
1325 489 1460 517 sacro
1488 476 1781 528 baptismate,

157 553 330 592 nostris
351 551 564 592 Patribus
592 551 805 592 confessa
828 559 912 601 est;
936 562 1054 602 quae
1077 561 1189 590 sane
1217 561 1291 589 res
1319 559 1412 588 non
1434 559 1630 599 paruam
1657 547 1702 586 in
1726 547 1789 586 ci-

158 624 285 664 uium
306 623 677 663 Ferrariensium
703 623 870 662 animis
892 622 947 661 de
976 621 1109 661 nobis
1138 619 1514 671 expectationem
1542 618 1784 668 ingenera-

159 694 241 734 uit:
264 700 468 745 praestet
502 693 733 732 Dominus
767 700 816 732 ut
847 692 889 731 ei
925 704 1007 743 pro
1040 691 1160 731 uirili
1198 690 1580 741 respondeamus.
1618 687 1785 728 Frater

159 764 371 816 quidam,
408 764 477 803 ira
511 770 556 803 et
585 763 742 803 furore
777 763 1058 812 concitatus,
1098 761 1286 801 omnino
1323 771 1533 800 sororem
1568 759 1784 799 occidere

160 835 430 885 destinarat,
455 847 482 874 a
508 833 644 874 Patre
665 839 824 873 nostro
847 833 944 872 eius
967 833 1165 883 impetus
1192 842 1456 882 repressus,
1489 841 1594 870 cum
1623 841 1785 869 sorore

160 907 206 946 in
227 905 483 945 amicitiam
503 905 654 944 rediit.

237 976 354 1017 Cum
374 976 519 1016 frater
541 987 598 1016 ex
619 975 791 1015 nostris
812 976 1085 1015 concionem
1108 975 1316 1023 haberet,
1349 972 1539 1024 quidam
1570 971 1786 1012 concubi-

161 1048 334 1097 narius,
373 1048 531 1087 dolore
561 1052 860 1098 peccatorum
897 1052 1217 1097 compunctus,
1257 1045 1497 1084 confessus
1523 1050 1591 1083 est
1614 1043 1786 1082 nostris

163 1119 385 1169 patribus,
411 1118 488 1169 qui
509 1118 652 1157 multa
673 1117 764 1157 alia
781 1118 973 1157 uulnera
990 1128 1084 1155 non
1099 1116 1291 1155 minoris
1308 1114 1502 1166 periculi
1518 1113 1707 1164 detexit,
1728 1113 1787 1152 ad

161 1190 494 1239 melioremque
514 1188 697 1239 frugem
719 1199 768 1228 se
788 1187 976 1238 recepit.
1003 1187 1076 1227 Ab
1098 1186 1353 1236 eodemque
1383 1185 1527 1225 fratre
1554 1184 1785 1224 hebraeus

164 1260 352 1312 quidam
387 1260 445 1299 ad
478 1259 784 1299 christianam
817 1258 953 1298 fidem
991 1268 1219 1297 accensus
1246 1263 1330 1306 est,
1370 1256 1447 1307 qui
1475 1255 1685 1306 apprime
1712 1254 1786 1294 he-

164 1331 331 1371 braeas
348 1330 609 1381 latinasque
624 1330 783 1369 literas
801 1330 951 1378 callet;
972 1329 1036 1379 (ut
1054 1328 1313 1379 speramus)
1332 1335 1539 1366 nostram
1559 1326 1787 1377 ingredie-

165 1408 238 1441 tur
257 1400 553 1450 Societatem,
585 1412 690 1441 cum
723 1400 974 1452 praecipue
1003 1406 1189 1439 nostros
1220 1399 1520 1438 uehementer
1541 1397 1719 1448 diligat,
1743 1403 1787 1436 et

165 1473 366 1524 saepius,
391 1473 447 1512 de
469 1472 692 1511 institutis
720 1471 985 1522 regulisque
1014 1471 1187 1510 nostris
1216 1470 1543 1519 collocuturus,
1575 1480 1659 1508 nos
1682 1480 1787 1508 con—

166 1544 339 1583 ueniat.
468 1588 473 1593 .

248 1614 381 1654 Alter
402 1614 547 1654 frater
574 1614 645 1654 his
668 1614 829 1654 diebus
851 1613 1116 1665 praeteritis
1139 1612 1461 1652 meretricibus
1482 1609 1785 1662 praedicauit,

167 1698 285 1737 quae
306 1686 511 1725 maxima
532 1685 787 1725 attentione
807 1685 934 1725 illum
956 1684 1219 1724 audiebant.
1244 1683 1357 1735 Quis
1382 1684 1536 1723 ualeat
1565 1686 1794 1733 quantum-

168 1757 368 1797 fuderint
400 1756 733 1796 lachrimarum
760 1755 953 1796 referre?
985 1757 1062 1806 qui
1093 1757 1308 1806 planctus
1335 1754 1482 1794 auditi
1511 1754 1602 1793 sint
1633 1763 1788 1792 recen-

167 1828 289 1868 sere?
305 1828 464 1879 Itaque
485 1827 709 1867 tredecim
730 1827 923 1867 firmiter
946 1834 1209 1867 statuerunt
1230 1826 1376 1866 uitam
1397 1825 1705 1876 deprauatam
1726 1823 1789 1862 in-

169 1900 500 1951 quinatamque
516 1898 706 1949 flagitiis
724 1898 1000 1949 relinquere,
1015 1905 1060 1938 et
1075 1898 1173 1937 Deo
1191 1897 1446 1937 adhaerere
1463 1895 1791 1945 Christumque

171 1971 235 2020 (ut
252 1970 399 2021 inquit
415 1969 685 2021 Apostolus)
703 1969 895 2009 induere
912 1974 1269 2020 proposuerunt.
1292 1968 1416 2008 Idem
1433 1966 1636 2020 quadam
1652 1965 1792 2005 etiam

171 2041 244 2081 die
266 2041 310 2080 in
331 2040 624 2080 xenodochio
646 2040 863 2092 quodam,
894 2041 1047 2091 amplo
1077 2040 1206 2089 satis,
1242 2039 1547 2087 concionatus
1577 2043 1661 2084 est,
1693 2047 1790 2087 per-

171 2112 409 2163 suasitque
432 2112 657 2160 curatori,
686 2119 734 2151 ut
766 2112 963 2162 singulis
993 2110 1377 2160 hebdomadibus,
1412 2109 1605 2149 infirmis
1626 2108 1803 2148 doctri-⁷

171 2194 278 2222 nam
301 2183 608 2223 christianam
632 2184 941 2233 praelegeret:
965 2182 1087 2233 quod
1117 2194 1165 2222 se
1192 2183 1424 2222 facturum
1446 2179 1672 2232 promisit,
1702 2179 1789 2219 ius-

173 2254 322 2305 sitque
344 2261 393 2293 ut
414 2254 485 2293 bis
507 2254 554 2305 in·
575 2253 869 2293 hebdomada
898 2254 1087 2293 litaniae
1114 2254 1316 2293 maiores
1339 2254 1716 2301 decantati-emtum
1741 2262 1795 2290 ac

174 2325 329 2376 palam
349 2324 544 2364 infirmis
566 2324 695 2373 dixit,
720 2331 767 2364 ut
790 2325 868 2376 qui
890 2326 1059 2365 uellent
1076 2325 1122 2364 in
1144 2324 1434 2364 xenodochio
1456 2334 1714 2369 remanere,
1739 2321 1807 2361 adr

175 2395 484 2436 confessionis
505 2403 852 2435 sacramentum
873 2407 975 2436 sese
993 2401 1344 2447 praepararent.

254 2466 375 2505 Hinc
397 2466 538 2506 etiam
564 2466 763 2506 fratrum
790 2467 996 2507 charitas
1025 2473 1165 2518 patet,
1199 2466 1322 2518 quod
1345 2477 1451 2506 cum
1473 2471 1658 2513 exeunt,
1682 2464 1798 2504 blas-

176 2537 450 2588 phemantes
492 2537 636 2588 (quod
676 2549 788 2577 sane
826 2545 1072 2589 peccatum
1106 2539 1309 2577 maxime
1347 2537 1474 2576 hisce
1509 2537 1554 2576 in
1590 2535 1798 2587 partibus

177 2607 318 2658 uiget)
340 2607 598 2658 increpant;
622 2620 717 2657 eos,
741 2608 818 2660 qui
849 2610 1009 2659 legunt
1035 2609 1177 2649 libros
1198 2620 1291 2648 non
1316 2609 1432 2648 satis
1459 2608 1695 2656 honestos,
1720 2612 1800 2646 aut

176 2678 234 2718 ad
263 2678 535 2729 religionem
570 2679 872 2719 christianam
907 2691 1000 2719 non
1034 2680 1344 2731 pertinentes,
1382 2678 1638 2729 corrigunt;
1676 2676 1799 2728 quod

177 2760 314 2799 quam
350 2749 579 2799 patienter
614 2748 780 2799 ferant,
810 2750 946 2790 unius
982 2751 1194 2801 exemplo
1229 2749 1482 2790 coniectari
1518 2756 1689 2800 potest,
1723 2748 1800 2798 qui

177 2820 350 2868 statim,
375 2819 642 2859 admonitus
677 2833 703 2859 a
723 2820 882 2870 fratre,
918 2821 1087 2860 librum
1114 2821 1159 2860 in
1180 2828 1355 2860 terram
1385 2820 1593 2871 proiecit,
1617 2830 1709 2858 non
1732 2819 1800 2857 ira

176 2896 340 2929 contra
361 2889 555 2930 fratrem
576 2897 851 2941 commotus,
876 2891 957 2931 sed
978 2891 1163 2931 diuinae
1179 2891 1358 2942 gloriae
1376 2902 1535 2930 amore
1552 2889 1794 2929 adductus.

180 2959 298 2999 Nam
320 2968 483 3011 postea
504 2960 639 3000 fratri
660 2972 864 3001 summas
885 2961 979 3012 egit
998 2962 1192 3012 gratias.

261 3029 355 3070 Nec
381 3030 492 3084 illud
526 3031 989 3082 praetermittendum
1024 3044 1125 3072 esse
1159 3032 1283 3081 duxi,
1321 3031 1443 3083 quod
1474 3043 1578 3071 cum
1611 3031 1806 3082 quidam
