<?xml version="1.0" encoding="UTF-8"?>
<!DOCTYPE html PUBLIC "-//W3C//DTD XHTML 1.0 Transitional//EN"
    "http://www.w3.org/TR/xhtml1/DTD/xhtml1-transitional.dtd">
<html xmlns="http://www.w3.org/1999/xhtml" xml:lang="en" lang="en">
 <head>
  <title>
</title>
<meta http-equiv="Content-Type" content="text/html;charset=utf-8" />
  <meta name='ocr-system' content='tesseract 3.04.00' />
  <meta name='ocr-capabilities' content='ocr_page ocr_carea ocr_par ocr_line ocrx_word'/>
</head>
<body>
  <div class='ocr_page' id='page_1' title='image "./litteraequadrime16lain_0483.png"; bbox 0 0 2020 3342; ppageno 0'>
   <div class='ocr_carea' id='block_1_1' title="bbox 835 251 1792 291">
    <p class='ocr_par' dir='ltr' id='par_1_1' title="bbox 835 251 1792 291">
     <span class='ocr_line' id='line_1_1' title="bbox 835 251 1792 291; baseline -0.003 -1"><span class='ocrx_word' id='word_1_1' title='bbox 835 255 917 290; x_wconf 75' lang='grc' dir='ltr'>ΑΝ.</span> <span class='ocrx_word' id='word_1_2' title='bbox 950 252 1040 291; x_wconf 79' lang='lat'>1556</span> <span class='ocrx_word' id='word_1_3' title='bbox 1677 251 1754 288; x_wconf 49' lang='lat'>477*</span> <span class='ocrx_word' id='word_1_4' title='bbox 1787 279 1792 281; x_wconf 89' lang='lat'>-</span> 
     </span>
    </p>
   </div>
   <div class='ocr_carea' id='block_1_2' title="bbox 83 347 1764 3092">
    <p class='ocr_par' dir='ltr' id='par_1_2' title="bbox 119 347 1761 2102">
     <span class='ocr_line' id='line_1_2' title="bbox 124 347 1748 402; baseline -0.003 -11"><span class='ocrx_word' id='word_1_5' title='bbox 124 357 295 402; x_wconf 82' lang='lat' dir='ltr'>menta,</span> <span class='ocrx_word' id='word_1_6' title='bbox 327 351 493 402; x_wconf 90' lang='lat' dir='ltr'>quibus</span> <span class='ocrx_word' id='word_1_7' title='bbox 520 350 644 389; x_wconf 92' lang='lat' dir='ltr'>domi</span> <span class='ocrx_word' id='word_1_8' title='bbox 680 350 899 401; x_wconf 89' lang='lat' dir='ltr'>priuatim</span> <span class='ocrx_word' id='word_1_9' title='bbox 919 350 1126 389; x_wconf 88' lang='lat' dir='ltr'>animum</span> <span class='ocrx_word' id='word_1_10' title='bbox 1156 348 1397 397; x_wconf 83' lang='lat' dir='ltr'>excolunt,</span> <span class='ocrx_word' id='word_1_11' title='bbox 1435 353 1479 386; x_wconf 90' lang='lat' dir='ltr'>et</span> <span class='ocrx_word' id='word_1_12' title='bbox 1514 347 1599 386; x_wconf 84' lang='lat' dir='ltr'>sibi</span> <span class='ocrx_word' id='word_1_13' title='bbox 1634 348 1748 397; x_wconf 86' lang='lat' dir='ltr'>ipsis</span> 
     </span>
     <span class='ocr_line' id='line_1_3' title="bbox 125 417 1747 473; baseline -0.004 -11"><span class='ocrx_word' id='word_1_14' title='bbox 125 433 418 473; x_wconf 78' lang='lat' dir='ltr'>summopere</span> <span class='ocrx_word' id='word_1_15' title='bbox 446 420 709 469; x_wconf 85' lang='lat' dir='ltr'>conferunt,</span> <span class='ocrx_word' id='word_1_16' title='bbox 740 428 783 459; x_wconf 86' lang='lat' dir='ltr'>et</span> <span class='ocrx_word' id='word_1_17' title='bbox 818 420 934 459; x_wconf 87' lang='lat' dir='ltr'>alios</span> <span class='ocrx_word' id='word_1_18' title='bbox 969 419 1028 459; x_wconf 88' lang='lat' dir='ltr'>ad</span> <span class='ocrx_word' id='word_1_19' title='bbox 1056 418 1263 459; x_wconf 87' lang='lat' dir='ltr'>diuinum</span> <span class='ocrx_word' id='word_1_20' title='bbox 1291 418 1465 457; x_wconf 86' lang='lat' dir='ltr'>cultum</span> <span class='ocrx_word' id='word_1_21' title='bbox 1492 417 1747 457; x_wconf 80' lang='lat' dir='ltr'>studiosius</span> 
     </span>
     <span class='ocr_line' id='line_1_4' title="bbox 125 487 1748 544; baseline -0.003 -11"><span class='ocrx_word' id='word_1_22' title='bbox 125 492 497 544; x_wconf 81' lang='lat' dir='ltr'>amplectendum</span> <span class='ocrx_word' id='word_1_23' title='bbox 519 491 740 538; x_wconf 87' lang='lat' dir='ltr'>alliciunt,</span> <span class='ocrx_word' id='word_1_24' title='bbox 764 497 813 530; x_wconf 93' lang='lat' dir='ltr'>ut</span> <span class='ocrx_word' id='word_1_25' title='bbox 834 490 1054 540; x_wconf 88' lang='lat' dir='ltr'>uestigia,</span> <span class='ocrx_word' id='word_1_26' title='bbox 1079 489 1244 540; x_wconf 89' lang='lat' dir='ltr'>quibus</span> <span class='ocrx_word' id='word_1_27' title='bbox 1275 487 1492 540; x_wconf 86' lang='lat' dir='ltr'>Apostoli</span> <span class='ocrx_word' id='word_1_28' title='bbox 1520 488 1748 539; x_wconf 82' lang='lat' dir='ltr'>imprimis</span> 
     </span>
     <span class='ocr_line' id='line_1_5' title="bbox 125 559 1748 613; baseline -0.004 -9"><span class='ocrx_word' id='word_1_29' title='bbox 125 564 309 604; x_wconf 78' lang='lat' dir='ltr'>fuerunt</span> <span class='ocrx_word' id='word_1_30' title='bbox 330 562 544 613; x_wconf 89' lang='lat' dir='ltr'>ingressi,</span> <span class='ocrx_word' id='word_1_31' title='bbox 570 574 595 601; x_wconf 90' lang='lat' dir='ltr'>a</span> <span class='ocrx_word' id='word_1_32' title='bbox 617 560 801 601; x_wconf 85' lang='lat' dir='ltr'>Christo</span> <span class='ocrx_word' id='word_1_33' title='bbox 823 565 1188 600; x_wconf 87' lang='lat' dir='ltr'>commonstrata</span> <span class='ocrx_word' id='word_1_34' title='bbox 1209 566 1478 610; x_wconf 82' lang='lat' dir='ltr'>sequantur,</span> <span class='ocrx_word' id='word_1_35' title='bbox 1503 559 1591 598; x_wconf 90' lang='lat' dir='ltr'>hoc</span> <span class='ocrx_word' id='word_1_36' title='bbox 1608 563 1748 610; x_wconf 87' lang='lat' dir='ltr'>pacto</span> 
     </span>
     <span class='ocr_line' id='line_1_6' title="bbox 126 630 1748 681; baseline -0.004 -7"><span class='ocrx_word' id='word_1_37' title='bbox 126 639 322 674; x_wconf 86' lang='lat' dir='ltr'>conatus</span> <span class='ocrx_word' id='word_1_38' title='bbox 343 644 452 672; x_wconf 88' lang='lat' dir='ltr'>suos</span> <span class='ocrx_word' id='word_1_39' title='bbox 474 643 634 672; x_wconf 90' lang='lat' dir='ltr'>omnes</span> <span class='ocrx_word' id='word_1_40' title='bbox 656 632 744 671; x_wconf 90' lang='lat' dir='ltr'>huc</span> <span class='ocrx_word' id='word_1_41' title='bbox 762 642 945 681; x_wconf 90' lang='lat' dir='ltr'>semper</span> <span class='ocrx_word' id='word_1_42' title='bbox 961 630 1261 670; x_wconf 89' lang='lat' dir='ltr'>destinandos</span> <span class='ocrx_word' id='word_1_43' title='bbox 1280 630 1636 678; x_wconf 90' lang='lat' dir='ltr'>constituerunt,</span> <span class='ocrx_word' id='word_1_44' title='bbox 1654 640 1748 669; x_wconf 91' lang='lat' dir='ltr'>non</span> 
     </span>
     <span class='ocr_line' id='line_1_7' title="bbox 126 700 1748 753; baseline -0.004 -7"><span class='ocrx_word' id='word_1_45' title='bbox 126 713 175 746; x_wconf 93' lang='lat' dir='ltr'>ut</span> <span class='ocrx_word' id='word_1_46' title='bbox 198 711 377 745; x_wconf 87' lang='lat' dir='ltr'>tantum</span> <span class='ocrx_word' id='word_1_47' title='bbox 399 716 483 744; x_wconf 88' lang='lat' dir='ltr'>sua</span> <span class='ocrx_word' id='word_1_48' title='bbox 505 702 749 743; x_wconf 87' lang='lat' dir='ltr'>commoda</span> <span class='ocrx_word' id='word_1_49' title='bbox 771 702 1045 753; x_wconf 76' lang='lat' dir='ltr'>respiciant,</span> <span class='ocrx_word' id='word_1_50' title='bbox 1071 701 1151 741; x_wconf 91' lang='lat' dir='ltr'>sed</span> <span class='ocrx_word' id='word_1_51' title='bbox 1174 701 1239 741; x_wconf 91' lang='lat' dir='ltr'>uti</span> <span class='ocrx_word' id='word_1_52' title='bbox 1261 701 1367 740; x_wconf 90' lang='lat' dir='ltr'>huic</span> <span class='ocrx_word' id='word_1_53' title='bbox 1397 700 1577 740; x_wconf 86' lang='lat' dir='ltr'>ciuitati</span> <span class='ocrx_word' id='word_1_54' title='bbox 1605 701 1748 741; x_wconf 91' lang='lat' dir='ltr'>omni-</span> 
     </span>
     <span class='ocr_line' id='line_1_8' title="bbox 124 771 1747 828; baseline -0.004 -11"><span class='ocrx_word' id='word_1_55' title='bbox 124 777 301 828; x_wconf 85' lang='lat' dir='ltr'>busque</span> <span class='ocrx_word' id='word_1_56' title='bbox 323 775 444 815; x_wconf 88' lang='lat' dir='ltr'>illius</span> <span class='ocrx_word' id='word_1_57' title='bbox 465 774 643 814; x_wconf 87' lang='lat' dir='ltr'>ciuibus</span> <span class='ocrx_word' id='word_1_58' title='bbox 664 773 913 825; x_wconf 87' lang='lat' dir='ltr'>plurimum</span> <span class='ocrx_word' id='word_1_59' title='bbox 935 772 1222 823; x_wconf 73' lang='lat' dir='ltr'>prodessent,</span> <span class='ocrx_word' id='word_1_60' title='bbox 1245 771 1290 811; x_wconf 90' lang='lat' dir='ltr'>id</span> <span class='ocrx_word' id='word_1_61' title='bbox 1312 771 1436 823; x_wconf 91' lang='lat' dir='ltr'>quod</span> <span class='ocrx_word' id='word_1_62' title='bbox 1458 772 1657 823; x_wconf 90' lang='lat' dir='ltr'>populus</span> <span class='ocrx_word' id='word_1_63' title='bbox 1673 771 1747 811; x_wconf 91' lang='lat' dir='ltr'>hic</span> 
     </span>
     <span class='ocr_line' id='line_1_9' title="bbox 125 841 1757 896; baseline -0.004 -9"><span class='ocrx_word' id='word_1_64' title='bbox 125 847 404 896; x_wconf 85' lang='lat' dir='ltr'>valentinus,</span> <span class='ocrx_word' id='word_1_65' title='bbox 424 846 515 886; x_wconf 89' lang='lat' dir='ltr'>iarn</span> <span class='ocrx_word' id='word_1_66' title='bbox 532 844 704 896; x_wconf 79' lang='lat' dir='ltr'>alioqui</span> <span class='ocrx_word' id='word_1_67' title='bbox 725 843 783 883; x_wconf 86' lang='lat' dir='ltr'>ad</span> <span class='ocrx_word' id='word_1_68' title='bbox 806 844 1027 895; x_wconf 88' lang='lat' dir='ltr'>pietatem</span> <span class='ocrx_word' id='word_1_69' title='bbox 1049 850 1201 891; x_wconf 85' lang='lat' dir='ltr'>natus,</span> <span class='ocrx_word' id='word_1_70' title='bbox 1227 843 1439 882; x_wconf 85' lang='lat' dir='ltr'>intimum</span> <span class='ocrx_word' id='word_1_71' title='bbox 1460 848 1651 882; x_wconf 86' lang='lat' dir='ltr'>nostrae</span> <span class='ocrx_word' id='word_1_72' title='bbox 1670 841 1757 883; x_wconf 84' lang='lat' dir='ltr'>So·-</span> 
     </span>
     <span class='ocr_line' id='line_1_10' title="bbox 125 912 1751 966; baseline -0.004 -8"><span class='ocrx_word' id='word_1_73' title='bbox 125 918 308 959; x_wconf 89' lang='lat' dir='ltr'>cietatis</span> <span class='ocrx_word' id='word_1_74' title='bbox 329 917 543 957; x_wconf 87' lang='lat' dir='ltr'>affectum</span> <span class='ocrx_word' id='word_1_75' title='bbox 567 926 872 966; x_wconf 87' lang='lat' dir='ltr'>cognoscens,</span> <span class='ocrx_word' id='word_1_76' title='bbox 897 914 1155 963; x_wconf 80' lang='lat' dir='ltr'>subolfecit3</span> <span class='ocrx_word' id='word_1_77' title='bbox 1179 925 1288 953; x_wconf 88' lang='lat' dir='ltr'>narn</span> <span class='ocrx_word' id='word_1_78' title='bbox 1315 912 1552 953; x_wconf 88' lang='lat' dir='ltr'>confluunt</span> <span class='ocrx_word' id='word_1_79' title='bbox 1581 913 1670 952; x_wconf 89' lang='lat' dir='ltr'>huc</span> <span class='ocrx_word' id='word_1_80' title='bbox 1702 913 1751 953; x_wconf 82' lang='lat' dir='ltr'>in</span> 
     </span>
     <span class='ocr_line' id='line_1_11' title="bbox 126 984 1748 1036; baseline -0.004 -7"><span class='ocrx_word' id='word_1_81' title='bbox 126 990 246 1030; x_wconf 88' lang='lat' dir='ltr'>hanc</span> <span class='ocrx_word' id='word_1_82' title='bbox 267 993 476 1028; x_wconf 87' lang='lat' dir='ltr'>nostram</span> <span class='ocrx_word' id='word_1_83' title='bbox 499 986 660 1026; x_wconf 91' lang='lat' dir='ltr'>aedem</span> <span class='ocrx_word' id='word_1_84' title='bbox 687 985 891 1036; x_wconf 87' lang='lat' dir='ltr'>undique</span> <span class='ocrx_word' id='word_1_85' title='bbox 921 997 979 1024; x_wconf 83' lang='lat' dir='ltr'>ex</span> <span class='ocrx_word' id='word_1_86' title='bbox 1007 984 1257 1024; x_wconf 84' lang='lat' dir='ltr'>valentinis</span> <span class='ocrx_word' id='word_1_87' title='bbox 1285 996 1376 1023; x_wconf 88' lang='lat' dir='ltr'>non</span> <span class='ocrx_word' id='word_1_88' title='bbox 1406 995 1572 1035; x_wconf 88' lang='lat' dir='ltr'>parum</span> <span class='ocrx_word' id='word_1_89' title='bbox 1601 984 1748 1034; x_wconf 84' lang='lat' dir='ltr'>multi,</span> 
     </span>
     <span class='ocr_line' id='line_1_12' title="bbox 126 1054 1751 1111; baseline -0.004 -11"><span class='ocrx_word' id='word_1_90' title='bbox 126 1059 259 1111; x_wconf 93' lang='lat' dir='ltr'>quasi</span> <span class='ocrx_word' id='word_1_91' title='bbox 279 1059 325 1098; x_wconf 92' lang='lat' dir='ltr'>in</span> <span class='ocrx_word' id='word_1_92' title='bbox 348 1058 501 1110; x_wconf 87' lang='lat' dir='ltr'>opima</span> <span class='ocrx_word' id='word_1_93' title='bbox 527 1069 699 1108; x_wconf 89' lang='lat' dir='ltr'>pascua</span> <span class='ocrx_word' id='word_1_94' title='bbox 722 1055 929 1105; x_wconf 88' lang='lat' dir='ltr'>deducti,</span> <span class='ocrx_word' id='word_1_95' title='bbox 955 1062 1049 1095; x_wconf 87' lang='lat' dir='ltr'>tam</span> <span class='ocrx_word' id='word_1_96' title='bbox 1073 1062 1121 1095; x_wconf 86' lang='lat' dir='ltr'>ut</span> <span class='ocrx_word' id='word_1_97' title='bbox 1148 1067 1284 1095; x_wconf 85' lang='lat' dir='ltr'>sacro</span> <span class='ocrx_word' id='word_1_98' title='bbox 1308 1054 1585 1094; x_wconf 80' lang='lat' dir='ltr'>concionum</span> <span class='ocrx_word' id='word_1_99' title='bbox 1608 1054 1751 1105; x_wconf 87' lang='lat' dir='ltr'>agmi-</span> 
     </span>
     <span class='ocr_line' id='line_1_13' title="bbox 127 1125 1757 1182; baseline -0.004 -11"><span class='ocrx_word' id='word_1_100' title='bbox 127 1143 203 1181; x_wconf 88' lang='lat' dir='ltr'>ne,</span> <span class='ocrx_word' id='word_1_101' title='bbox 241 1141 379 1182; x_wconf 89' lang='lat' dir='ltr'>quam</span> <span class='ocrx_word' id='word_1_102' title='bbox 415 1129 541 1169; x_wconf 86' lang='lat' dir='ltr'>uitae</span> <span class='ocrx_word' id='word_1_103' title='bbox 582 1128 788 1167; x_wconf 88' lang='lat' dir='ltr'>omnium</span> <span class='ocrx_word' id='word_1_104' title='bbox 828 1127 1169 1178; x_wconf 82' lang='lat' dir='ltr'>spectatissimo</span> <span class='ocrx_word' id='word_1_105' title='bbox 1210 1127 1424 1176; x_wconf 80' lang='lat' dir='ltr'>exemplo</span> <span class='ocrx_word' id='word_1_106' title='bbox 1466 1125 1757 1177; x_wconf 77' lang='lat' dir='ltr'>amplissime-</span> 
     </span>
     <span class='ocr_line' id='line_1_14' title="bbox 128 1196 1749 1253; baseline -0.004 -11"><span class='ocrx_word' id='word_1_107' title='bbox 128 1207 401 1253; x_wconf 86' lang='lat' dir='ltr'>pascantur,</span> <span class='ocrx_word' id='word_1_108' title='bbox 426 1207 471 1240; x_wconf 90' lang='lat' dir='ltr'>et</span> <span class='ocrx_word' id='word_1_109' title='bbox 491 1205 677 1239; x_wconf 83' lang='lat' dir='ltr'>nostros</span> <span class='ocrx_word' id='word_1_110' title='bbox 697 1197 870 1249; x_wconf 87' lang='lat' dir='ltr'>passim</span> <span class='ocrx_word' id='word_1_111' title='bbox 893 1208 1052 1237; x_wconf 90' lang='lat' dir='ltr'>omnes</span> <span class='ocrx_word' id='word_1_112' title='bbox 1074 1197 1199 1236; x_wconf 90' lang='lat' dir='ltr'>domi</span> <span class='ocrx_word' id='word_1_113' title='bbox 1228 1196 1301 1237; x_wconf 84' lang='lat' dir='ltr'>vel</span> <span class='ocrx_word' id='word_1_114' title='bbox 1332 1196 1446 1236; x_wconf 88' lang='lat' dir='ltr'>foris</span> <span class='ocrx_word' id='word_1_115' title='bbox 1468 1196 1749 1236; x_wconf 87' lang='lat' dir='ltr'>concionan-</span> 
     </span>
     <span class='ocr_line' id='line_1_15' title="bbox 125 1266 1749 1323; baseline -0.004 -11"><span class='ocrx_word' id='word_1_116' title='bbox 125 1280 210 1320; x_wconf 86' lang='lat' dir='ltr'>tes,</span> <span class='ocrx_word' id='word_1_117' title='bbox 233 1271 460 1323; x_wconf 89' lang='lat' dir='ltr'>imprimis</span> <span class='ocrx_word' id='word_1_118' title='bbox 482 1278 652 1316; x_wconf 84' lang='lat' dir='ltr'>tamen,</span> <span class='ocrx_word' id='word_1_119' title='bbox 676 1269 800 1320; x_wconf 89' lang='lat' dir='ltr'>quod</span> <span class='ocrx_word' id='word_1_120' title='bbox 821 1280 913 1308; x_wconf 92' lang='lat' dir='ltr'>non</span> <span class='ocrx_word' id='word_1_121' title='bbox 936 1275 1005 1308; x_wconf 86' lang='lat' dir='ltr'>est</span> <span class='ocrx_word' id='word_1_122' title='bbox 1032 1268 1213 1307; x_wconf 90' lang='lat' dir='ltr'>silentio</span> <span class='ocrx_word' id='word_1_123' title='bbox 1236 1267 1642 1318; x_wconf 85' lang='lat' dir='ltr'>praetereundum,</span> <span class='ocrx_word' id='word_1_124' title='bbox 1669 1266 1749 1306; x_wconf 85' lang='lat' dir='ltr'>Pa-</span> 
     </span>
     <span class='ocr_line' id='line_1_16' title="bbox 127 1338 1752 1391; baseline -0.003 -8"><span class='ocrx_word' id='word_1_125' title='bbox 127 1350 244 1383; x_wconf 91' lang='lat' dir='ltr'>trem</span> <span class='ocrx_word' id='word_1_126' title='bbox 274 1342 504 1391; x_wconf 86' lang='lat' dir='ltr'>Ramirez,</span> <span class='ocrx_word' id='word_1_127' title='bbox 536 1341 823 1391; x_wconf 89' lang='lat' dir='ltr'>theologum,</span> <span class='ocrx_word' id='word_1_128' title='bbox 853 1340 930 1391; x_wconf 92' lang='lat' dir='ltr'>pio</span> <span class='ocrx_word' id='word_1_129' title='bbox 958 1339 1162 1390; x_wconf 88' lang='lat' dir='ltr'>quodam</span> <span class='ocrx_word' id='word_1_130' title='bbox 1191 1338 1333 1378; x_wconf 87' lang='lat' dir='ltr'>animi</span> <span class='ocrx_word' id='word_1_131' title='bbox 1360 1338 1544 1378; x_wconf 86' lang='lat' dir='ltr'>feruore</span> <span class='ocrx_word' id='word_1_132' title='bbox 1572 1344 1752 1378; x_wconf 89' lang='lat' dir='ltr'>sectan-</span> 
     </span>
     <span class='ocr_line' id='line_1_17' title="bbox 126 1408 1751 1465; baseline -0.004 -11"><span class='ocrx_word' id='word_1_133' title='bbox 126 1421 216 1464; x_wconf 88' lang='lat' dir='ltr'>tur,</span> <span class='ocrx_word' id='word_1_134' title='bbox 239 1413 317 1465; x_wconf 91' lang='lat' dir='ltr'>qui</span> <span class='ocrx_word' id='word_1_135' title='bbox 338 1424 486 1464; x_wconf 87' lang='lat' dir='ltr'>nuper</span> <span class='ocrx_word' id='word_1_136' title='bbox 511 1411 664 1451; x_wconf 85' lang='lat' dir='ltr'>Patris</span> <span class='ocrx_word' id='word_1_137' title='bbox 686 1409 929 1450; x_wconf 87' lang='lat' dir='ltr'>Francisci</span> <span class='ocrx_word' id='word_1_138' title='bbox 950 1409 1097 1458; x_wconf 84' lang='lat' dir='ltr'>iussu,</span> <span class='ocrx_word' id='word_1_139' title='bbox 1128 1420 1219 1448; x_wconf 89' lang='lat' dir='ltr'>non</span> <span class='ocrx_word' id='word_1_140' title='bbox 1251 1408 1350 1448; x_wconf 91' lang='lat' dir='ltr'>sine</span> <span class='ocrx_word' id='word_1_141' title='bbox 1380 1408 1516 1458; x_wconf 85' lang='lat' dir='ltr'>graui</span> <span class='ocrx_word' id='word_1_142' title='bbox 1546 1408 1751 1448; x_wconf 88' lang='lat' dir='ltr'>omnium</span> 
     </span>
     <span class='ocr_line' id='line_1_18' title="bbox 127 1479 1751 1533; baseline -0.005 -8"><span class='ocrx_word' id='word_1_143' title='bbox 127 1485 301 1533; x_wconf 91' lang='lat' dir='ltr'>dolore,</span> <span class='ocrx_word' id='word_1_144' title='bbox 325 1483 753 1533; x_wconf 81' lang='lat' dir='ltr'>Caesaraugustam</span> <span class='ocrx_word' id='word_1_145' title='bbox 776 1481 903 1530; x_wconf 89' lang='lat' dir='ltr'>adiit,</span> <span class='ocrx_word' id='word_1_146' title='bbox 927 1479 1204 1531; x_wconf 88' lang='lat' dir='ltr'>praesertim</span> <span class='ocrx_word' id='word_1_147' title='bbox 1225 1490 1330 1519; x_wconf 86' lang='lat' dir='ltr'>curn</span> <span class='ocrx_word' id='word_1_148' title='bbox 1351 1480 1554 1519; x_wconf 79' lang='lat' dir='ltr'>maxime</span> <span class='ocrx_word' id='word_1_149' title='bbox 1585 1479 1751 1530; x_wconf 86' lang='lat' dir='ltr'>proba-</span> 
     </span>
     <span class='ocr_line' id='line_1_19' title="bbox 128 1549 1751 1606; baseline -0.003 -11"><span class='ocrx_word' id='word_1_150' title='bbox 128 1561 255 1595; x_wconf 86' lang='lat' dir='ltr'>retur</span> <span class='ocrx_word' id='word_1_151' title='bbox 275 1567 331 1594; x_wconf 89' lang='lat' dir='ltr'>ac</span> <span class='ocrx_word' id='word_1_152' title='bbox 353 1555 572 1606; x_wconf 86' lang='lat' dir='ltr'>placeret,</span> <span class='ocrx_word' id='word_1_153' title='bbox 598 1551 727 1603; x_wconf 86' lang='lat' dir='ltr'>cujus</span> <span class='ocrx_word' id='word_1_154' title='bbox 744 1551 944 1591; x_wconf 83' lang='lat' dir='ltr'>assiduis</span> <span class='ocrx_word' id='word_1_155' title='bbox 966 1550 1270 1590; x_wconf 85' lang='lat' dir='ltr'>concionibus</span> <span class='ocrx_word' id='word_1_156' title='bbox 1288 1561 1516 1601; x_wconf 87' lang='lat' dir='ltr'>sacraque</span> <span class='ocrx_word' id='word_1_157' title='bbox 1538 1549 1751 1590; x_wconf 82' lang='lat' dir='ltr'>doctrina</span> 
     </span>
     <span class='ocr_line' id='line_1_20' title="bbox 127 1619 1757 1675; baseline -0.004 -9"><span class='ocrx_word' id='word_1_158' title='bbox 127 1626 244 1666; x_wconf 89' lang='lat' dir='ltr'>adeo</span> <span class='ocrx_word' id='word_1_159' title='bbox 280 1625 492 1666; x_wconf 81' lang='lat' dir='ltr'>Christus</span> <span class='ocrx_word' id='word_1_160' title='bbox 520 1623 814 1675; x_wconf 86' lang='lat' dir='ltr'>popularium</span> <span class='ocrx_word' id='word_1_161' title='bbox 845 1622 1012 1661; x_wconf 89' lang='lat' dir='ltr'>animis</span> <span class='ocrx_word' id='word_1_162' title='bbox 1043 1620 1356 1668; x_wconf 86' lang='lat' dir='ltr'>inserebatur,</span> <span class='ocrx_word' id='word_1_163' title='bbox 1390 1626 1438 1660; x_wconf 88' lang='lat' dir='ltr'>ut</span> <span class='ocrx_word' id='word_1_164' title='bbox 1466 1619 1757 1671; x_wconf 75' lang='lat' dir='ltr'>Valentiam„</span> 
     </span>
     <span class='ocr_line' id='line_1_21' title="bbox 128 1691 1749 1749; baseline -0.004 -12"><span class='ocrx_word' id='word_1_165' title='bbox 128 1708 247 1749; x_wconf 86' lang='lat' dir='ltr'>quae</span> <span class='ocrx_word' id='word_1_166' title='bbox 269 1697 499 1736; x_wconf 86' lang='lat' dir='ltr'>malorum</span> <span class='ocrx_word' id='word_1_167' title='bbox 522 1695 646 1735; x_wconf 89' lang='lat' dir='ltr'>omni</span> <span class='ocrx_word' id='word_1_168' title='bbox 673 1705 845 1745; x_wconf 82' lang='lat' dir='ltr'>genere</span> <span class='ocrx_word' id='word_1_169' title='bbox 876 1692 1096 1741; x_wconf 85' lang='lat' dir='ltr'>scaturit,</span> <span class='ocrx_word' id='word_1_170' title='bbox 1127 1703 1152 1731; x_wconf 91' lang='lat' dir='ltr'>a</span> <span class='ocrx_word' id='word_1_171' title='bbox 1182 1691 1284 1731; x_wconf 92' lang='lat' dir='ltr'>Deo</span> <span class='ocrx_word' id='word_1_172' title='bbox 1313 1691 1510 1731; x_wconf 90' lang='lat' dir='ltr'>coelitus</span> <span class='ocrx_word' id='word_1_173' title='bbox 1540 1692 1749 1742; x_wconf 87' lang='lat' dir='ltr'>missum,</span> 
     </span>
     <span class='ocr_line' id='line_1_22' title="bbox 127 1762 1753 1816; baseline -0.004 -8"><span class='ocrx_word' id='word_1_174' title='bbox 127 1768 267 1808; x_wconf 88' lang='lat' dir='ltr'>veluti</span> <span class='ocrx_word' id='word_1_175' title='bbox 290 1766 521 1807; x_wconf 89' lang='lat' dir='ltr'>medicum</span> <span class='ocrx_word' id='word_1_176' title='bbox 544 1765 638 1805; x_wconf 90' lang='lat' dir='ltr'>suis</span> <span class='ocrx_word' id='word_1_177' title='bbox 660 1764 941 1816; x_wconf 87' lang='lat' dir='ltr'>pharmacis,</span> <span class='ocrx_word' id='word_1_178' title='bbox 965 1770 1032 1803; x_wconf 90' lang='lat' dir='ltr'>tot</span> <span class='ocrx_word' id='word_1_179' title='bbox 1054 1770 1303 1814; x_wconf 87' lang='lat' dir='ltr'>tantosque</span> <span class='ocrx_word' id='word_1_180' title='bbox 1325 1762 1467 1802; x_wconf 86' lang='lat' dir='ltr'>animi</span> <span class='ocrx_word' id='word_1_181' title='bbox 1488 1762 1676 1802; x_wconf 89' lang='lat' dir='ltr'>morbos</span> <span class='ocrx_word' id='word_1_182' title='bbox 1692 1763 1753 1802; x_wconf 92' lang='lat' dir='ltr'>le-</span> 
     </span>
     <span class='ocr_line' id='line_1_23' title="bbox 119 1832 1761 1889; baseline -0.006 -10"><span class='ocrx_word' id='word_1_183' title='bbox 119 1836 362 1883; x_wconf 81' lang='lat' dir='ltr'>&#39;uaturum‚</span> <span class='ocrx_word' id='word_1_184' title='bbox 386 1835 727 1889; x_wconf 85' lang='lat' dir='ltr'>praedicarent;</span> <span class='ocrx_word' id='word_1_185' title='bbox 752 1841 797 1874; x_wconf 91' lang='lat' dir='ltr'>at</span> <span class='ocrx_word' id='word_1_186' title='bbox 819 1846 933 1874; x_wconf 82' lang='lat' dir='ltr'>vero</span> <span class='ocrx_word' id='word_1_187' title='bbox 955 1841 1004 1874; x_wconf 91' lang='lat' dir='ltr'>ut</span> <span class='ocrx_word' id='word_1_188' title='bbox 1026 1846 1083 1873; x_wconf 79' lang='lat' dir='ltr'>ex</span> <span class='ocrx_word' id='word_1_189' title='bbox 1107 1839 1172 1873; x_wconf 87' lang='lat' dir='ltr'>tot</span> <span class='ocrx_word' id='word_1_190' title='bbox 1193 1833 1420 1873; x_wconf 88' lang='lat' dir='ltr'>messibus</span> <span class='ocrx_word' id='word_1_191' title='bbox 1450 1832 1615 1884; x_wconf 90' lang='lat' dir='ltr'>opimis</span> <span class='ocrx_word' id='word_1_192' title='bbox 1636 1843 1761 1883; x_wconf 87' lang='lat' dir='ltr'>quas.</span> 
     </span>
     <span class='ocr_line' id='line_1_24' title="bbox 128 1903 1751 1959; baseline -0.005 -9"><span class='ocrx_word' id='word_1_193' title='bbox 128 1911 216 1957; x_wconf 83' lang='lat' dir='ltr'>ille,</span> <span class='ocrx_word' id='word_1_194' title='bbox 240 1908 442 1949; x_wconf 92' lang='lat' dir='ltr'>Domino</span> <span class='ocrx_word' id='word_1_195' title='bbox 465 1913 745 1959; x_wconf 86' lang='lat' dir='ltr'>cooperante</span> <span class='ocrx_word' id='word_1_196' title='bbox 773 1912 817 1946; x_wconf 85' lang='lat' dir='ltr'>et</span> <span class='ocrx_word' id='word_1_197' title='bbox 847 1916 1110 1945; x_wconf 86' lang='lat' dir='ltr'>sermonem</span> <span class='ocrx_word' id='word_1_198' title='bbox 1131 1903 1458 1952; x_wconf 85' lang='lat' dir='ltr'>confirmante,</span> <span class='ocrx_word' id='word_1_199' title='bbox 1483 1903 1751 1954; x_wconf 86' lang='lat' dir='ltr'>demessuit,</span> 
     </span>
     <span class='ocr_line' id='line_1_25' title="bbox 127 1975 1751 2029; baseline -0.005 -8"><span class='ocrx_word' id='word_1_200' title='bbox 127 1980 363 2021; x_wconf 86' lang='lat' dir='ltr'>xeniolum</span> <span class='ocrx_word' id='word_1_201' title='bbox 397 1978 582 2029; x_wconf 87' lang='lat' dir='ltr'>aliquod</span> <span class='ocrx_word' id='word_1_202' title='bbox 614 1977 743 2017; x_wconf 88' lang='lat' dir='ltr'>Tuae</span> <span class='ocrx_word' id='word_1_203' title='bbox 773 1975 1047 2016; x_wconf 86' lang='lat' dir='ltr'>Paternitati</span> <span class='ocrx_word' id='word_1_204' title='bbox 1077 1975 1496 2023; x_wconf 80' lang='lat' dir='ltr'>communicemus,</span> <span class='ocrx_word' id='word_1_205' title='bbox 1536 1975 1751 2025; x_wconf 84' lang='lat' dir='ltr'>paucula,</span> 
     </span>
     <span class='ocr_line' id='line_1_26' title="bbox 126 2049 962 2102; baseline -0.006 -11"><span class='ocrx_word' id='word_1_206' title='bbox 126 2063 214 2102; x_wconf 87' lang='lat' dir='ltr'>qua</span> <span class='ocrx_word' id='word_1_207' title='bbox 239 2057 402 2102; x_wconf 89' lang='lat' dir='ltr'>potero</span> <span class='ocrx_word' id='word_1_208' title='bbox 425 2049 668 2097; x_wconf 89' lang='lat' dir='ltr'>breuitate,</span> <span class='ocrx_word' id='word_1_209' title='bbox 694 2050 962 2087; x_wconf 87' lang='lat' dir='ltr'>recensebo.</span> 
     </span>
    </p>

    <p class='ocr_par' dir='ltr' id='par_1_3' title="bbox 83 2115 1764 3092">
     <span class='ocr_line' id='line_1_27' title="bbox 206 2115 1760 2170; baseline -0.005 -8"><span class='ocrx_word' id='word_1_210' title='bbox 206 2122 533 2162; x_wconf 87' lang='lat' dir='ltr'>Commoratur</span> <span class='ocrx_word' id='word_1_211' title='bbox 569 2120 643 2159; x_wconf 91' lang='lat' dir='ltr'>hic</span> <span class='ocrx_word' id='word_1_212' title='bbox 677 2130 818 2170; x_wconf 90' lang='lat' dir='ltr'>eques</span> <span class='ocrx_word' id='word_1_213' title='bbox 849 2117 1051 2168; x_wconf 84' lang='lat' dir='ltr'>quidam,</span> <span class='ocrx_word' id='word_1_214' title='bbox 1087 2117 1157 2156; x_wconf 89' lang='lat' dir='ltr'>vir</span> <span class='ocrx_word' id='word_1_215' title='bbox 1188 2116 1396 2168; x_wconf 89' lang='lat' dir='ltr'>apprime</span> <span class='ocrx_word' id='word_1_216' title='bbox 1428 2116 1624 2165; x_wconf 81' lang='lat' dir='ltr'>nobilis,</span> <span class='ocrx_word' id='word_1_217' title='bbox 1657 2115 1760 2167; x_wconf 68' lang='lat' dir='ltr'>qui,</span> 
     </span>
     <span class='ocr_line' id='line_1_28' title="bbox 125 2186 1754 2244; baseline -0.006 -10"><span class='ocrx_word' id='word_1_218' title='bbox 125 2193 261 2244; x_wconf 88' lang='lat' dir='ltr'>graui</span> <span class='ocrx_word' id='word_1_219' title='bbox 291 2192 461 2233; x_wconf 86' lang='lat' dir='ltr'>iniuria</span> <span class='ocrx_word' id='word_1_220' title='bbox 498 2190 717 2236; x_wconf 83' lang='lat' dir='ltr'>offensus,</span> <span class='ocrx_word' id='word_1_221' title='bbox 757 2189 952 2237; x_wconf 89' lang='lat' dir='ltr'>hostem,</span> <span class='ocrx_word' id='word_1_222' title='bbox 990 2187 1048 2228; x_wconf 91' lang='lat' dir='ltr'>ad</span> <span class='ocrx_word' id='word_1_223' title='bbox 1082 2187 1170 2227; x_wconf 91' lang='lat' dir='ltr'>hoc</span> <span class='ocrx_word' id='word_1_224' title='bbox 1206 2187 1427 2239; x_wconf 82' lang='lat' dir='ltr'>temporis</span> <span class='ocrx_word' id='word_1_225' title='bbox 1459 2186 1754 2227; x_wconf 87' lang='lat' dir='ltr'>occasionem</span> 
     </span>
     <span class='ocr_line' id='line_1_29' title="bbox 127 2257 1755 2312; baseline -0.006 -7"><span class='ocrx_word' id='word_1_226' title='bbox 127 2272 307 2312; x_wconf 89' lang='lat' dir='ltr'>nactus,</span> <span class='ocrx_word' id='word_1_227' title='bbox 331 2263 596 2303; x_wconf 86' lang='lat' dir='ltr'>interimere</span> <span class='ocrx_word' id='word_1_228' title='bbox 626 2260 813 2301; x_wconf 88' lang='lat' dir='ltr'>omnino</span> <span class='ocrx_word' id='word_1_229' title='bbox 835 2259 1131 2299; x_wconf 88' lang='lat' dir='ltr'>decreuerat:</span> <span class='ocrx_word' id='word_1_230' title='bbox 1164 2258 1222 2298; x_wconf 91' lang='lat' dir='ltr'>ad</span> <span class='ocrx_word' id='word_1_231' title='bbox 1249 2258 1402 2298; x_wconf 86' lang='lat' dir='ltr'>Patris</span> <span class='ocrx_word' id='word_1_232' title='bbox 1430 2269 1543 2303; x_wconf 88' lang='lat' dir='ltr'>vero</span> <span class='ocrx_word' id='word_1_233' title='bbox 1573 2257 1755 2297; x_wconf 84' lang='lat' dir='ltr'>concio-</span> 
     </span>
     <span class='ocr_line' id='line_1_30' title="bbox 83 2328 1759 2381; baseline -0.005 -5"><span class='ocrx_word' id='word_1_234' title='bbox 83 2360 89 2363; x_wconf 37' lang='lat'>*</span> <span class='ocrx_word' id='word_1_235' title='bbox 128 2347 233 2375; x_wconf 89' lang='lat' dir='ltr'>nem</span> <span class='ocrx_word' id='word_1_236' title='bbox 269 2334 525 2378; x_wconf 77' lang='lat' dir='ltr'>accedens,</span> <span class='ocrx_word' id='word_1_237' title='bbox 563 2343 796 2372; x_wconf 80' lang='lat' dir='ltr'>venenum</span> <span class='ocrx_word' id='word_1_238' title='bbox 831 2330 1037 2371; x_wconf 87' lang='lat' dir='ltr'>euomuit</span> <span class='ocrx_word' id='word_1_239' title='bbox 1073 2336 1212 2381; x_wconf 89' lang='lat' dir='ltr'>atque</span> <span class='ocrx_word' id='word_1_240' title='bbox 1243 2340 1418 2369; x_wconf 84' lang='lat' dir='ltr'>noxam</span> <span class='ocrx_word' id='word_1_241' title='bbox 1455 2328 1759 2368; x_wconf 89' lang='lat' dir='ltr'>condonauit..</span> 
     </span>
     <span class='ocr_line' id='line_1_31' title="bbox 129 2399 1763 2456; baseline -0.006 -9"><span class='ocrx_word' id='word_1_242' title='bbox 129 2407 243 2456; x_wconf 81' lang='lat' dir='ltr'>Quis</span> <span class='ocrx_word' id='word_1_243' title='bbox 276 2405 527 2456; x_wconf 86' lang='lat' dir='ltr'>explicabit</span> <span class='ocrx_word' id='word_1_244' title='bbox 562 2415 702 2455; x_wconf 91' lang='lat' dir='ltr'>quam</span> <span class='ocrx_word' id='word_1_245' title='bbox 737 2403 890 2451; x_wconf 88' lang='lat' dir='ltr'>multi,</span> <span class='ocrx_word' id='word_1_246' title='bbox 928 2412 1093 2452; x_wconf 87' lang='lat' dir='ltr'>parum</span> <span class='ocrx_word' id='word_1_247' title='bbox 1123 2407 1253 2440; x_wconf 86' lang='lat' dir='ltr'>caste</span> <span class='ocrx_word' id='word_1_248' title='bbox 1288 2400 1527 2447; x_wconf 76' lang='lat' dir='ltr'>uiuenteS,</span> <span class='ocrx_word' id='word_1_249' title='bbox 1565 2399 1763 2439; x_wconf 42' lang='lat' dir='ltr'>dimisso&lt;</span> 
     </span>
     <span class='ocr_line' id='line_1_32' title="bbox 129 2469 1764 2528; baseline -0.005 -11"><span class='ocrx_word' id='word_1_250' title='bbox 129 2477 253 2528; x_wconf 84' lang='lat' dir='ltr'>turpi</span> <span class='ocrx_word' id='word_1_251' title='bbox 288 2475 477 2516; x_wconf 81' lang='lat' dir='ltr'>viuendi</span> <span class='ocrx_word' id='word_1_252' title='bbox 509 2486 702 2526; x_wconf 84' lang='lat' dir='ltr'>genere,</span> <span class='ocrx_word' id='word_1_253' title='bbox 740 2473 862 2513; x_wconf 88' lang='lat' dir='ltr'>dulci</span> <span class='ocrx_word' id='word_1_254' title='bbox 896 2472 1017 2511; x_wconf 90' lang='lat' dir='ltr'>illius</span> <span class='ocrx_word' id='word_1_255' title='bbox 1052 2471 1262 2511; x_wconf 87' lang='lat' dir='ltr'>oratione</span> <span class='ocrx_word' id='word_1_256' title='bbox 1297 2470 1532 2522; x_wconf 83' lang='lat' dir='ltr'>persuasi,</span> <span class='ocrx_word' id='word_1_257' title='bbox 1570 2469 1764 2510; x_wconf 31' lang='lat' dir='ltr'>Christo*</span> 
     </span>
     <span class='ocr_line' id='line_1_33' title="bbox 128 2540 1756 2596; baseline -0.006 -8"><span class='ocrx_word' id='word_1_258' title='bbox 128 2548 298 2588; x_wconf 84' lang='lat' dir='ltr'>fuerint</span> <span class='ocrx_word' id='word_1_259' title='bbox 318 2545 566 2595; x_wconf 89' lang='lat' dir='ltr'>lucrifacti,</span> <span class='ocrx_word' id='word_1_260' title='bbox 590 2556 695 2585; x_wconf 90' lang='lat' dir='ltr'>cum</span> <span class='ocrx_word' id='word_1_261' title='bbox 717 2544 855 2596; x_wconf 89' lang='lat' dir='ltr'>paulo</span> <span class='ocrx_word' id='word_1_262' title='bbox 878 2549 984 2583; x_wconf 90' lang='lat' dir='ltr'>ante</span> <span class='ocrx_word' id='word_1_263' title='bbox 1014 2542 1291 2582; x_wconf 88' lang='lat' dir='ltr'>daemonum</span> <span class='ocrx_word' id='word_1_264' title='bbox 1320 2547 1476 2581; x_wconf 89' lang='lat' dir='ltr'>essent</span> <span class='ocrx_word' id='word_1_265' title='bbox 1498 2540 1677 2592; x_wconf 87' lang='lat' dir='ltr'>laqueis</span> <span class='ocrx_word' id='word_1_266' title='bbox 1699 2540 1756 2579; x_wconf 90' lang='lat' dir='ltr'>ir-</span> 
     </span>
     <span class='ocr_line' id='line_1_34' title="bbox 129 2610 1758 2668; baseline -0.006 -9"><span class='ocrx_word' id='word_1_267' title='bbox 129 2619 272 2658; x_wconf 76' lang='lat' dir='ltr'>retiti?</span> <span class='ocrx_word' id='word_1_268' title='bbox 291 2618 444 2658; x_wconf 87' lang='lat' dir='ltr'>dicam</span> <span class='ocrx_word' id='word_1_269' title='bbox 467 2616 590 2668; x_wconf 90' lang='lat' dir='ltr'>quod</span> <span class='ocrx_word' id='word_1_270' title='bbox 610 2615 841 2655; x_wconf 82' lang='lat' dir='ltr'>foeminae</span> <span class='ocrx_word' id='word_1_271' title='bbox 864 2612 1068 2659; x_wconf 82' lang='lat' dir='ltr'>cuidam,</span> <span class='ocrx_word' id='word_1_272' title='bbox 1093 2624 1151 2652; x_wconf 81' lang='lat' dir='ltr'>ex</span> <span class='ocrx_word' id='word_1_273' title='bbox 1173 2612 1342 2653; x_wconf 86' lang='lat' dir='ltr'>illustri</span> <span class='ocrx_word' id='word_1_274' title='bbox 1369 2611 1514 2663; x_wconf 85' lang='lat' dir='ltr'>stirpe</span> <span class='ocrx_word' id='word_1_275' title='bbox 1537 2610 1758 2662; x_wconf 89' lang='lat' dir='ltr'>progeni-</span> 
     </span>
     <span class='ocr_line' id='line_1_35' title="bbox 127 2681 1755 2739; baseline -0.006 -9"><span class='ocrx_word' id='word_1_276' title='bbox 127 2697 216 2736; x_wconf 87' lang='lat' dir='ltr'>tae,</span> <span class='ocrx_word' id='word_1_277' title='bbox 241 2688 452 2739; x_wconf 89' lang='lat' dir='ltr'>contigit,</span> <span class='ocrx_word' id='word_1_278' title='bbox 477 2698 616 2738; x_wconf 86' lang='lat' dir='ltr'>quae,</span> <span class='ocrx_word' id='word_1_279' title='bbox 641 2687 698 2725; x_wconf 95' lang='lat' dir='ltr'>ob</span> <span class='ocrx_word' id='word_1_280' title='bbox 722 2691 969 2736; x_wconf 85' lang='lat' dir='ltr'>corruptae</span> <span class='ocrx_word' id='word_1_281' title='bbox 997 2684 1122 2723; x_wconf 87' lang='lat' dir='ltr'>vitae</span> <span class='ocrx_word' id='word_1_282' title='bbox 1150 2682 1487 2735; x_wconf 87' lang='lat' dir='ltr'>turpitudinem</span> <span class='ocrx_word' id='word_1_283' title='bbox 1519 2681 1668 2732; x_wconf 89' lang='lat' dir='ltr'>obque</span> <span class='ocrx_word' id='word_1_284' title='bbox 1692 2681 1755 2720; x_wconf 87' lang='lat' dir='ltr'>in-</span> 
     </span>
     <span class='ocr_line' id='line_1_36' title="bbox 126 2752 1757 2808; baseline -0.005 -9"><span class='ocrx_word' id='word_1_285' title='bbox 126 2760 317 2800; x_wconf 86' lang='lat' dir='ltr'>famiam</span> <span class='ocrx_word' id='word_1_286' title='bbox 337 2759 430 2798; x_wconf 90' lang='lat' dir='ltr'>iam</span> <span class='ocrx_word' id='word_1_287' title='bbox 452 2758 794 2808; x_wconf 86' lang='lat' dir='ltr'>pervulgatam,</span> <span class='ocrx_word' id='word_1_288' title='bbox 819 2755 982 2795; x_wconf 87' lang='lat' dir='ltr'>amicis</span> <span class='ocrx_word' id='word_1_289' title='bbox 1003 2761 1141 2805; x_wconf 87' lang='lat' dir='ltr'>atque</span> <span class='ocrx_word' id='word_1_290' title='bbox 1159 2753 1432 2805; x_wconf 90' lang='lat' dir='ltr'>propinquis</span> <span class='ocrx_word' id='word_1_291' title='bbox 1450 2752 1573 2792; x_wconf 83' lang='lat' dir='ltr'>haud</span> <span class='ocrx_word' id='word_1_292' title='bbox 1592 2752 1757 2792; x_wconf 88' lang='lat' dir='ltr'>leuiter</span> 
     </span>
     <span class='ocr_line' id='line_1_37' title="bbox 126 2823 1757 2877; baseline -0.006 -6"><span class='ocrx_word' id='word_1_293' title='bbox 126 2837 227 2870; x_wconf 87' lang='lat' dir='ltr'>erat</span> <span class='ocrx_word' id='word_1_294' title='bbox 248 2830 414 2876; x_wconf 87' lang='lat' dir='ltr'>inuisa,</span> <span class='ocrx_word' id='word_1_295' title='bbox 439 2829 650 2869; x_wconf 84' lang='lat' dir='ltr'>detracta</span> <span class='ocrx_word' id='word_1_296' title='bbox 672 2827 797 2867; x_wconf 91' lang='lat' dir='ltr'>omni</span> <span class='ocrx_word' id='word_1_297' title='bbox 820 2825 1064 2877; x_wconf 83' lang='lat' dir='ltr'>probitatis</span> <span class='ocrx_word' id='word_1_298' title='bbox 1088 2825 1327 2876; x_wconf 77' lang='lat' dir='ltr'>opinione3</span> <span class='ocrx_word' id='word_1_299' title='bbox 1349 2824 1431 2864; x_wconf 91' lang='lat' dir='ltr'>sed</span> <span class='ocrx_word' id='word_1_300' title='bbox 1453 2823 1757 2864; x_wconf 87' lang='lat' dir='ltr'>concionibus</span> 
     </span>
     <span class='ocr_line' id='line_1_38' title="bbox 127 2893 1755 2945; baseline -0.005 -4"><span class='ocrx_word' id='word_1_301' title='bbox 127 2913 186 2941; x_wconf 84' lang='lat' dir='ltr'>ex</span> <span class='ocrx_word' id='word_1_302' title='bbox 204 2900 340 2940; x_wconf 87' lang='lat' dir='ltr'>Patre</span> <span class='ocrx_word' id='word_1_303' title='bbox 358 2900 529 2940; x_wconf 90' lang='lat' dir='ltr'>auditis</span> <span class='ocrx_word' id='word_1_304' title='bbox 547 2905 723 2939; x_wconf 86' lang='lat' dir='ltr'>mutato</span> <span class='ocrx_word' id='word_1_305' title='bbox 740 2898 934 2938; x_wconf 85' lang='lat' dir='ltr'>feliciter</span> <span class='ocrx_word' id='word_1_306' title='bbox 952 2896 1121 2945; x_wconf 81' lang='lat' dir='ltr'>animo,</span> <span class='ocrx_word' id='word_1_307' title='bbox 1142 2907 1318 2936; x_wconf 89' lang='lat' dir='ltr'>novum</span> <span class='ocrx_word' id='word_1_308' title='bbox 1335 2895 1571 2935; x_wconf 89' lang='lat' dir='ltr'>hominem</span> <span class='ocrx_word' id='word_1_309' title='bbox 1590 2893 1755 2943; x_wconf 74' lang='lat' dir='ltr'>induit,</span> 
     </span>
     <span class='ocr_line' id='line_1_39' title="bbox 128 2964 1764 3018; baseline -0.006 -6"><span class='ocrx_word' id='word_1_310' title='bbox 128 2978 173 3012; x_wconf 88' lang='lat' dir='ltr'>et</span> <span class='ocrx_word' id='word_1_311' title='bbox 193 2983 269 3012; x_wconf 88' lang='lat' dir='ltr'>res</span> <span class='ocrx_word' id='word_1_312' title='bbox 290 2971 472 3011; x_wconf 89' lang='lat' dir='ltr'>diuinas</span> <span class='ocrx_word' id='word_1_313' title='bbox 493 2981 587 3010; x_wconf 91' lang='lat' dir='ltr'>non</span> <span class='ocrx_word' id='word_1_314' title='bbox 608 2969 759 3009; x_wconf 87' lang='lat' dir='ltr'>minus</span> <span class='ocrx_word' id='word_1_315' title='bbox 783 2968 946 3008; x_wconf 86' lang='lat' dir='ltr'>ardere</span> <span class='ocrx_word' id='word_1_316' title='bbox 975 2967 1126 3018; x_wconf 90' lang='lat' dir='ltr'>coepit</span> <span class='ocrx_word' id='word_1_317' title='bbox 1153 2978 1293 3018; x_wconf 87' lang='lat' dir='ltr'>quam</span> <span class='ocrx_word' id='word_1_318' title='bbox 1324 2973 1431 3006; x_wconf 87' lang='lat' dir='ltr'>ante</span> <span class='ocrx_word' id='word_1_319' title='bbox 1461 2964 1764 3005; x_wconf 41' lang='lat' dir='ltr'>stultissima*</span> 
     </span>
     <span class='ocr_line' id='line_1_40' title="bbox 129 3038 1244 3092; baseline -0.006 -10"><span class='ocrx_word' id='word_1_320' title='bbox 129 3052 230 3082; x_wconf 84' lang='lat' dir='ltr'>rum</span> <span class='ocrx_word' id='word_1_321' title='bbox 254 3053 309 3082; x_wconf 88' lang='lat' dir='ltr'>ac</span> <span class='ocrx_word' id='word_1_322' title='bbox 332 3040 657 3092; x_wconf 89' lang='lat' dir='ltr'>pestiferarum</span> <span class='ocrx_word' id='word_1_323' title='bbox 680 3038 915 3079; x_wconf 87' lang='lat' dir='ltr'>amoribus</span> <span class='ocrx_word' id='word_1_324' title='bbox 932 3043 1244 3077; x_wconf 85' lang='lat' dir='ltr'>aestuauerat.</span> 
     </span>
    </p>
   </div>
  </div>
 </body>
</html>
