2020 3342
257 201 327 238 600
764 201 990 237 LITTERAE
1017 210 1374 243 QUADRIMESTRES

256 297 501 348 peruenire
522 298 775 337 ualeamus:
807 294 929 346 quod
956 295 1090 334 nobis
1124 302 1329 346 praestet
1361 295 1439 346 qui
1467 295 1582 334 uiuit
1605 306 1687 346 per
1705 295 1885 335 infinita

257 369 415 408 secula
438 368 716 407 seculorum.
741 365 909 405 Amen.

337 438 597 483 Ferrariae,
622 436 802 476 decimo
824 434 927 475 Kal.
954 435 1230 476 Decembris
1256 436 1371 476 1556.

1115 507 1215 558 Ego

498 580 548 619 T.
575 579 626 619 R.
653 578 701 618 P.
725 579 945 629 indignus
968 590 1149 628 seruus,

1136 721 1345 773 JOANNES
1375 733 1434 761 DE
1466 721 1737 761 MAloRIBUS.

342 935 403 973 ln
438 937 608 985 quarta
638 933 827 984 pagina
862 933 973 972 llaec
992 932 1244 983 leguntur:
1277 934 1430 986 Jesus.
1470 932 1501 983 ’1-
1546 932 1660 973 1556.
1696 931 1899 983 Quadri-

264 1012 460 1045 mestres
481 1005 809 1044 Ferrarienses
830 1004 882 1044 22
904 1004 1194 1044 Nouembris.

1000 1429 1162 1482 DLX

337 1658 525 1696 Michael
546 1658 746 1705 Angelus
766 1657 995 1694 Labaecus

385 1724 506 1760 Patri
524 1723 690 1770 Jacobo
712 1723 905 1769 Laynez‚
929 1723 1121 1760 Vicario.

433 1788 681 1835 Syracusis,
702 1787 749 1825 30
768 1787 1031 1824 Novembris
1053 1787 1143 1825 1556
1164 1788 1187 1822 ¹.

1032 1925 1129 1977 Jhs.

352 2069 493 2109 Molto
516 2068 617 2108 R.d0
646 2069 691 2108 in
713 2068 898 2108 Christo
923 2067 1088 2108 pach-e.

352 2140 448 2179 Pax
471 2139 595 2180 Chri.
622 2146 707 2179 616.

350 2211 453 2251 Non
474 2211 671 2250 bastono
693 2210 738 2249 in
761 2221 872 2250 uero
895 2222 919 2249 a
943 2210 1211 2250 sufficienza
1233 2211 1274 2249 le
1297 2210 1384 2249 mie
1416 2209 1542 2249 forze
1572 2209 1820 2259 admirare,
1854 2217 1897 2249 et

271 2282 461 2322 laudare
483 2282 635 2332 quella
656 2281 856 2330 excelsa,
881 2288 925 2321 et
946 2287 1215 2320 ueramente
1238 2281 1411 2330 diuina,
1432 2280 1487 2320 de
1505 2279 1632 2320 Iddio
1655 2280 1773 2331 opt,⁰
1802 2292 1894 2320 ma-

273 2353 398 2392 ximo
421 2354 677 2392 clemenza:
700 2352 730 2391 il
753 2352 890 2403 quale
912 2363 994 2403 pel·
1014 2352 1079 2402 gli
1103 2351 1234 2401 padri
1257 2358 1299 2391 et
1327 2351 1497 2391 fratelli
1527 2351 1573 2391 di
1601 2358 1764 2402 questa
1794 2362 1896 2391 san-

275 2431 320 2463 ta
343 2424 636 2474 Compagnia
658 2423 738 2462 tali
760 2423 942 2462 diuerse
972 2429 1015 2462 et
1037 2423 1262 2473 stupende
1293 2433 1400 2462 cose
1430 2423 1468 2462 Si
1499 2422 1652 2472 degna
1684 2433 1893 2473 operare,

275 2494 399 2545 quali
422 2494 530 2545 ogni
552 2494 717 2543 giorno
739 2494 785 2533 in
806 2494 911 2533 tutti
933 2493 946 2532 i
970 2493 1165 2542 Collegii
1187 2493 1307 2532 della
1336 2492 1630 2543 Compagnia
1658 2493 1698 2532 si
1725 2503 1896 2543 ueggo-

275 2576 349 2604 no.
375 2564 449 2604 Ma
473 2571 636 2615 questo
660 2566 799 2604 molto
822 2564 1039 2614 maggior
1062 2575 1203 2603 eausa
1226 2564 1267 2603 d’
1300 2563 1608 2603 admiratione
1638 2564 1700 2603 mi
1727 2563 1785 2603 da
1813 2563 1897 2603 che

276 2635 320 2674 in
356 2641 485 2674 tanto
522 2635 661 2674 breue
695 2642 864 2685 tempo,
903 2635 1004 2674 6106
1039 2634 1082 2673 di
1111 2646 1172 2673 un
1201 2623 1326 2673 anno
1352 2640 1395 2674 et
1423 2645 1571 2684 mezo,
1602 2640 1730 2674 tanto
1756 2634 1897 2674 frutto

279 2716 434 2755 ueggo
457 2706 627 2745 essersi
647 2705 763 2745 fatto
785 2705 830 2744 in
854 2712 1017 2756 questo
1039 2704 1261 2755 Collegio.
1608 2751 1610 2754 .

356 2776 627 2826 Imperoche
649 2778 726 2826 qui
749 2787 840 2815 non
862 2776 960 2815 solo
982 2776 1022 2814 16
1045 2775 1317 2815 domeniche
1340 2781 1383 2815 et
1413 2776 1544 2822 feste,
1574 2787 1649 2815 ma
1678 2775 1897 2814 etiamdio

332 2960 339 2979 ¹
379 2960 599 2994 Archetypac
615 2959 739 2993 duplici
756 2960 844 2991 folio,
861 2967 913 2987 nn.
932 2959 981 2986 179
996 2964 1028 2986 et
1047 2960 1103 2986 181.
1121 2959 1409 2993 Autographaene
1429 2959 1495 2985 sint
1512 2966 1553 2985 an
1575 2959 1795 2993 apographae
1821 2959 1899 2986 defi-

277 3007 348 3033 nire
365 3014 429 3033 non
444 3008 609 3034 valemus.
