2020 3342
892 234 975 273 AN.
1005 234 1095 275 1556
1730 236 1801 277 267

938 690 1043 746 DV

252 921 286 959 F
289 922 515 960 ranciscus
530 922 584 960 de
601 922 764 969 Vama,

296 985 366 1025 Ex
382 986 703 1027 commissione
723 989 769 1026 P.
790 989 1088 1028 Emmanuelis
1109 988 1327 1037 Godinho,

349 1051 470 1090 Patri
490 1053 655 1100 ignatio
675 1053 729 1091 de
747 1053 934 1102 Loyola.

392 1116 673 1168 Ulyssipona,
689 1120 711 1157 7
729 1118 833 1167 Maji
855 1119 947 1159 1556
969 1120 994 1156 ¹.

981 1278 1008 1325 †

912 1329 1060 1383 Jesus.

261 1470 532 1512 Reuerende
554 1472 599 1512 in
621 1471 807 1513 Christo
824 1472 976 1515 Pater.

260 1542 358 1583 Pax
380 1542 565 1585 Christi.

261 1613 373 1654 Mihi
395 1614 453 1655 ad
474 1614 807 1656 Paternitatem
829 1616 979 1657 Tuam
1000 1618 1248 1669 scriptum,
1283 1618 1404 1670 quod
1426 1619 1481 1659 de
1512 1619 1602 1660 hoc
1632 1619 1805 1671 Olyssi-

179 1686 373 1737 ponensi
395 1686 605 1737 Collegio
627 1698 729 1727 sese
750 1687 903 1736 offert,
927 1688 1078 1729 uisum
1105 1695 1174 1729 est
1202 1695 1387 1730 tuorum
1409 1689 1455 1730 in
1486 1690 1673 1731 Christo
1695 1691 1804 1732 filio·

179 1768 281 1797 rum
314 1758 543 1798 rationem
576 1757 794 1799 reddere:
832 1759 909 1810 qui
944 1759 1129 1811 quidem
1163 1760 1336 1801 Christi
1367 1773 1556 1802 munere
1583 1762 1715 1802 firma
1745 1763 1803 1803 ad

180 1839 404 1880 praesens
425 1829 691 1870 ualetudine
718 1835 930 1881 utuntur,
959 1837 1146 1882 praeter
1166 1843 1342 1883 paucos
1372 1833 1742 1874 ualetudinarios
1763 1840 1806 1875 et

181 1899 455 1951 imbecilles,
479 1900 575 1952 qui,
600 1901 707 1941 licet
728 1902 881 1942 minus
901 1902 1176 1953 periculose,
1201 1904 1352 1944 solent
1373 1909 1527 1945 tamen
1550 1905 1735 1946 interim
1758 1906 1804 1946 in

179 1971 337 2012 uarios
357 1971 544 2012 morbos
565 1972 785 2013 incidere.
1783 1975 1785 1977 ’

259 2041 393 2093 Quod
415 2048 569 2084 autern
590 2043 649 2084 ad
670 2045 867 2085 salutem
888 2045 1179 2096 spiritualem
1200 2046 1384 2095 attinet,
1417 2047 1631 2099 quamuis
1661 2047 1806 2088 homi-

178 2125 285 2164 neS,
309 2120 354 2154 et
384 2114 415 2154 ii
446 2115 722 2166 praesertim
750 2116 827 2168 qui
857 2116 1138 2168 primoribus
1168 2117 1231 2167 (ut
1263 2117 1407 2168 aiunt)
1439 2118 1571 2158 labiis
1602 2119 1806 2160 nondum

178 2196 338 2227 ueram
365 2185 585 2226 uirtutem
619 2186 943 2238 degustarunt,
981 2187 1125 2239 iniqui
1160 2188 1207 2228 in
1241 2199 1297 2228 ea
1325 2200 1374 2228 re
1405 2189 1498 2229 sint
1528 2189 1725 2241 iudices;
1758 2196 1806 2232 at

179 2256 280 2308 quis
301 2261 396 2297 tam
418 2267 578 2298 amens
605 2263 793 2310 tamque
819 2258 1034 2299 omnibus
1064 2259 1272 2299 consiliis
1301 2271 1528 2312 praeceps
1559 2272 1615 2301 ac
1643 2261 1806 2302 deuius

179 2327 256 2378 sit,
281 2327 358 2379 qui
379 2339 485 2368 cum
506 2328 797 2370 extrinsecus
818 2334 884 2370 tot
905 2329 1178 2370 humilitatis
1199 2330 1416 2382 vestigia,
1436 2336 1531 2371 tam
1548 2338 1803 2384 promptos,

179 2404 371 2450 paratos
393 2404 530 2451 atque
551 2400 794 2452 expeditos
816 2401 984 2441 fratres
1004 2406 1192 2441 nostros
1213 2400 1271 2441 ad
1299 2401 1610 2442 obedientiam
1631 2402 1804 2453 uideat,

179 2475 400 2522 tantoque
431 2470 710 2512 inflammari
741 2471 970 2512 desiderio
999 2483 1109 2512 suos
1135 2472 1334 2524 impetus
1361 2473 1634 2525 animosque
1664 2480 1806 2514 retar-

179 2540 340 2591 dandi,
364 2553 457 2582 non
479 2543 639 2583 credat
661 2554 740 2583 eas
768 2549 970 2593 mentes,
1001 2555 1120 2595 quae
1141 2549 1238 2584 tam
1258 2555 1452 2584 suauem
1473 2549 1660 2596 tamque
1691 2546 1806 2586 mire

176 2611 466 2663 fragrantem
487 2613 678 2654 odorem
699 2626 757 2654 ex
779 2626 828 2654 se
849 2614 1078 2665 emittunt,
1098 2614 1290 2655 summis
1307 2615 1805 2668 excellentissimisque

178 2682 310 2723 donis
331 2695 356 2724 a
386 2682 488 2724 Deo
510 2684 683 2736 optimo
705 2685 909 2726 maximo
933 2685 1180 2726 decoratas
1200 2686 1547 2738 illustratasque
1574 2689 1696 2728 esse?
1717 2687 1803 2728 Ita-

176 2764 264 2805 que
293 2755 498 2795 maiores
527 2755 573 2795 in
604 2755 702 2796 dies
733 2768 894 2797 omnes
924 2756 1012 2797 hac
1047 2757 1094 2797 in
1128 2768 1178 2797 re
1213 2767 1492 2808 progressus
1521 2758 1713 2799 faciunt.
1746 2758 1804 2800 Et

176 2826 391 2876 quamuis
430 2826 643 2867 certatim
683 2838 957 2879 summoque
996 2827 1148 2868 studio
1187 2827 1233 2868 in
1272 2840 1327 2869 ea
1366 2828 1544 2879 omnia,
1585 2840 1704 2881 quae
1745 2830 1803 2870 ad

231 2961 241 2981 ¹
280 2962 528 2997 Autographae
543 2963 667 2997 duplici
683 2963 772 2997 folio,
788 2964 897 2998 primo
912 2972 942 2991 n.
956 2963 1019 2997 534,
1034 2964 1143 2991 altero
1164 2971 1229 2991 non
1251 2968 1439 2992 numerato.
1456 2964 1519 2992 Est
1542 2968 1574 2991 et
1596 2964 1688 2992 aliud
1711 2970 1805 2993 auto-

178 3010 345 3045 graphum
360 3010 392 3038 in
408 3010 534 3037 duobus
548 3010 742 3037 immediate
763 3011 980 3045 sequentibus
1002 3011 1101 3044 foliiS.
1124 3011 1232 3045 primo
1254 3018 1285 3038 n.
1308 3010 1371 3045 533,
1391 3012 1504 3039 altero
1524 3019 1589 3039 non
1614 3018 1803 3057 numerato}

181 3057 236 3084 sed
254 3057 338 3084 nihil
351 3058 393 3085 ab
409 3058 475 3085 illis
491 3057 613 3085 differt.
