2020 3342
619 276 839 313 ADDENDA
867 287 908 313 lN
935 287 1049 314 ’10Μο
1076 287 1230 314 TERTIO
1667 273 1739 313 715

119 371 288 411 suisset
309 381 538 410 summam
560 371 805 412 Vtilitatem
828 378 871 412 et
893 372 1132 423 spirituale
1154 372 1448 413 commodum
1471 371 1517 411 in
1544 372 1733 412 sanctis-

120 441 266 482 simae
287 441 628 482 communionis
649 448 694 482 et
715 442 1019 483 confessionis
1039 442 1297 494 frequentia
1325 442 1547 494 positum,
1572 441 1736 482 adhor—

121 517 390 562 tareturque
421 517 470 551 vt
494 511 582 552 hoc
617 513 780 552 saltem
815 514 956 554 semel
990 514 1185 564 singulis
1219 513 1454 554 mensibus
1488 512 1734 565 efficerent,

123 582 280 623 statim
307 582 498 623 nomina
528 583 774 634 dederunt,
804 590 853 624 ut
881 584 1129 634 cathalogo
1159 584 1533 624 describerentur
1562 597 1619 625 ex
1649 585 1739 625 11115

121 652 188 702 50,
220 653 298 704 qui
330 653 376 693 id
403 665 452 694 se
486 653 693 694 facturos
726 655 922 695 libenter
952 655 1302 706 profitebantur;
1335 654 1416 695 sed
1442 655 1739 706 postmodum

122 725 318 764 istorum
338 735 558 764 numerus
578 737 723 777 usque
744 726 803 765 ad
827 725 901 764 130
922 726 1090 776 creuit,
1115 726 1193 777 qui
1221 737 1381 766 omnes
1403 726 1493 766 hoc
1513 726 1664 777 ipsum
1692 726 1739 767 in

123 800 284 836 nostro
304 795 476 835 sacello
499 795 848 846 religiosissime
865 802 1172 847 exequuntur,
1192 807 1314 836 nunc
1331 796 1392 846 hi,
1411 808 1533 836 nunc
1550 796 1628 846 illi,
1648 798 1741 848 pul-

125 866 288 907 chrum
309 877 420 905 sane
441 866 543 906 visu
566 874 609 906 et
631 866 718 906 Dei
739 878 923 906 summa
945 867 1094 917 gloria
1118 865 1143 916 ¹;
1163 873 1300 918 atque
1317 866 1528 917 equidem
1546 866 1684 906 credo
1702 867 1741 907 si

124 937 339 977 doctrina
359 936 475 976 haec
496 937 542 976 in
562 938 665 977 loco
687 937 956 977 mulieribus
977 937 1116 977 etiam
1142 937 1318 988 patenti
1337 937 1481 988 fieret
1501 936 1530 987 ²,
1558 938 1742 977 illarum

125 1007 369 1048 multitudo
391 1007 533 1046 multo
557 1007 696 1047 etiam
717 1007 865 1047 maior
887 1019 1026 1059 quam
1047 1007 1287 1047 hominum
1306 1007 1560 1047 conflueret
1590 1007 1648 1047 ad
1670 1018 1742 1047 ea-

125 1079 232 1118 dem
252 1084 546 1118 sacramenta
573 1078 887 1128 suscipienda,
919 1079 1042 1130 quod
1068 1079 1114 1118 in
1142 1078 1512 1129 praesentiarum
1539 1078 1640 1118 fieri
1668 1090 1742 1118 ne-

126 1149 224 1200 quit
245 1155 433 1200 propter
453 1150 544 1189 loci
564 1149 1004 1189 incommoditatem.
1028 1149 1156 1189 Haec
1178 1149 1233 1189 de
1255 1149 1465 1189 doctrina
1488 1148 1534 1188 P.
1561 1149 1744 1189 Emma-

126 1220 276 1261 nuelis
296 1220 541 1260 habuimus
562 1219 773 1260 dicenda.

208 1291 273 1332 Vt
292 1291 479 1331 tandem
501 1291 560 1330 ad
581 1303 651 1340 ea,
675 1302 793 1342 quae
821 1291 879 1330 ad
905 1297 1091 1331 nostras
1119 1291 1304 1331 scholas
1329 1297 1565 1342 spectant,
1589 1291 1747 1332 venia-

130 1374 247 1413 mus,
270 1362 378 1402 inde
397 1375 424 1402 cz
438 1362 677 1413 prmcl'pc'o
698 1373 883 1401 sumam
903 1361 1108 1402 z‘m'tz'zmz:
1124 1362 1168 1401 in
1184 1363 1302 1402 testo
1319 1362 1471 1412 igitur
1487 1361 1646 1402 Sancti
1662 1361 1746 1402 Re-

129 1433 274 1485 migii,
298 1432 421 1485 quod
446 1433 504 1473 l.a
524 1433 597 1472 die
617 1433 790 1472 mensis
811 1432 1026 1473 Octobris
1042 1432 1318 1481 celebratur,
1338 1439 1547 1473 nostrum
1565 1444 1748 1484 quoque

128 1505 379 1545 lectionum
400 1504 678 1555 principium
699 1504 885 1554 optime,
908 1504 1010 1543 laus
1031 1502 1147 1553 Deo,
1172 1504 1217 1543 in
1234 1503 1371 1544 domo
1388 1504 1590 1555 quadam
1613 1515 1746 1554 capa-

129 1576 317 1617 cissima
338 1575 623 1615 celebratum
644 1580 728 1614 est:
750 1574 789 1614 is
810 1586 922 1614 vero
953 1574 1066 1614 ordo
1093 1574 1139 1614 in
1169 1586 1221 1614 eo
1249 1580 1319 1614 est
1349 1575 1639 1615 obseruatus:
1673 1586 1751 1614 au-

131 1648 228 1688 dita
248 1658 298 1687 re
319 1658 471 1696 sacra,
499 1652 746 1697 postquam
773 1645 929 1685 sedem
957 1645 1153 1696 quisque
1178 1657 1312 1685 suam
1339 1651 1674 1695 occupauerat,
1705 1651 1750 1684 et

133 1718 358 1769 Magister
379 1717 634 1758 rhetorices
654 1722 928 1767 suggestum
949 1715 1238 1766 ascenderat,
1263 1727 1381 1756 unus
1401 1727 1599 1755 suornm
1617 1716 1752 1756 disci·

133 1790 361 1841 pulorum,
385 1788 464 1840 qui
485 1787 742 1827 rhetorices
765 1787 999 1826 axiomata
1022 1786 1308 1827 defendenda
1331 1793 1619 1837 susceperat,
1650 1797 1750 1826 ora-

134 1860 308 1901 tionem
330 1870 423 1899 non
438 1858 706 1909 prolixam,
726 1858 809 1897 sed
828 1857 948 1897 satis
973 1858 1157 1903 bonam,
1176 1858 1408 1908 praesenti
1423 1858 1577 1896 animo
1594 1864 1637 1896 et
1654 1857 1755 1897 sine

136 1930 487 1982 perturbatione
508 1929 682 1969 habuit:
707 1928 871 1968 deinde
893 1934 936 1968 et
957 1928 1171 1979 discipuli
1193 1935 1235 1967 et
1252 1928 1439 1978 quidam
1458 1928 1534 1967 alii
1551 1927 1664 1967 foris
1679 1928 1754 1981 ad-

136 2007 380 2042 uentantes
402 2006 805 2050 argumentantur;
824 2010 850 2038 a
870 1998 1190 2050 Praeceptore‚
1209 1999 1610 2038 dissertationibus
1626 2011 1757 2050 prae-

136 2072 275 2122 fecto,
299 2072 345 2111 in
367 2070 655 2121 argumentis
677 2069 954 2119 diriguntur,
979 2076 1023 2109 et
1045 2070 1120 2109 illa
1143 2069 1390 2119 interdum,
1409 2081 1513 2109 cum
1535 2081 1650 2121 opus
1669 2077 1755 2118 est,

137 2143 435 2184 declarantur
455 2174 462 2190 ,
504 2141 708 2180 breuiter
747 2140 1055 2191 quarumdam
1094 2152 1249 2180 rerum
1289 2152 1407 2192 quae
1446 2140 1759 2180 occurrebant

137 2225 320 2253 summa
341 2212 567 2263 exposita.
593 2211 772 2251 Affixae
793 2217 926 2250 erant
944 2211 1110 2262 parieti
1127 2210 1388 2261 descriptae
1403 2211 1640 2250 orationes
1658 2221 1761 2261 per-

139 2284 326 2334 multae,
351 2290 394 2323 et
415 2282 624 2323 carmina
646 2286 1118 2332 tam‘praeceptorum
1139 2293 1276 2332 quam
1294 2282 1498 2332 ipsorum
1516 2282 1761 2332 discipulo-

139 2367 258 2405 rum,
283 2362 379 2394 tam
400 2365 584 2404 graece,
610 2364 748 2404 quam
770 2353 932 2402 latine,
957 2353 1075 2392 varii
1098 2353 1284 2403 generis
1307 2353 1592 2401 orationum,
1624 2364 1761 2403 quae-

141 2426 249 2466 dam
269 2425 316 2465 in
331 2424 636 2476 paupertatis,
657 2423 885 2475 quaedam
901 2423 1198 2471 diuitiarum,
1214 2422 1441 2473 quaedam
1459 2422 1505 2462 in
1522 2423 1764 2474 ipsiusmet

141 2496 371 2547 Principis
400 2494 661 2535 Cardinalis
689 2494 894 2544 laudem,
926 2494 1232 2544 compositae,
1269 2501 1312 2532 et
1340 2494 1527 2544 insuper
1555 2494 1674 2533 aliae
1706 2493 1764 2533 de

143 2567 246 2607 aliis
266 2566 492 2606 similibus
513 2571 783 2614 tractantes,
808 2565 1014 2616 exceptis
1036 2564 1122 2613 his,
1147 2575 1261 2614 quas
1282 2563 1422 2604 etiam
1442 2560 1768 2615 in'proponen-

142 2637 212 2677 dis
232 2636 522 2687 argumentis
543 2635 645 2687 ipsi,
669 2635 746 2687 qui
767 2635 1231 2686 argumentabantur,
1256 2635 1640 2685 pronuntiabant,
1665 2635 1763 2686 qui-

142 2709 229 2748 bus
251 2707 462 2747 omnibus
484 2713 578 2746 tres
598 2707 741 2746 horae
762 2711 1065 2756 consumptae
1087 2712 1207 2745 sunt.
1234 2705 1293 2745 At
1314 2705 1500 2756 vesperi
1519 2706 1664 2745 multo
1695 2717 1766 2745 ce·

141 2778 314 2818 lebrius
347 2789 422 2817 res
456 2783 649 2828 peracta
679 2782 763 2816 est:
801 2776 1006 2816 interfuit
1040 2775 1264 2827 Princeps
1300 2775 1583 2826 Cardinalis,
1619 2787 1771 2827 nepos.

142 2849 279 2900 illius,
309 2848 538 2888 Dominus
567 2847 815 2897 Antonius,
852 2847 1031 2886 nobiles
1066 2847 1142 2887 alii
1177 2853 1220 2887 et
1255 2846 1346 2886 viri
1381 2845 1520 2896 docti,
1556 2847 1766 2897 religiosi

201 3035 209 3053 ¹
250 3037 284 3061 et
301 3033 346 3059 ad
361 3032 422 3059 Dei
440 3039 607 3065 magnam
622 3032 782 3066 gloriam.
800 3032 992 3058 POLAxcus.

199 3083 214 3102 2
250 3081 520 3115 proponeretur.
536 3079 585 3107 10.
