2020 3342
283 238 358 277 430
794 237 1019 274 L1TTERAE
1046 245 1406 278 QUADRIMESTRES

364 335 501 376 Pueri
522 335 708 387 quidem
729 340 824 374 tam
846 339 953 373 sunt
969 332 1103 372 nobis
1120 332 1308 382 addicti,
1328 332 1536 383 tantique
1551 338 1738 372 nostras
1755 333 1917 373 lectio-

285 418 368 447 nes
387 407 578 455 faciunt,
603 412 652 446 ut
669 411 877 455 tempore
894 403 1198 443 recreationis
1214 414 1455 450 conCeSSO,
1476 415 1502 443 a
1519 402 1627 443 ludo
1645 403 1786 443 etiam
1807 403 1913 443 abs-

285 478 434 518 tinere
461 477 620 524 uelint,
660 483 703 515 et
732 486 848 526 opus
876 480 945 514 est
974 486 999 513 a
1026 473 1160 513 nobis
1192 473 1326 513 statis
1353 474 1819 524 temporibus.studia
1846 474 1916 514 in·

285 548 543 588 termittere
564 552 808 597 cogantur.
833 545 1060 585 Priuatim
1081 544 1221 584 etiam
1243 544 1402 584 doceri
1431 545 1624 596 cupiunt
1651 550 1695 584 et
1723 556 1749 584 a
1777 546 1908 584 scho-

286 618 341 658 lis
362 617 547 658 excludi
578 618 657 657 uix
684 622 892 667 possunt:
925 615 1013 655 hoc
1041 615 1127 655 sibi
1159 615 1346 655 omnino
1377 615 1660 666 persuadent
1691 615 1861 666 optime
1883 627 1909 654 a

286 688 419 728 nobis
446 693 491 728 et
520 688 760 727 literarum
790 692 834 726 et
860 697 1041 726 morum
1072 686 1351 725 documenta
1383 685 1519 725 tradi.
1550 685 1733 726 Timent
1760 697 1845 725 nos
1867 692 1915 725 et

287 764 444 799 amant
465 765 508 799 et
530 759 647 798 alios
668 758 813 797 variis
833 757 982 797 modis
1003 756 1061 796 ad
1084 768 1169 795 nos
1190 756 1402 806 inuitant,
1427 757 1633 796 dicentes
1657 756 1814 796 omnia
1831 756 1915 796 illa.

286 841 398 870 uera
421 841 537 879 esse,
562 841 680 880 quae
703 829 758 868 de
779 828 911 868 nobis
932 827 1279 879 praedicantur:
1303 839 1388 867 nec
1418 828 1707 878 solumquae
1729 827 1789 867 ad
1817 827 1912 866 lite-

286 913 380 950 ras,
404 901 485 940 sed
506 901 644 940 etiam
667 911 786 951 quae
807 899 866 939 ad
887 909 1040 938 mores
1063 898 1309 949 pertinent,
1334 898 1470 938 auide
1491 910 1517 938 a
1548 899 1682 938 nobis
1711 898 1910 938 discunt.

285 972 422 1012 Nulla
451 978 519 1011 est
549 978 699 1019 aetas,
731 982 849 1021 quae
877 982 969 1009 non
997 969 1199 1009 fateatur
1230 981 1314 1009 nos
1342 970 1453 1009 nulli
1484 980 1586 1009 esse
1616 968 1918 1020 offendiculo,

285 1043 377 1082 imo
398 1043 526 1082 velut
545 1053 658 1081 suae
680 1048 874 1080 naturae
896 1040 1100 1079 bonitate
1125 1040 1253 1089 victi,
1277 1040 1410 1079 nobis
1437 1040 1552 1079 bene
1581 1040 1797 1080 uidentur
1819 1039 1913 1080 affi-

288 1114 344 1163 ci,
369 1113 583 1164 quamuis
604 1124 688 1152 suo
712 1123 840 1151 more
862 1111 1087 1159 diabolos,
1119 1117 1163 1150 et
1191 1111 1349 1150 nescio
1377 1122 1508 1161 quos,
1538 1117 1721 1150 uocent.
1752 1110 1911 1150 Prohi-

285 1184 486 1224 buerunt
524 1183 711 1235 quidem
749 1182 905 1222 Duces
945 1181 1258 1230 Hussitarum,
1299 1192 1405 1221 cum
1444 1182 1656 1221 uiderent
1689 1193 1916 1232 magnam·

286 1253 629 1295 multitudinem
647 1252 705 1293 ad
726 1264 811 1292 nos
832 1252 1080 1301 confluere,
1104 1264 1160 1291 ne
1182 1252 1285 1303 quis
1306 1263 1497 1292 suorum
1519 1253 1609 1292 huc
1627 1253 1819 1292 auderet
1837 1263 1913 1292 ac-

287 1326 468 1375 cedere;
491 1325 629 1376 idque
650 1324 855 1364 secundo
882 1329 1157 1372 statuerunt,
1191 1334 1467 1374 omnemque
1495 1330 1684 1363 mouent
1710 1322 1913 1374 lapidem

286 1409 344 1436 ne
367 1397 494 1436 ciues
514 1392 600 1435 nOs
627 1395 831 1435 audiant.
863 1394 1171 1434 Nihilominus
1202 1400 1355 1433 tamen
1383 1394 1448 1434 illi
1475 1405 1586 1433 suos
1617 1394 1675 1434 ad
1702 1406 1786 1434 nos
1815 1393 1913 1433 mit-

286 1473 403 1507 tunt.
425 1467 603 1507 Malunt
625 1467 747 1506 enirn
770 1466 933 1516 gratis,
959 1465 1120 1504 melius
1144 1465 1475 1516 honestiusque
1496 1465 1653 1504 doceri
1671 1464 1792 1516 apud
1811 1476 1919 1515 nos,

287 1540 427 1579 etiam
449 1537 749 1586 schismatici,
774 1548 912 1587 quam
936 1536 1058 1575 alibi.
1083 1536 1363 1586 Experimur
1384 1542 1541 1575 tamen
1559 1535 1723 1575 horum
1742 1546 1915 1586 pueros

287 1611 425 1660 longe
448 1610 599 1649 minus
621 1620 759 1660 quam
782 1607 1039 1647 catholicos
1061 1606 1303 1657 proficere.
1328 1605 1422 1646 Nec
1445 1607 1534 1657 ipsi
1563 1606 1825 1646 aduersarii
1852 1606 1925 1645 div

287 1680 406 1720 fiteri
428 1686 616 1731 queunt,
641 1679 751 1730 quin
773 1678 974 1718 habeant
997 1684 1157 1717 nostro
1185 1678 1230 1716 in
1254 1676 1460 1727 Collegio
1483 1689 1508 1716 a
1531 1677 1695 1728 quibus
1716 1677 1762 1716 in
1790 1677 1915 1716 omni

286 1763 458 1802 genere
476 1751 730 1798 literarum,
749 1756 845 1789 tam
862 1749 906 1788 in
930 1748 1282 1788 humanioribus
1297 1748 1458 1798 literis,
1478 1748 1647 1797 latinis,
1665 1747 1851 1798 graecis
1870 1753 1914 1787 et

288 1822 535 1869 hebraicis,
560 1833 699 1872 quam
726 1821 772 1860 in
799 1819 1075 1870 theologicis
1104 1826 1148 1858 et
1178 1819 1528 1870 philosophicis,
1559 1818 1756 1858 fideliter
1788 1818 1912 1858 insti-

286 1898 490 1932 tuantur.
515 1892 697 1931 Timcre
719 1890 933 1931 uidentur
956 1890 1297 1930 haereticorum
1315 1889 1528 1940 Magistri
1544 1902 1601 1929 ne
1618 1889 1921 1929 instituamus

288 1964 648 2015 disputationem
670 1975 724 2002 ac
746 1974 826 2002 eos
857 1973 1177 2013 prouocemus.
1208 1961 1441 2000 Dicuntur
1473 1973 1530 2000 cx
1558 1960 1810 2000 Germania
1839 1961 1914 2000 ad-

289 2046 459 2075 uocare
481 2035 608 2074 viros
625 2034 851 2084 quosdam
873 2033 1047 2079 doctos,
1067 2044 1263 2083 quorum
1282 2043 1422 2083 opera
1440 2031 1677 2081 Pragense
1695 2031 1919 2080 studium,

288 2106 413 2156 quod
434 2106 543 2145 olim
564 2105 733 2154 floruit,
758 2105 1033 2153 instaurent;
1057 2103 1136 2142 sed
1160 2114 1265 2154 spes
1286 2109 1447 2142 nostra
1468 2102 1710 2142 Dominus.

370 2177 441 2216 Ex
461 2175 753 2216 xenodochio
775 2175 908 2214 nobis
933 2174 1088 2214 vicino
1109 2185 1203 2213 non
1221 2173 1444 2224 exiguum
1459 2172 1662 2212 fructum
1681 2172 1832 2212 nostri
1849 2184 1916 2211 re-

290 2249 509 2296 tulerunt,
535 2246 792 2286 catholicos
813 2245 1152 2284 confirmando.
1179 2243 1439 2295 Quemdam
1460 2245 1598 2283 etiam
1626 2243 1916 2282 haereticum

290 2319 363 2358 his
384 2317 546 2357 diebus
574 2316 631 2356 ad
661 2328 825 2356 sanam
855 2322 1057 2355 mentem
1088 2326 1169 2365 per
1200 2314 1539 2354 confessionem
1568 2321 1913 2365 permouerunt.

370 2387 614 2428 Archidux
634 2387 977 2435 Ferdinandus,
1002 2393 1051 2425 ut
1075 2386 1221 2436 patris
1242 2397 1412 2425 nomen
1433 2385 1625 2424 sortitus
1642 2391 1726 2434 est,
1746 2385 1809 2424 ita
1827 2384 1915 2423 vir-

290 2466 436 2498 tutem
452 2459 672 2497 imitatur.
694 2457 882 2497 Publice
899 2469 982 2508 per
1000 2467 1258 2507 praecones
1274 2456 1555 2506 proclamari
1572 2455 1720 2505 iussit,
1739 2466 1796 2494 ne
1813 2454 1917 2505 quis

291 2529 399 2568 huic
421 2529 617 2578 collegio
640 2529 732 2567 ulla
755 2528 801 2566 in
822 2539 872 2567 re
893 2538 1062 2566 nocere
1086 2527 1291 2566 auderet.
1315 2526 1448 2566 Nunc
1471 2526 1707 2576 profectus
1726 2531 1797 2564 est
1814 2524 1915 2565 Chi-

291 2600 437 2640 liarca
460 2599 504 2638 in
527 2598 791 2649 Vngariam
820 2598 844 2648 ¹,
869 2604 911 2637 et
935 2610 960 2636 a
978 2598 1126 2648 nobis,
1148 2604 1196 2636 ut
1213 2597 1368 2637 senior
1385 2608 1608 2636 coronam
1623 2595 1652 2646 ⁸²,
1672 2596 1736 2636 ita
1757 2602 1802 2635 et
1817 2595 1917 2647 ipse

346 2804 357 2824 ¹
396 2804 649 2831 “Ferdinandus
674 2804 849 2831 Archidux
875 2808 995 2831 contra
1017 2803 1158 2837 Turcas,
1182 2810 1323 2837 quorum
1345 2803 1513 2831 exercitus
1534 2810 1676 2836 magnus
1696 2802 1869 2836 irruperat
1884 2805 1920 2828 et:

292 2859 407 2879 arcem
437 2851 617 2885 Szigetvar
645 2858 766 2885 capere
788 2852 938 2883 volebat,
959 2850 1029 2878 3000
1052 2851 1183 2885 equites
1204 2854 1237 2877 et
1259 2851 1398 2877 totidem
1418 2850 1550 2884 pedites
1577 2850 1764 2884 penultima
1793 2849 1923 2876 mensis

293 2899 441 2933 Augusti
466 2898 675 2925 hebdomade
700 2906 803 2932 prope
819 2898 986 2926 Viennam
1010 2899 1170 2925 collectos
1195 2899 1226 2925 in
1248 2898 1461 2932 Hungariam
1483 2898 1627 2924 duxerat
1642 2897 1761 2930 (Hz'rn,
1775 2896 1917 2923 Erzher-

292 2954 353 2979 zog
368 2945 561 2973 Ferdinand
578 2945 607 2972 ΙΙ
623 2953 689 2972 von
706 2945 983 2978 Tirol‚1,‘.’4-‘.⁷J,>.„
999 2946 1280 2977 BRAUNSBERGER,
1295 2946 1313 2972 1.
1332 2953 1372 2979 c.,
1384 2953 1462 2979 pag.
1474 2945 1534 2973 771.
1549 2950 1663 2972 annot.
1677 2944 1703 2972 6.

345 2994 358 3012 '²
396 2993 649 3020 “Ferdinandus
670 2993 683 3020 Ι
701 3001 759 3019 rex
773 2992 911 3020 aSociis
932 3001 1090 3020 coronam
1112 2993 1240 3020 Beatae
1261 2993 1389 3020 Mariae
1410 2993 1565 3026 Virginis
1586 2993 1659 3019 sive
1681 2991 1848 3019 rosarium
1862 2998 1920 3018 ac-

291 3046 461 3075 ceperat„
475 3041 535 3073 Iu,
553 3040 654 3072 Ibz'd„
668 3045 782 3067 annot.
797 3040 823 3067 7.
838 3040 924 3067 Vide
939 3048 1052 3074 supra,
1068 3048 1147 3074 pag.
1162 3040 1227 3067 331.
