2020 3342
241 281 315 318 204
751 279 975 316 Lirmifflss
1007 288 1364 321 QUADfflMESTRES

243 378 340 428 sed,
377 379 467 417 sint
495 378 595 416 Deo
631 379 882 417 immensae
910 375 1107 426 gratiae,
1143 375 1327 426 pauculi
1364 377 1481 416 rami
1517 375 1705 415 dissecti
1742 380 1865 426 sunt3

245 449 432 500 purgati
453 454 558 487 sunt
581 448 760 499 reliqui,
785 459 839 487 ac
861 446 1037 486 firmius
1059 446 1270 496 radicati;
1295 446 1454 486 inserti
1477 452 1541 486 tot
1564 447 1728 497 denuo,
1754 452 1867 498 quot

246 520 328 559 vix
354 518 606 558 sufficimus
638 518 1006 558 confessionibus
1037 524 1080 557 et
1109 517 1509 557 communionibus
1544 518 1787 558 excolere:
1822 523 1865 558 et

246 602 338 642 qua
371 590 449 630 via
484 590 572 641 piis
606 596 651 629 et
678 589 910 639 religiosis
944 588 1110 628 studiis
1144 587 1480 628 detrahendum
1510 587 1777 638 videbatur,
1815 599 1868 628 ca

247 661 474 702 Dominus
497 666 562 708 <ut
590 660 720 708 solet)
751 670 921 700 nouam
948 665 991 699 et
1019 658 1397 699 excellentiorem
1424 659 1687 710 opinionem
1717 658 1868 698 conci-

247 732 391 782 liauit,
417 731 553 783 idque
575 732 698 783 apud
729 731 899 783 probos
919 736 963 770 et
993 730 1171 781 doctos,
1195 730 1318 781 apud
1338 730 1581 781 religiosos
1610 731 1787 782 pariter
1815 741 1870 770 ac

250 805 485 843 seculares
513 803 656 853 viros,
679 803 782 843 heu!
814 802 1105 842 imbellicitas
1132 802 1274 842 animi
1301 802 1390 842 mei
1418 801 1506 841 hoc
1537 801 1700 852 effecit,
1734 813 1868 853 quae,

249 875 287 914 si
308 875 518 925 digerere
550 875 727 914 valeret
756 874 954 914 solidum
982 873 1102 913 hunc
1135 873 1300 924 cibum,
1331 884 1421 913 non
1442 872 1636 913 fuissent
1660 872 1771 913 mihi
1804 877 1873 914 tot

250 947 532 986 salsamenta
555 951 597 985 et
619 945 915 985 condimenta
937 945 1221 985 necessaria.

328 1016 412 1056 His
434 1017 694 1056 calcaribus
724 1028 748 1055 a
772 1015 972 1056 Domino
1002 1015 1213 1066 excitati,
1237 1015 1507 1055 feruentiori
1535 1015 1689 1056 animo
1722 1015 1872 1067 coepi-

249 1100 351 1128 mus
373 1087 675 1127 concionibus
702 1093 745 1127 et
775 1087 1142 1127 confessionibus
1170 1087 1410 1127 insudare:
1443 1087 1630 1138 insuper
1662 1086 1872 1128 doctrina

250 1159 508 1199 christiana
528 1159 574 1198 in
596 1159 745 1199 tribus
765 1159 1027 1210 parrochiis
1048 1158 1204 1209 pueris
1222 1191 1228 1208 ,
1253 1164 1349 1198 tam
1369 1158 1526 1198 liberis
1548 1169 1687 1209 quam
1708 1158 1872 1208 seruis,

250 1230 504 1282 proposita,
542 1236 585 1269 et
620 1230 666 1269 in
698 1241 792 1269 vna
831 1241 991 1269 earum
1026 1229 1400 1281 frequentissimo
1435 1230 1605 1280 populo
1641 1229 1874 1280 explicata

250 1301 349 1351 suit3
374 1313 478 1341 cum
501 1307 654 1341 autem
678 1300 912 1340 auditores
935 1301 992 1340 ad
1023 1299 1288 1351 erogandas
1316 1300 1622 1340 eleemosinas
1657 1300 1872 1340 exhorta·

249 1385 405 1413 remur
428 1372 533 1423 (fuit
555 1373 675 1412 enim
702 1372 744 1411 in
765 1372 853 1411 hac
875 1372 1117 1423 provincia
1140 1377 1267 1411 tanta
1290 1372 1484 1422 penuria
1507 1377 1556 1411 vt
1577 1371 1785 1411 nonnulli
1803 1381 1874 1410 or-

250 1445 420 1485 daceos
441 1443 643 1483 furfures
662 1454 746 1494 pro
770 1454 905 1494 pane,
930 1448 972 1482 et
995 1449 1154 1482 coctas
1176 1442 1375 1491 maluas,
1401 1443 1498 1482 sine
1521 1443 1623 1482 oleo
1646 1443 1721 1481 vel
1743 1447 1875 1481 aceto

248 1517 341 1556 vllo
366 1527 447 1567 pro
471 1513 779 1559 condimento,
803 1514 1134 1564 vescerentur),
1159 1514 1205 1553 in
1223 1519 1400 1553 tantam
1418 1513 1874 1554 commiserationem

251 1588 432 1628 animos
453 1598 613 1627 eorum
636 1585 863 1626 Dominus
885 1585 1153 1636 concitauit,
1176 1591 1226 1625 vt
1258 1586 1427 1625 multus
1449 1585 1598 1636 panis,
1621 1586 1778 1637 plures
1799 1595 1875 1636 pe-

251 1659 431 1708 cuniae,
470 1658 692 1709 plurimus
728 1657 926 1696 mundus
960 1657 1212 1707 muliebris,
1250 1658 1296 1696 in
1328 1657 1584 1697 subsidium
1620 1669 1876 1709 pauperum

252 1731 448 1771 collatus
473 1729 546 1770 sit:
570 1729 685 1769 haec
705 1729 902 1768 annulos
925 1740 948 1768 e
970 1728 1141 1779 digitis,
1166 1728 1443 1768 illainaures
1461 1728 1518 1768 ab
1536 1728 1739 1779 auribus,
1760 1729 1877 1769 haec

251 1802 474 1850 armillas,
507 1801 653 1840 altera
684 1806 877 1851 vestem,
902 1800 993 1839 alia
1023 1799 1218 1851 denique
1251 1800 1531 1840 calanticam
1563 1812 1588 1839 a
1621 1800 1774 1851 capite
1803 1800 1875 1840 de-

250 1879 450 1913 tractam
472 1872 747 1922 erogabant,
771 1871 935 1922 quibus
955 1870 1092 1921 graui
1120 1870 1307 1922 fereque
1337 1877 1573 1911 extremae
1605 1871 1877 1912 necessitati

249 1945 569 1996 plurimorum,
594 1955 687 1983 non
709 1943 856 1983 solum
880 1943 927 1982 in
948 1942 1152 1992 ciuitate,
1177 1942 1257 1982 sed
1279 1941 1420 1982 etiam
1436 1948 1568 1982 extra
1587 1942 1875 1994 ipsam,'sub-

251 2021 442 2055 uentum
465 2020 550 2055 est.

330 2087 499 2127 Habita
523 2087 725 2138 quadam
747 2087 971 2126 concione
1004 2086 1062 2126 ad
1092 2085 1366 2137 prostitutas
1398 2085 1680 2135 meretrices,
1716 2085 1876 2126 eduxit

249 2158 477 2199 Dominus
507 2158 566 2198 ad
599 2158 742 2198 vitam
772 2157 1011 2197 meliorem
1032 2157 1233 2208 quinque
1265 2168 1322 2196 ex
1353 2156 1634 2196 suburbanis
1654 2155 1791 2196 huius
1816 2156 1877 2195 ci-

249 2231 429 2280 uitatis;
453 2236 548 2270 tres
568 2241 702 2277 vero,
728 2229 818 2269 alia
846 2229 1093 2276 concione,
1127 2240 1185 2268 ex
1206 2227 1376 2279 oppido
1404 2227 1584 2267 ciuitati
1605 2227 1785 2267 vicino:
1821 2239 1878 2267 ex

248 2301 320 2341 his
342 2302 460 2341 aliae
482 2301 720 2351 religioni,
745 2300 864 2340 aliae
886 2299 1047 2351 nuptui
1078 2299 1277 2339 traditae
1309 2303 1429 2338 sunt.
1462 2297 1653 2338 Praeter
1684 2299 1869 2338 solitam

248 2373 473 2413 hactenus
495 2383 607 2423 erga
631 2383 869 2412 carcerem
890 2377 934 2410 et
956 2369 1250 2410 xenodochia
1271 2381 1449 2420 curam,
1474 2369 1779 2409 conuenimus
1801 2369 1873 2409 his

250 2443 410 2483 diebus
432 2443 490 2483 ad
511 2443 608 2491 illa,
633 2454 757 2482 nunc
778 2448 893 2492 treS,
917 2453 1039 2481 nunc
1062 2446 1261 2492 quatuor
1291 2441 1582 2480 sacerdotes:
1613 2440 1877 2480 audiuimus

251 2526 343 2555 non
363 2526 553 2565 paucas,
577 2514 659 2554 sed
680 2514 971 2554 necessarias
990 2518 1032 2552 et
1055 2523 1258 2552 annosas
1275 2523 1533 2563 pauperum
1550 2519 1594 2552 et
1611 2512 1876 2552 vinctorum

252 2586 583 2635 confessiones,
607 2597 755 2636 neque
776 2585 821 2624 id
837 2585 935 2624 sine
957 2595 1128 2634 magno
1150 2582 1360 2634 profectu
1378 2589 1421 2623 et
1440 2583 1564 2624 vitae
1583 2583 1787 2624 euidenti
1809 2594 1877 2622 rc-

251 2657 550 2697 formatione:
582 2657 710 2705 hinc,
739 2656 948 2696 remissis
976 2655 1180 2705 iniuriis,
1210 2665 1303 2706 pax
1330 2654 1448 2694 inter
1478 2655 1658 2706 aliquos
1689 2665 1877 2705 compo-

254 2728 344 2769 sita
367 2734 449 2768 est.

334 2798 597 2839 Visitarunt
619 2799 807 2851 quidam
829 2811 885 2838 ex
914 2799 1085 2839 nostris
1109 2797 1271 2838 Patres
1300 2808 1468 2838 nouem
1499 2797 1669 2848 oppida
1698 2796 1879 2836 ciuitati

257 2871 363 2911 huic
385 2870 554 2919 vicina,
578 2871 623 2909 in
645 2870 809 2921 quibus
831 2881 966 2910 mane
996 2870 1246 2909 conciones
1273 2869 1522 2918 habebant,
1553 2879 1748 2918 vespere
1770 2878 1876 2907 con-

254 2941 478 2992 gregatis,
503 2947 697 2980 sonante
720 2940 933 2988 cimbalo,
959 2940 1127 2991 pueris,
1162 2939 1423 2979 doctrinam
1455 2939 1760 2979 christianam
1794 2938 1879 2978 cir-

255 3024 361 3052 cum
382 3012 600 3063 oppidum
623 3023 740 3052 voce
763 3013 930 3052 deuota
956 3023 1103 3062 Vsque
1128 3011 1186 3051 ad
1208 3011 1456 3051 ecclesiam
1481 3010 1761 3059 referebant,
1796 3009 1878 3050 ibi-

258 3095 344 3137 que
370 3083 666 3136 congregatis
689 3083 933 3135 oppidanis
955 3082 1270 3134 declarabant,
1292 3087 1596 3135 segregantes
1615 3080 1876 3122 studiosum
