2020 3342
273 275 344 312 300
773 274 999 311 LlTTERAE
1026 284 1382 317 QUADRIMESTRES

277 370 489 422 specioso
511 371 736 410 uocabulo
758 369 1036 421 appellanda
1058 371 1174 418 est),
1197 370 1235 410 si
1257 375 1335 410 aut
1357 369 1468 409 mihi
1489 375 1566 409 aut
1588 370 1802 410 fortunae
1832 381 1887 410 ac

274 453 367 481 non
388 441 540 492 potius
562 440 705 481 diuini
725 440 900 481 fauoris
923 440 1110 491 auxilio,
1135 440 1269 480 nobis
1290 440 1601 480 sanctissimis
1627 440 1719 481 tuis
1742 440 1886 492 preci—

271 513 370 562 bus,
395 518 491 552 tum
513 511 676 552 merito
699 517 890 552 sanctae
913 511 1199 551 obedientiae
1222 517 1512 563 comparato,
1537 517 1780 563 acceptum
1798 511 1885 551 fer-

273 595 384 633 rem,
415 583 607 623 nimium
635 583 746 622 mihi
782 593 1027 632 sumerem,
1065 594 1151 622 nec
1186 582 1505 622 foedissimum
1539 581 1888 633 ingratitudinis

272 654 447 694 crimen
469 653 737 704 effugerem.

347 725 591 765 Messanae
626 724 955 776 septemdecim
991 724 1089 764 dies
1124 725 1414 775 commorati,
1451 724 1673 776 postridie
1709 723 1888 764 Natalis

268 796 441 837 Christi
462 795 829 835 conscendentes
850 795 1008 835 nauim
1030 794 1313 835 Panormum
1334 795 1436 835 uela
1458 795 1677 844 fecimus3
1710 806 1800 846 quo
1822 806 1887 834 se-

269 867 420 907 cunda
441 866 743 917 nauigatione
765 866 901 906 tertio
930 866 1002 906 die
1032 877 1212 906 summo
1241 877 1377 906 mane
1408 866 1719 917 pei-uenimus
1751 865 1888 906 Vnde

268 937 476 978 calendis
501 937 712 989 Januarii
739 938 859 977 laeto
890 937 1042 977 omine
1070 937 1441 988 proficiscenteS‚
1473 937 1700 977 Biuonam
1726 935 1889 977 eodem

268 1008 341 1049 die
363 1009 441 1049 sed
464 1009 608 1048 multa
629 1015 765 1048 nocte
789 1008 1088 1048 accessimus.

346 1080 517 1129 Habes,
542 1079 835 1119 obseruande
857 1079 902 1119 in
925 1078 1111 1119 Christo
1132 1077 1291 1130 Pater,
1317 1079 1494 1119 itineris
1515 1079 1664 1119 nostri
1684 1078 1888 1118 breuiter

268 1151 550 1202 explicatam
572 1151 816 1190 rationem:
842 1151 1002 1201 accipe
1023 1162 1146 1190 nunc
1169 1150 1330 1190 eadem
1350 1149 1577 1190 breuitate
1594 1161 1712 1201 quae
1734 1150 1792 1189 ab
1809 1150 1887 1190 illo

269 1228 477 1273 tempore
499 1233 646 1273 usque
668 1221 714 1261 in
735 1228 1028 1272 praesentem
1050 1221 1171 1261 diem
1191 1233 1272 1273 per
1293 1233 1392 1272 nOS‚
1417 1221 1559 1261 tantis
1588 1221 1696 1261 licet
1722 1220 1887 1261 benefi-

270 1293 354 1333 ciis
376 1292 608 1343 indignos,
632 1291 860 1332 Dominus
881 1298 1039 1332 noster
1059 1293 1193 1345 Jesus
1214 1292 1426 1333 Christus
1442 1292 1648 1332 Biuonae
1670 1297 1889 1344 operatus

269 1369 352 1404 est.
393 1363 639 1404 Aduentus
674 1370 831 1403 noster
866 1375 1005 1415 quam
1039 1363 1177 1404 fuerit
1203 1370 1367 1414 gratus
1394 1364 1607 1404 omnibus
1634 1375 1727 1404 non
1751 1363 1889 1404 facile

269 1435 426 1475 uerbis
447 1446 695 1486 exponam:
719 1434 850 1474 cuius
872 1435 995 1474 fama
1017 1446 1121 1474 cum
1143 1434 1295 1475 subito
1324 1434 1382 1474 ad
1404 1435 1610 1475 omnium
1631 1446 1770 1475 aures
1788 1446 1888 1486 per—

268 1506 487 1555 uenisset,
511 1506 678 1545 mirum
702 1505 827 1545 dictu
844 1517 983 1557 quam
1000 1505 1264 1557 frequentes
1281 1506 1339 1545 ad
1356 1518 1440 1546 nos
1461 1506 1765 1546 conuenirent
1783 1517 1888 1546 con-

267 1577 549 1629 gratulaturi
570 1577 702 1617 nouis
733 1577 1005 1629 hospitibus,
1030 1577 1257 1629 simulque
1284 1577 1523 1626 laetitiam,
1557 1588 1697 1629 quam
1728 1584 1888 1618 nostra

266 1649 355 1689 illis
391 1648 634 1699 ingerebat
668 1648 949 1700 praesentia,
983 1648 1149 1700 quibus
1183 1654 1400 1700 poterant
1430 1648 1600 1700 modiS,
1639 1648 1885 1690 ostensuri.

267 1720 390 1760 Inter
424 1731 543 1771 quos
577 1720 675 1771 ipsc
703 1731 885 1772 quoque
913 1720 1116 1759 ciuitatis
1143 1720 1446 1770 gubernator,
1480 1720 1557 1772 qui
1583 1720 1888 1771 magistratus

267 1791 473 1831 Biuonae
501 1791 814 1842 amplissimus
842 1797 924 1842 cst,
949 1791 1199 1831 comitatus
1227 1791 1377 1831 iudice
1407 1797 1544 1843 atque
1576 1791 1887 1832 ornatissimis

269 1862 451 1902 ciuibus
472 1862 531 1902 ad
547 1874 632 1902 nos
648 1863 790 1902 uenit:
815 1862 891 1913 qui
912 1868 1016 1913 post
1037 1863 1222 1912 multaS,
1245 1868 1343 1902 tum
1363 1861 1420 1903 de
1440 1862 1563 1903 ΗΜΘ
1588 1862 1887 1903 Paternitatis

265 1933 316 1974 T.
343 1933 623 1984 ualetudine,
646 1939 742 1973 tum
764 1933 819 1973 de
842 1932 1088 1973 Societatis
1118 1933 1328 1974 instituto
1359 1940 1496 1985 atque
1525 1934 1884 1986 propagatione,

264 2004 667 2056 percontationes,
692 2016 825 2044 suam
846 2004 979 2044 nobis
1001 2016 1184 2044 omnem
1207 2016 1397 2056 operam
1424 2005 1671 2056 pollicitus,
1697 2004 1888 2045 laetissi-

265 2087 368 2115 mus
385 2075 627 2115 abscessit.
646 2074 803 2126 Ipsum
822 2086 1002 2126 quoque
1019 2076 1188 2126 uulgus
1203 2081 1363 2116 nostro
1385 2075 1587 2116 aduentu
1605 2076 1720 2116 adeo
1745 2076 1886 2116 laeta-

265 2152 361 2187 tum
379 2152 464 2197 est,
478 2151 527 2186 ut
544 2146 728 2197 publica
745 2157 906 2186 omnes
922 2158 1036 2186 uoce
1054 2152 1210 2197 patres
1226 2158 1335 2186 suos
1352 2146 1597 2186 aduenisse
1610 2137 1884 2187 clamarent:

267 2217 392 2269 quod
411 2228 581 2257 nomen
602 2217 741 2257 etiam
762 2217 807 2256 in
830 2217 1104 2257 hodiernum
1127 2217 1247 2257 diem
1270 2217 1506 2268 remansit3
1531 2217 1735 2258 nondum
1765 2218 1887 2258 enim

267 2287 516 2329 Societatis
542 2287 652 2341 Jesu
679 2299 849 2328 nomen
876 2288 1143 2339 regionibus
1170 2288 1272 2328 istis
1299 2288 1511 2329 innotuit.
1545 2288 1703 2340 Neque
1730 2294 1887 2329 tamen

265 2365 440 2399 temere
457 2364 704 2410 paternum
720 2359 852 2398 nobis
871 2370 1039 2399 nomen
1056 2359 1332 2410 imposuisse
1350 2359 1583 2410 uidentur,
1605 2360 1775 2400 etenim
1791 2371 1886 2400 non

266 2431 399 2470 aliter
428 2441 568 2481 quam
595 2436 813 2481 parentes
840 2437 1021 2480 amant,
1046 2436 1328 2470 uenerantur
1358 2436 1402 2470 et
1433 2431 1611 2471 colunt:
1642 2442 1789 2482 eaque
1817 2436 1886 2471 est

265 2501 505 2541 hominum
532 2501 587 2540 de
613 2500 747 2540 nobis
773 2501 955 2552 opinio,
985 2501 1169 2541 uenisse
1200 2512 1286 2541 nos
1315 2507 1362 2541 ut
1388 2501 1643 2541 extinctam
1675 2501 1885 2542 christia-

266 2583 374 2612 nam
394 2571 666 2622 religionem
688 2571 733 2611 in
755 2572 999 2623 pristinum
1022 2571 1238 2612 decorem
1258 2572 1576 2612 restituamus:
1601 2571 1721 2623 quod
1744 2584 1885 2624 quam

266 2654 430 2683 uerum
451 2643 524 2693 sit,
549 2654 606 2682 ex
627 2642 698 2693 iis,
723 2654 840 2694 quae
864 2643 1174 2692 subiiciemus,
1200 2643 1371 2682 clarius
1394 2643 1651 2694 apparebit.

346 2713 622 2765 Priusquam
651 2714 741 2754 huc
762 2714 1072 2763 uenissemus,
1096 2725 1266 2764 magna
1289 2725 1398 2765 pars
1430 2714 1602 2754 ciuium
1628 2715 1737 2755 ludo
1768 2715 1884 2755 adeo

267 2785 423 2825 dedita
451 2790 567 2835 erat,
599 2790 648 2824 ut
681 2791 803 2824 totos
832 2785 929 2825 dies
960 2785 1020 2825 ad
1050 2796 1259 2825 mensam
1287 2792 1364 2825 aut
1391 2785 1655 2836 periculoso
1677 2786 1885 2826 alearum

268 2856 391 2896 iactu
427 2860 506 2895 aut
541 2855 813 2895 chartarum
844 2856 1035 2907 ancipiti
1064 2856 1318 2896 certamine
1354 2856 1503 2896 otiosa
1534 2856 1756 2907 exigeret.
1797 2855 1885 2907 Qui

267 2938 370 2967 mos
389 2926 586 2966 fratrum
607 2932 876 2966 nostrorum
899 2927 1142 2977 uigilantia
1165 2926 1228 2966 ita
1250 2927 1459 2967 sublatus
1480 2932 1564 2977 est,
1588 2932 1636 2966 ut
1657 2938 1684 2966 a
1705 2927 1884 2967 duobus

266 2997 362 3038 fere
383 2997 619 3037 mensibus
639 3008 867 3048 nusquam
890 2998 1067 3038 lusores
1084 2998 1399 3049 apparuerint.
1423 2997 1540 3050 Ipsis
1556 3009 1667 3038 uero
1688 2997 1883 3038 baccha-

266 3069 496 3111 naliorum
519 3067 662 3117 festis,
686 3079 776 3120 quo
798 3073 1020 3119 tempore,
1046 3068 1191 3108 ueteri
1211 3068 1395 3119 quidem
1412 3068 1492 3108 sed
1508 3068 1761 3108 illaudabili
1777 3080 1882 3109 con-
