2020 3342
805 302 887 340 AN.
918 301 1008 339 1556
1648 299 1714 340 195

95 402 229 442 brant
247 399 418 452 jacula,
443 401 488 440 in
509 412 591 440 sua
613 400 767 452 capita
795 405 1164 451 retorqueantur,
1195 397 1283 449 Qui
1313 403 1466 438 autem
1488 398 1710 438 exercita-

95 481 166 512 tos
188 472 358 512 habent
387 483 565 521 sensus,
590 482 750 511 eorum
779 471 920 510 verba
941 473 1272 521 aspernantes,
1298 469 1464 509 maiori
1493 480 1597 508 cum
1625 470 1714 509 ala-

98 543 262 582 critate
295 549 338 582 et
373 543 539 588 robore
564 542 855 593 gradiuntur.
893 542 1071 581 Tantus
1106 541 1260 592 itaque
1295 546 1364 579 est
1400 539 1718 580 confitentium

99 624 369 662 concursus,
408 619 457 652 vt
495 625 587 652 non
626 613 774 652 solum
809 612 932 663 apud
970 611 1193 652 Sanctum
1233 610 1519 650 Germanum
1557 610 1719 650 diebus

99 684 228 724 festis
267 695 562 734 occupemur,
607 694 766 723 verum
806 683 945 722 etiam
982 682 1355 734 frequentissime
1394 681 1532 731 domi,
1575 681 1716 732 quoti—

101 755 172 794 die
194 755 316 806 apud
338 754 509 794 Diuum
535 753 767 801 Cosmam,
801 765 891 804 quo
915 755 1165 793 conuolant
1187 764 1243 792 ex
1275 752 1416 792 totius
1439 751 1641 791 ciuitatis
1658 753 1718 791 lo-

100 825 167 865 cis
191 825 515 865 remotioribus
538 825 802 875 frequentes
829 831 1070 864 matronae
1092 824 1340 875 pleraeque
1365 823 1560 873 nobiles,
1584 834 1718 874 quae,

99 897 312 948 quamuis
333 896 547 947 proprios
574 895 776 935 habeant
805 895 1118 935 confessarios
1148 906 1200 934 ac
1230 894 1394 944 procul
1425 893 1674 934 admodum
1695 905 1722 934 a
1759 945 1762 948 ἦ

100 968 232 1008 nobis
263 968 448 1017 distent,
480 967 647 1007 mirum
677 972 850 1017 quanto
880 966 1067 1006 feruore
1096 966 1159 1005 ad
1192 976 1279 1005 nos
1315 971 1579 1005 accurrant.
1618 964 1722 1005 Viri

101 1045 254 1079 autem
282 1038 525 1089 primarii,
547 1037 622 1089 qui
651 1038 807 1089 palam
838 1037 985 1077 uideri
1011 1037 1188 1087 nolunt,
1213 1036 1260 1076 P.
1291 1035 1634 1076 Prouincialem
1664 1035 1722 1075 ad

101 1122 201 1151 sese
219 1110 452 1149 aduocant
469 1109 570 1160 ipsi.
592 1108 792 1148 Tantam
814 1109 1009 1160 denique
1026 1107 1243 1159 permulti
1264 1119 1326 1146 ex
1347 1106 1723 1156 confessionibus

100 1181 467 1221 consolationem
495 1179 771 1231 percipiunt,
795 1186 844 1219 Vt
872 1186 967 1218 tum
989 1179 1172 1218 demum
1201 1178 1459 1229 incoepisse
1480 1178 1654 1227 viuere,
1679 1183 1723 1217 et

101 1253 313 1292 libertate
342 1251 516 1301 donati,
546 1250 637 1290 sibl
661 1251 929 1290 videantur.
960 1249 1033 1290 Ab
1064 1249 1257 1289 infirmis
1285 1249 1424 1288 etiam
1449 1248 1723 1299 saepissime

103 1330 315 1364 vocatur:
340 1322 559 1374 quoniam
587 1328 681 1361 tum
713 1322 798 1361 sibi
826 1322 1117 1361 satisfactum
1144 1327 1187 1360 et
1215 1326 1314 1360 tuto
1337 1320 1541 1360 animam
1569 1319 1724 1360 efflare

104 1406 241 1446 posse
275 1400 454 1445 putant,
487 1394 566 1433 vbi
596 1393 660 1433 illi
690 1392 889 1433 confessi
919 1399 1038 1441 sunt,
1074 1392 1197 1443 quod
1227 1397 1382 1431 tamen
1413 1392 1533 1430 clam
1558 1397 1725 1430 curant

102 1465 214 1515 fieri,
238 1476 295 1504 ne
317 1464 404 1504 sibi
425 1464 682 1504 calumnias
705 1470 782 1503 aut
809 1463 942 1503 nobis
963 1463 1231 1513 grauiorem
1253 1461 1455 1502 conflent
1483 1460 1721 1511 inuidiam,

101 1542 151 1576 vt
169 1535 246 1588 qui
264 1540 553 1586 compertum
570 1534 772 1574 habeant
790 1534 835 1574 id
848 1534 1303 1585 qm'busdanzparum
1321 1544 1422 1573 esse
1433 1538 1635 1584 gratum.
1652 1531 1724 1572 Ad

104 1606 474 1658 pernoctandum
505 1607 644 1645 etiam
667 1605 788 1656 apud
816 1605 962 1645 morti
979 1604 1235 1655 proximos
1266 1603 1531 1655 frequenter
1553 1615 1724 1643 conuo-

101 1689 277 1728 camur,
300 1684 350 1717 vt
371 1689 450 1717 eos
472 1677 780 1727 consolemur,
803 1676 1104 1716 instruamus
1131 1682 1174 1716 et
1200 1675 1474 1715 roboremus
1494 1675 1541 1715 in
1569 1674 1722 1715 Domi-

103 1761 175 1798 no,
201 1749 324 1800 quod
343 1751 386 1787 et
407 1758 510 1787 cum
521 1747 744 1797 famslz‘cze
765 1746 1013 1798 spz'rstmzlz'
1029 1747 1194 1795 fructu
1224 1746 1448 1797 efficitur.
1478 1745 1724 1786 Caeterum

105 1819 242 1859 etiam
265 1819 342 1870 qui
363 1819 408 1858 in
430 1819 628 1858 vinculis
650 1817 928 1866 detinentur,
953 1818 1050 1858 siue
1072 1818 1129 1857 ob
1159 1824 1345 1869 patrata
1372 1817 1597 1867 facinora,
1628 1817 1725 1856 siue

105 1896 293 1942 propter
314 1889 484 1939 debita,
508 1889 605 1929 siue
626 1890 766 1929 etiam
788 1889 903 1929 alias
932 1889 988 1929 ob
1011 1900 1193 1937 causas,
1226 1887 1274 1928 Ρ.
1300 1887 1558 1939 Praepositi
1585 1899 1726 1939 opera

106 1961 308 2012 quotidie
326 1959 563 2011 juuantur,
597 1966 693 2000 tum
714 1960 760 2000 in
791 1960 876 2010 his,
902 1971 1019 2011 quae
1049 1959 1107 1999 ad
1137 1959 1342 1999 animum
1372 1964 1600 2011 spectant,
1631 1964 1726 1998 tum

106 2043 223 2083 quae
245 2031 303 2071 ad
334 2040 516 2082 corpus;
547 2042 656 2071 nam
686 2030 840 2071 anima
861 2031 998 2081 longe
1028 2030 1325 2080 grauioribus
1356 2030 1566 2070 cathenis
1587 2041 1727 2081 quam

106 2114 272 2154 corpus
294 2103 563 2153 plerumque
585 2102 840 2142 constricta
859 2101 996 2152 jacet,
1021 2101 1262 2141 daemonis
1291 2101 1486 2152 imperio
1515 2101 1725 2151 subacta,

105 2185 131 2212 a
152 2173 316 2225 quibus
337 2173 545 2224 plerique
575 2173 804 2222 leuantur,
835 2172 912 2223 qui
942 2171 1123 2223 pondus
1152 2171 1347 2223 grauius
1374 2172 1545 2211 aethna
1578 2183 1626 2211 se
1655 2171 1726 2211 de-

106 2245 314 2295 posuisse
337 2250 613 2293 agnoscunt.
637 2243 822 2284 Inediae
853 2243 1048 2294 aliisque
1073 2242 1442 2293 necessitatibus,
1467 2243 1565 2282 siue
1588 2242 1728 2283 etiarn

107 2314 451 2354 infirmitatibus
472 2325 648 2362 eornm,
672 2320 897 2365 quantum
927 2313 1026 2353 fieri
1047 2319 1213 2365 potest,
1247 2313 1474 2364 prouidet:
1503 2313 1729 2365 quosdam

109 2386 260 2435 etiam,
285 2386 363 2437 qui
385 2386 441 2425 ob
463 2386 684 2435 exiguam
714 2397 943 2425 summam
976 2385 1314 2435 detinebantur,
1349 2385 1560 2436 quaesita
1591 2384 1729 2424 vnde-

110 2468 289 2508 quaque
311 2456 521 2507 pecunia,
545 2456 775 2495 liberauit:
799 2456 916 2495 alios
937 2467 1020 2506 pro
1038 2455 1215 2495 viribus
1232 2456 1501 2495 consolatur
1518 2461 1561 2495 et
1579 2468 1604 2495 a
1626 2467 1728 2507 pra-

111 2527 180 2567 uis
211 2527 624 2566 consuetudinibus
654 2527 852 2577 redimit,
885 2539 942 2566 ne
974 2526 1110 2566 simul
1141 2537 1245 2566 cum
1279 2527 1512 2578 corporis,
1545 2527 1728 2566 animae

86 2590 292 2649 'quoque
316 2597 410 2637 uita
432 2598 688 2648 priuentur.
714 2597 870 2648 Nuper
899 2598 970 2636 Vir
992 2597 1181 2647 quidam
1202 2597 1364 2648 grauis
1387 2597 1611 2637 exercitia
1643 2597 1729 2648 spi-

112 2669 295 2708 ritualia
318 2668 536 2719 suscepit,
570 2669 772 2720 quicum
803 2668 998 2719 animas,
1023 2680 1135 2708 suae
1166 2679 1306 2708 curae
1330 2668 1546 2719 creditas,
1580 2669 1731 2709 litera-

112 2751 213 2779 rum
235 2740 385 2779 studio
409 2740 472 2789 (vt
494 2740 539 2779 in
567 2740 654 2779 hac
683 2739 924 2779 academia
952 2739 1160 2791 plerique
1182 2739 1346 2789 solent)
1378 2740 1730 2791 postposuisset,

112 2822 215 2850 cum
235 2811 482 2861 perspicua
511 2811 684 2850 erroris
707 2810 841 2850 huius
872 2811 1162 2862 aliorumque
1184 2810 1447 2850 defectuum
1479 2811 1730 2861 agnitione,

112 2892 166 2920 ac
187 2893 358 2932 magno
381 2882 610 2921 desiderio
634 2880 946 2932 respondendi
968 2893 1079 2921 suae
1096 2881 1347 2931 vocationi,
1367 2888 1544 2921 mutato
1561 2882 1730 2927 animo,

115 2952 171 2992 ad
192 2965 300 2992 suos
321 2953 479 2992 statim
510 2964 728 2992 reuersus
751 2958 835 3003 est,
868 2964 1114 3004 speramus
1145 2952 1358 3004 equidem
1388 2964 1493 2992 eum
1524 2954 1735 3003 exemplo

116 3034 169 3062 ac
189 3023 401 3063 doctrina
433 3035 525 3062 non
548 3034 712 3073 parum
734 3030 778 3062 et
800 3024 896 3063 suis
918 3029 962 3062 et
992 3023 1095 3063 aliis
1118 3023 1165 3062 in
1196 3022 1397 3063 Domino
1426 3023 1736 3074 profuturum.

193 3094 375 3134 Literas
404 3094 598 3145 indicas
623 3105 739 3145 quas
769 3101 1004 3145 postremo
1037 3106 1062 3134 a
1092 3094 1227 3134 vobis
1257 3095 1536 3146 accepimus,
1569 3095 1738 3146 gallico
