2020 3342
185 215 232 249 44
695 212 921 248 LITTERAE
950 221 1309 253 QUADRIMESTRES

187 310 303 350 satis
336 309 627 349 intellexerit.
663 308 778 357 Deo,
814 312 1053 346 tantorum
1086 306 1313 345 bonorum
1349 305 1543 354 auctori,
1582 306 1734 354 gloria
1770 313 1815 345 et

186 381 451 430 gratiarum
472 380 595 419 actio
617 379 824 419 debetur.

268 451 391 491 Ante
413 450 833 501 Quadragesimam
849 449 952 488 loca
969 449 1160 499 aliquot,
1180 448 1407 487 hactenus
1423 445 1536 486 mihi
1552 446 1810 497 inaccessa,

187 522 324 561 adibo
346 527 559 572 vocatus,
582 527 693 572 puta
721 519 943 571 Corpiere
975 518 1002 566 ¹,
1032 519 1196 559 vrbem
1222 518 1330 557 hinc
1360 517 1508 557 tribus
1539 517 1813 557 milliaribus

188 592 423 641 dissitam,
464 592 689 632 Lambres
729 591 742 610 ²
783 590 987 642 (semper
1027 591 1254 630 hactenus
1294 588 1464 628 ibidem
1504 587 1812 637 desideratus)

187 669 365 713 septem
385 662 709 702 milliariorum
728 661 975 701 interuallo
1005 661 1255 700 distantem
1281 670 1470 710 pagum,
1500 658 1755 699 Vertoison
1781 657 1812 707 ⁵,

186 732 413 773 Sanctum
432 733 682 786 Julianum.
706 732 879 772 Iterum
901 743 1084 783 quoque
1116 731 1316 770 inuisam
1343 729 1698 777 Issiodorenses,
1729 729 1814 769 Lo-

189 815 449 844 zounenses
469 805 497 854 ⁴,
523 811 565 844 et
587 815 703 855 quos
725 815 806 855 per
838 810 1021 854 tempus
1049 802 1206 842 licebit
1237 801 1369 851 alios,
1401 800 1617 851 precibus
1643 800 1813 839 victus.

188 874 327 914 Faxit
371 874 584 915 Christus
632 881 679 914 vt
727 874 922 914 verbum
967 873 1212 924 Euangelii
1252 877 1412 912 currat
1452 878 1497 911 et
1536 871 1818 911 clarificetur

189 957 389 996 semper.

269 1016 400 1055 Rmus
422 1016 651 1056 Dominus
672 1015 879 1055 decreuit
902 1014 960 1054 ad
982 1014 1106 1054 P.te¹1¹
1128 1021 1258 1054 tuam
1278 1013 1550 1065 propediem
1566 1013 1725 1053 literas
1743 1013 1817 1053 de-

191 1087 383 1136 stinare,
413 1087 593 1137 quibus,
625 1087 865 1137 assignato
893 1086 1055 1125 viatici
1083 1085 1331 1136 impendio,
1363 1090 1561 1135 quatuor
1588 1084 1817 1135 professo-

191 1168 266 1196 res
302 1158 409 1198 huic
444 1158 747 1207 Academiae,
783 1163 970 1208 praeter
999 1167 1244 1196 numerum
1275 1155 1399 1195 hunc
1426 1161 1640 1195 nostrum
1666 1161 1816 1195 terna-

192 1229 328 1278 rium,
362 1228 584 1279 efflagitet
615 1229 661 1268 in
691 1228 957 1279 proximum
987 1226 1177 1278 Majum,
1214 1238 1303 1278 quo
1334 1226 1519 1278 quidem
1548 1237 1705 1266 mense
1740 1226 1816 1266 hic

191 1300 564 1350 expectabuntur
586 1298 612 1339 ⁵.
638 1299 756 1339 Nam
777 1306 874 1338 tum
896 1298 1084 1338 scholae
1107 1297 1257 1337 omnis
1279 1308 1391 1336 cura
1414 1298 1459 1336 in
1480 1296 1728 1337 Societatis
1743 1296 1819 1348 jus

192 1371 499 1410 transferetur
521 1384 547 1410 a
569 1370 912 1410 Canonicorum
929 1368 1151 1419 Collegio,
1171 1379 1312 1418 penes
1329 1379 1444 1418 quos
1460 1379 1515 1407 ea
1531 1373 1600 1407 est
1618 1367 1817 1407 auctori-

192 1447 281 1480 tas.
307 1440 464 1480 Aedes
486 1441 713 1491 quasdam
736 1441 781 1480 in
811 1440 898 1479 hac
927 1439 1101 1479 vicinia
1131 1438 1266 1478 nobis
1295 1438 1517 1477 conduxit
1543 1438 1816 1489 Episcopus,

194 1522 314 1561 quae
336 1518 527 1551 nostrae
549 1512 757 1551 seruiant
779 1510 1073 1560 habitationi,
1097 1510 1245 1549 donec
1267 1521 1320 1548 eo
1342 1510 1459 1559 loco,
1483 1520 1620 1560 quem
1649 1508 1817 1555 incolo,

194 1582 455 1632 Collegium
476 1590 683 1622 erectum
704 1582 763 1621 sit
786 1581 931 1632 ipsius
952 1580 1213 1631 impendiis.
1238 1579 1357 1619 Nam
1379 1580 1557 1629 domus,
1582 1578 1779 1619 Gibbor‘t
1806 1578 1820 1597 ‘⁵

194 1653 474 1703 cognomine
496 1660 808 1704 nuncupatae,
832 1652 981 1692 omnis
1002 1663 1109 1702 spes
1138 1651 1270 1691 nobis
1298 1650 1515 1701 adempta
1543 1656 1611 1690 est
1640 1650 1696 1689 ob
1725 1650 1819 1690 exi-

193 1725 337 1764 mium
359 1725 571 1775 pretium,
603 1736 693 1775 quo
722 1725 920 1763 duorum
948 1723 1144 1762 millium
1174 1728 1507 1761 coronatorum
1537 1721 1685 1772 pretio
1717 1733 1818 1772 pos-

195 1806 351 1835 sessor
373 1807 474 1834 eam
497 1795 733 1835 indicauit.

272 1865 487 1906 Reditum
510 1866 743 1906 Lutetiam
768 1865 901 1905 RJBUS
929 1865 1158 1904 Dominus
1180 1863 1393 1914 proximo
1422 1863 1655 1902 februario
1687 1862 1818 1902 ador-

195 1943 289 1975 nat.
313 1935 451 1976 Faxit
473 1937 685 1976 Christus
706 1944 756 1976 vt
778 1947 909 1976 mora
932 1935 1082 1975 omnis
1103 1945 1243 1986 quam
1265 1933 1496 1984 ocyssime
1513 1934 1818 1984 abrumpatur

196 2007 256 2046 ad
278 2007 524 2057 augustius
545 2007 805 2046 Maiestatis
826 2017 938 2046 suae
960 2005 1247 2056 obsequium.

276 2077 518 2117 Biliomaei
539 2077 786 2117 Societatis
808 2083 997 2117 nostrae
1018 2075 1285 2123 diuortium,
1305 2075 1526 2126 Episcopi
1543 2075 1822 2114 auctoritate

197 2148 491 2199 imperatum,
516 2160 657 2199 aegre
681 2148 847 2188 ferunt.
874 2146 1225 2188 Claromontani
1243 2146 1370 2185 ciues
1389 2145 1564 2196 aliquot
1579 2145 1820 2196 praecipui

196 2218 347 2258 Rmum
373 2219 626 2259 Dominum
647 2220 895 2259 obsecrare
916 2223 1271 2269 proposuerunt,
1295 2224 1346 2256 vt
1368 2215 1649 2256 Societatem
1666 2216 1821 2256 Claro-

196 2299 353 2330 monte
382 2297 611 2330 conuocet
643 2302 697 2329 ac
727 2290 898 2329 foueat.
934 2289 1200 2337 Caeterum,
1236 2294 1315 2326 aut
1345 2287 1591 2337 desperato
1623 2287 1719 2326 voti
1752 2287 1822 2326 sui

194 2372 417 2400 successu
445 2361 723 2401 sententiam
751 2366 1026 2408 mutaturos,
1060 2365 1139 2398 aut
1166 2359 1332 2398 saltem
1360 2358 1594 2408 repulsam
1626 2357 1683 2396 ab
1715 2357 1819 2408 Epi-

198 2442 342 2482 scopo
374 2443 599 2482 passuros
626 2443 779 2483 spero,
809 2430 994 2470 Biliomi
1021 2429 1294 2479 erigendum
1325 2427 1585 2478 Collegium
1616 2433 1821 2478 praesto-

199 2502 314 2541 lans.
352 2501 583 2541 Hesterno
619 2503 690 2541 die
727 2514 752 2541 a
788 2500 893 2541 D.1¹0
937 2500 1262 2541 Gubernatore
1292 2505 1336 2538 et
1366 2498 1471 2538 D.¹¹0
1513 2498 1823 2538 Procuratore

256 2684 263 2704 ¹
304 2684 502 2719 Courpiere,
518 2686 548 2711 in
565 2686 740 2712 veteribus
755 2685 883 2711 chartis
901 2683 1123 2718 Croupierre.

251 2732 265 2751 ²
302 2732 368 2765 Sic;
385 2740 503 2760 verum
518 2733 622 2759 necin
638 2733 814 2759 veteribus
829 2739 889 2758 nec
906 2733 939 2758 in
954 2730 1200 2758 recentioribus
1216 2730 1347 2757 chartis
1364 2730 1520 2764 oppidum
1545 2730 1592 2756 ita
1612 2729 1825 2763 appellatum

198 2780 379 2813 reperitur.
396 2780 457 2807 Est
474 2785 587 2807 tamen
603 2780 634 2807 in
651 2780 824 2806 veteribus
840 2779 1035 2814 oppidulum
1059 2777 1238 2809 Vambres,
1254 2785 1317 2803 non
1333 2778 1430 2811 longe
1453 2784 1473 2804 a
1495 2776 1751 2810 Saint-szclien,
1772 2784 1826 2803 cu-

195 2827 250 2860 jus
266 2828 382 2854 statim
400 2827 433 2854 sit
450 2827 584 2859 mentio,
600 2828 712 2860 situm,
725 2828 810 2861 quod
826 2834 890 2854 non
906 2826 1056 2854 meminit
1072 2824 1211 2856 JOANNE.

254 2874 268 2893 5
312 2874 506 2901 Vertaz'son.

256 2921 269 2941 ‘⁴
307 2920 372 2954 Sic;
389 2929 502 2954 supra,
519 2925 541 2948 t.
557 2928 604 2954 111,
620 2929 696 2955 pag.
712 2922 774 2953 (210,
790 2919 1113 2947 Loaom—Lezoux?

254 2969 267 2988 5
305 2969 392 2996 Vide
408 2969 556 2996 Pomxci
574 2968 775 3000 Clzrom'con,
792 2974 813 2995 t.
830 2977 862 3002 V,
878 2976 959 3003 pag.
973 2968 1036 3001 348,
1053 2975 1083 2994 n.
1098 2967 1163 2994 941.
1183 2971 1216 2993 et
1232 2970 1346 2993 annot.
1370 2966 1393 2992 1.

252 3015 267 3035 6
306 3016 371 3050 Sic;
385 3016 522 3044 Polanci
539 3020 652 3043 tamen
668 3016 827 3043 librarius
842 3016 926 3050 legit
941 3019 975 3042 et
991 3015 1023 3042 in
1040 3014 1242 3045 chronicon,
1257 3015 1277 3040 l.
1293 3021 1332 3047 α,
1348 3013 1566 3047 transcripsit
1590 3012 1702 3041 Gt'hot.
