2020 3342
256 219 326 259 328
765 221 991 259 LITTERAE
1017 231 1373 266 QUADRIMESTRES

334 316 429 357 Vbi
450 329 562 358 uero
584 318 630 357 in
650 318 738 358 hoc
759 319 863 358 loco
885 318 1233 359 celebrare'non
1250 319 1472 371 licuisset,
1493 321 1664 372 statim,
1689 327 1876 373 arrepto

258 388 437 437 itinere,
460 388 681 429 Polneam
703 387 719 408 ¹⁴
736 389 963 439 uenimus,
987 390 1110 441 quod
1132 391 1350 442 oppidum
1382 391 1625 443 distinguit
1656 392 1878 433 Morauos

258 475 284 503 a
306 460 505 511 Boemis,
531 460 764 512 quodque,
790 460 908 500 inter
936 461 1092 501 omnia
1120 461 1289 513 oppida
1318 468 1361 502 et
1388 463 1475 502 alia
1505 464 1608 503 loca
1637 474 1664 503 a
1692 463 1876 503 Vienna

259 533 461 584 Pragam
488 542 657 583 usque,
690 532 841 572 solum
869 537 938 572 est
966 544 1215 583 syncerum
1245 539 1288 573 et
1319 534 1623 584 catholicum,
1660 531 1712 574 ut'
1743 531 1878 575 nobis

259 604 414 645 retulit
433 608 608 654 pastor,
628 603 706 654 qui
723 608 766 643 et
788 603 1006 643 Decanus
1023 604 1190 644 ruralis
1208 604 1396 645 dicitur:
1416 605 1454 645 is
1471 617 1497 645 a
1515 606 1647 645 nobis
1663 611 1877 657 rogatus,

259 681 308 715 ut
326 675 486 715 liceret
507 685 694 713 sacrum
714 673 884 723 facere,
907 673 1169 726 fratresque
1191 672 1552 724 communicare,
1583 677 1777 716 libenter
1799 676 1876 717 ad-

260 746 397 786 misit.
418 744 641 796 Quamuis
657 745 772 785 hora
791 744 999 785 meridiei
1016 745 1210 786 instaret
1228 742 1563 798 inhibitumque
1581 759 1606 787 a
1619 747 1879 799 Praghensi

260 817 462 869 capitulo
490 815 531 856 ei
561 822 701 865 esset,
726 827 783 855 ne
812 816 994 867 aliquos
1024 816 1080 855 ad
1110 817 1437 858 celebrandum
1466 815 1743 868 admitteret,
1768 818 1879 870 quin

260 888 388 940 prius
404 887 563 927 literas
580 886 735 926 uideat
753 887 1090 927 testimoniales
1106 887 1342 939 (capitulO,
1362 889 1565 940 inquam,
1587 889 1709 929 arcis
1722 889 1878 929 catho-

260 958 486 1008 licorum);
510 957 586 1009 qui
607 956 779 1007 tamen,
799 958 856 997 ob
878 957 1181 998 sufficientem
1203 959 1409 999 omnium
1429 966 1638 1000 nostrum
1655 971 1879 1012 apparen-

260 1031 388 1080 tiam,
412 1030 528 1069 alias
553 1029 700 1069 noluit
726 1029 897 1069 habere
928 1029 1456 1071 testimonialesliteras.
1490 1031 1633 1071 Nobis
1655 1031 1714 1071 ad
1734 1032 1880 1072 altare

262 1100 501 1151 admissis,
540 1111 795 1152 campanas
831 1101 955 1141 iubet
990 1101 1181 1151 pulsari,
1219 1103 1439 1153 populum
1475 1102 1750 1152 conuocari,
1787 1114 1880 1142 non

261 1172 492 1225 pusillum,
516 1171 617 1212 Deo
638 1183 750 1212 sane
772 1171 1006 1212 deuotum.
1031 1172 1147 1213 Cum
1169 1173 1306 1223 enim,
1326 1173 1539 1213 absoluto
1556 1173 1807 1223 sacrificio,
1822 1174 1880 1214 ad

261 1244 511 1295 hospitium
532 1248 897 1293 reuerteremur,
927 1244 1031 1293 uiri,
1062 1244 1293 1292 mulieres,
1330 1250 1570 1285 matronae
1597 1256 1769 1296 graues
1798 1256 1882 1285 nos

261 1315 541 1364 salutabant,
566 1320 826 1355 annuentes
848 1326 953 1354 cum
975 1315 1178 1355 maxima
1202 1316 1478 1355 reuerentia.
1503 1315 1550 1356 Si
1571 1313 1782 1356 nostrum
1803 1316 1880 1356 ali-

261 1386 363 1438 quis
385 1386 609 1438 potuisset
631 1385 688 1425 ad
711 1386 837 1437 ipsos
866 1386 1012 1438 loqui,
1046 1387 1186 1426 credo
1213 1387 1413 1426 fructum
1441 1398 1534 1427 non
1561 1398 1758 1438 paruum
1785 1386 1883 1427 fieri

262 1458 468 1510 potuisse
491 1457 536 1497 in
556 1468 703 1509 usque
726 1457 842 1497 adeo
865 1457 1045 1508 paratis
1065 1458 1247 1498 animis.

340 1528 418 1569 Ille
434 1529 583 1569 bonus
599 1528 765 1569 Pastor
782 1523 929 1568 totum
945 1539 995 1568 se
1011 1528 1144 1568 nobis
1161 1529 1345 1569 obtulit:
1368 1530 1598 1580 pollicitus
1615 1535 1684 1570 est
1701 1542 1750 1570 se
1766 1530 1884 1570 uelle'

261 1611 346 1641 nos
367 1599 574 1650 uisitare,
598 1599 674 1640 ubi
695 1598 1117 1650 Pragam‘uenerit.
1142 1600 1238 1640 Nos
1260 1612 1444 1652 quoque
1467 1600 1672 1642 uicissim
1694 1608 1884 1653 operam

261 1676 470 1711 nostram
490 1670 639 1710 eidem
662 1676 705 1710 et
726 1671 896 1722 populo
922 1681 1023 1721 suo,
1047 1670 1086 1710 si
1108 1682 1245 1711 casus
1267 1671 1477 1722 daretur,
1503 1672 1764 1712 obtulimus.
1790 1671 1884 1713 Nec

261 1754 287 1783 a
309 1742 443 1782 nobis
463 1742 683 1782 recedere
705 1742 866 1792 uoluit,
902 1744 1054 1782 donec
1086 1742 1329 1783 nobiscum
1360 1743 1557 1794 prandio
1584 1743 1882 1791 interfuisset,

262 1824 367 1854 cum
388 1812 588 1865 quodam
609 1813 755 1864 probo
776 1814 881 1853 uiro
904 1812 995 1853 sibi
1013 1813 1246 1853 adiuncto.
1265 1813 1380 1854 Cum
1399 1820 1553 1854 autem
1571 1815 1723 1854 cibum
1739 1826 1885 1855 sume-

260 1896 432 1935 remus,
458 1884 646 1924 aduenit
668 1884 819 1924 subito
841 1884 1030 1924 tubicen
1058 1879 1276 1933 ciuitatis,
1310 1885 1419 1926 tuba
1447 1897 1620 1926 canens
1647 1897 1729 1937 per
1759 1886 1886 1937 quin*

261 1962 356 1996 tam
378 1962 559 2007 partem
580 1955 738 2005 horae,
764 1955 810 1995 in
838 1955 1001 1995 eadem
1023 1955 1178 2005 domo,
1211 1962 1317 1997 ante
1346 1956 1470 1996 fores
1492 1957 1706 2007 cubiculi,
1729 1957 1775 1997 in
1790 1968 1886 2008 -quo

261 2026 627 2079 prandebamus,
658 2026 781 2078 quod
807 2032 851 2066 et
881 2026 1010 2077 prius
1040 2026 1219 2067 fecerat
1249 2038 1355 2067 cum
1386 2027 1604 2079 oppidum
1625 2028 1886 2078 ingredere·

260 2109 378 2147 mur3
401 2109 493 2138 non
514 2103 670 2137 tamen
692 2097 1124 2138 animaduertebam
1145 2105 1333 2149 propter
1361 2110 1448 2138 nos
1477 2099 1565 2139 hoc
1592 2098 1712 2149 fieri,
1736 2099 1885 2139 donec

260 2169 307 2209 in
327 2168 539 2220 proximo
561 2168 730 2220 oppido
753 2168 912 2208 itidem
932 2169 1066 2208 nobis
1089 2167 1186 2208 fieri
1209 2169 1453 2218 uidissem,
1485 2170 1577 2210 imo
1606 2175 1650 2210 et
1672 2170 1759 2221 ipsi
1780 2182 1886 2210 can-

260 2246 388 2280 tores
408 2239 586 2289 musici,
611 2250 716 2280 cum
738 2239 927 2279 musicis
961 2240 1147 2279 motetis
1176 2240 1238 2289 (ut
1269 2241 1456 2290 uocant)
1488 2241 1543 2280 de
1574 2248 1783 2292 ternpore
1804 2241 1886 2281 Pa-

263 2310 409 2351 schali
426 2322 510 2350 nos
526 2316 825 2361 exceperunt.
845 2310 969 2350 Inter
986 2316 1172 2350 caetera
1190 2317 1434 2351 cantantes
1456 2311 1566 2351 illud
1587 2312 1692 2351 alla.
1713 2310 1744 2361 ²,
1766 2311 1887 2363 quod

262 2381 489 2432 Magister
510 2380 674 2421 Petrus
695 2380 936 2432 Scorigius
953 2379 966 2399 ³
984 2392 1143 2421 coram
1161 2380 1263 2421 R.da
1288 2381 1335 2422 P.
1360 2381 1460 2421 Tua
1477 2382 1753 2434 quandoque
1771 2382 1887 2423 ceci·

264 2453 344 2492 nit.
370 2452 542 2493 Omnes
564 2458 719 2492 tamen
741 2453 824 2492 sub
847 2458 1043 2504 utraque
1065 2453 1221 2504 specie
1243 2460 1286 2492 et
1310 2464 1403 2493 non
1424 2453 1681 2504 praemissa
1711 2454 1888 2494 confes-

264 2523 393 2563 sione
411 2523 769 2573 communicant,
790 2523 1093 2563 obseruantes
1109 2524 1244 2563 ualde
1261 2530 1453 2563 exactas
1470 2525 1639 2564 multas
1660 2524 1887 2565 ecclesiae

266 2594 526 2636 catholicae
540 2595 847 2645 ceremonias,
862 2601 911 2635 ut
924 2594 1106 2646 Pragae
1123 2606 1303 2646 quoque
1321 2594 1510 2635 faciunt.
1530 2595 1588 2635 Hi
1607 2607 1717 2635 uero
1735 2601 1888 2636 canto-

325 2850 335 2872 ¹
375 2850 474 2878 Prius
486 2852 651 2885 scriptum
667 2851 778 2879 fuerat
793 2851 983 2883 Pulneam,·
996 2859 1113 2878 verum
1126 2852 1307 2879 recentiori
1321 2859 1421 2879 manu
1433 2856 1600 2880 mutatum
1612 2857 1662 2880 est
1675 2854 1706 2881 in
1722 2854 1888 2881 Polneam

272 2903 304 2927 et
318 2906 430 2927 sermo
447 2899 584 2926 videtur
599 2906 670 2926 esse
687 2899 727 2926 de
743 2898 866 2934 oppido
882 2899 1004 2932 Polna,
1018 2900 1104 2934 quod
1120 2907 1183 2926 non
1197 2900 1297 2933 longe
1312 2900 1418 2927 distat
1431 2907 1450 2928 a
1468 2899 1625 2928 Czaslau.

320 2946 335 2966 Ξ
372 2946 538 2974 Alleluia.

321 2993 336 3014 ³
375 2993 517 3028 Saepius
532 2998 577 3026 et
593 2998 628 3022 ut
645 2995 790 3025 videtui
808 2995 934 3022 rectius
951 2996 1112 3023 scribitur
1131 2995 1423 3024 Sch01·ichius.De
1440 2997 1501 3023 hoc
1515 2997 1585 3031 Jam
1600 2997 1759 3031 frequens
1778 3004 1832 3024 sei
1838 3005 1889 3025 mo

271 3043 382 3071 factus
396 3047 447 3071 est
463 3047 495 3070 et
511 3042 584 3071 fiet*
577 3050 608 3071 in
625 3042 676 3070 his
692 3042 840 3071 thteris
855 3044 932 3071 etin
950 3044 1098 3072 ΡοιΑΝοι
1114 3045 1289 3073 ίἸινοηίιο.
