2020 3342
246 193 320 234 592
756 190 982 230 LITTERAE
1009 197 1367 234 QUADmMEs‘rREs

247 291 533 342 confidimus,
559 301 710 342 quem,
736 296 783 328 ut
805 295 849 328 te
872 287 1006 328 nobis
1027 287 1211 327 Patrem
1230 286 1288 326 ad
1306 285 1650 325 sanctissimam
1666 284 1875 325 uolunta.

247 369 339 402 tem
361 373 493 402 suam
515 373 569 401 ac
591 360 789 411 gloriam
813 359 890 398 diu
913 359 1190 398 incolumem
1209 362 1379 407 seruet,
1399 356 1715 397 obsecramus.

326 433 545 482 Laureto,
569 432 594 471 3
616 430 680 470 Id.
704 429 984 470 Nouembris
1010 428 1124 469 1556.

326 504 395 544 Ex
418 503 469 544 R.
494 502 542 543 P.
562 501 776 542 Rectoris
797 501 946 541 nostri
964 500 1116 551 iussiS,
1136 505 1179 539 et
1202 499 1339 540 huius
1360 498 1543 550 collegii
1565 498 1764 538 nomine.

588 572 642 613 R.
667 573 714 613 Ρ.
739 572 790 612 T.
814 571 1015 612 filiorum
1035 571 1253 611 minimus
1273 575 1317 610 et
1338 570 1713 620 indignissimus,

1172 713 1241 767 Jo.
1265 711 1539 753 GAMBARUS.

932 1141 1195 1197 DLVIH

323 1379 581 1418 Theodorus
604 1379 823 1423 Peltanus,

370 1445 440 1482 Ex
460 1444 783 1482 commissione
804 1443 946 1480 Patris
967 1441 1162 1480 Thomae
1181 1442 1372 1486 Lentuli,

412 1511 532 1548 Patri
550 1510 716 1557 Jacobo
736 1508 928 1555 Laynez,
952 1507 1143 1544 Vicario.

460 1574 742 1623 Ingolstadio,
766 1573 809 1610 19
828 1572 1093 1610 Novembris
1113 1572 1233 1618 [1556]
1255 1572 1279 1609 ¹.

1046 1717 1075 1763 †

934 1808 1033 1849 Pax
1054 1808 1161 1860 Xpi.

330 1929 451 1971 Noui
488 1928 625 1970 huius
664 1928 860 1979 Collegii
899 1937 1169 1967 successum
1208 1926 1482 1977 indicaturi,
1524 1925 1796 1967 Reuerende
1830 1927 1876 1967 in

247 2001 368 2054 Xpo.
401 2002 559 2051 Pater,
593 2012 685 2040 non
720 1999 883 2051 opinor
919 1997 1106 2049 aliquod
1142 2009 1244 2037 esse
1275 2009 1445 2049 operae
1471 1998 1670 2049 pretium
1698 1998 1876 2038 itineris

246 2072 395 2112 nostri
430 2072 677 2112 historiam
699 2070 837 2109 anxie
868 2069 1065 2120 referre,
1096 2069 1373 2120 praesertim
1400 2080 1504 2108 cum
1533 2068 1624 2109 iam
1655 2080 1794 2120 saepe
1821 2068 1875 2109 si-

252 2143 524 2194 gnificatum
546 2142 604 2182 sit
627 2142 713 2182 iter
735 2141 824 2181 hoc
847 2140 963 2180 adeo
984 2139 1189 2180 faustum
1210 2139 1443 2191 foelixque
1465 2140 1696 2190 euenisse,
1720 2146 1770 2179 ut
1798 2140 1876 2180 mi-

247 2214 445 2254 randum
482 2213 636 2265 potius
673 2223 813 2263 quam
845 2211 1224 2263 conquerendum
1252 2211 1324 2251 sit.
1358 2211 1746 2262 Quandoquidem
1779 2214 1876 2251 toto

247 2284 331 2324 lzoc
359 2283 616 2324 interuallo
653 2284 777 2334 quod
812 2282 1015 2322 Romam
1048 2286 1091 2321 et
1126 2281 1488 2331 Ingolstadimn
1520 2282 1786 2333 interiacet,
1821 2293 1877 2320 ne

251 2367 377 2395 unus
405 2354 590 2406 quidem
623 2353 833 2394 ommam
862 2356 1081 2403 repertus
1107 2356 1203 2403 est,
1232 2352 1315 2404 qm
1332 2352 1498 2404 palam
1526 2352 1675 2403 a'z‘cto,
1705 2353 1874 2392 nedum

245 2428 396 2477 facto,
417 2426 575 2465 laesos
598 2437 684 2465 nos
704 2424 846 2464 uellet
868 2428 950 2464 ant
972 2424 1236 2464 incesseret.
1269 2424 1541 2475 Cauponam
1562 2424 1875 2475 quorumdam

248 2497 595 2548 improbitatem
618 2495 1005 2547 expertz'szmms.
1038 2495 1203 2534 Veram
1223 2506 1303 2534 nec
1317 2495 1401 2534 lzoc
1411 2495 1722 2546 pm'mineqae
1737 2495 1872 2534 solffi,

247 2568 332 2608 His
352 2568 495 2618 igitur
523 2571 574 2607 ut
603 2567 730 2607 notis
764 2566 962 2617 omissis,
996 2578 1051 2605 ea
1080 2565 1308 2606 duntaxat
1334 2566 1725 2618 perstringemusj
1757 2577 1874 2618 quae

248 2638 577 2690 quadrimestri
600 2638 687 2678 hoc
711 2637 923 2689 proxime
947 2636 1116 2677 effluxo
1138 2636 1262 2688 apud
1287 2648 1374 2676 nos
1394 2642 1634 2678 transacta
1655 2643 1776 2678 sunt.

302 2776 310 2796 ¹
352 2775 602 2809 Autographae
620 2774 746 2808 duplici
763 2774 853 2808 folio,
868 2781 923 2801 nn.
938 2774 990 2800 ‘234
1004 2778 1035 2801 ct
1058 2773 1196 2801 235.-1n
1221 2774 1259 2800 iis
1283 2781 1391 2808 pauca
1406 2774 1545 2806 delevit,
1565 2775 1731 2808 quaedam
1754 2774 1878 2802 deleto-

245 2830 317 2850 rum
333 2823 404 2849 loco
419 2822 595 2849 substituit
614 2822 790 2848 Polancus.
806 2821 870 2848 Illa
885 2829 944 2848 nos
961 2821 1096 2848 italicis
1114 2820 1146 2847 in
1164 2825 1259 2849 textu
1271 2822 1372 2856 typis,
1390 2822 1473 2849 haec
1489 2822 1521 2848 in
1534 2822 1812 2849 annotationibus
1823 2822 1876 2848 de-

247 2871 448 2897 scribemus.

300 2918 313 2936 ‘2
352 2916 437 2944 Vide
454 2916 543 2951 apud
560 2916 839 2949 BRAUNSBERGER,
857 2917 878 2943 1.
894 2923 935 2949 c.,
949 2923 1031 2950 pag.
1048 2915 1175 2948 722-724,
1193 2915 1343 2944 “Relatio
1359 2917 1398 2943 de
1414 2917 1599 2951 primorum
1611 2917 1753 2952 Collegii
1769 2918 1877 2952 Ingol-

246 2964 429 2993 stadiensis
445 2964 623 2993 Sociorum
640 2964 761 2992 itinere
778 2968 809 2991 et
825 2964 975 2991 adventu
990 2964 1032 2991 ab
1044 2964 1157 2998 aliquo
1169 2964 1319 2998 ipsorum
1330 2966 1523 2998 conscripta
1537 2965 1736 3000 Ingolstadii
1748 2973 1779 2995 a.
1798 2967 1876 2994 1558-

251 3012 347 3047 1562.„
