2020 3342
862 264 942 299 AN.
973 262 1062 299 1556
1700 264 1770 301 2185

153 359 261 410 (sic)
283 359 654 399 beneuolentiam
675 359 994 409 conciliamus,
1018 365 1067 399 ut
1088 359 1173 399 ubi*
1186 359 1386 410 primum
1407 370 1491 398 nos
1522 359 1767 410 aspiciunt,

153 431 374 481 gestiant,
409 430 699 481 compellent,
733 430 779 469 in
810 429 910 481 ipso
942 441 1020 470 ore
1050 429 1253 477 laudent,
1287 429 1580 479 maximeque
1608 441 1692 469 nos
1714 430 1769 469 ob

154 513 258 542 eam
279 501 570 552 potissimum
593 512 785 540 causam
807 501 1109 550 admirentur,
1134 500 1255 552 quod
1277 500 1431 540 dicant
1453 511 1502 540 se
1524 511 1550 539 a
1570 500 1723 549 sociis,
1745 511 1771 539 a

158 571 564 621 commilitonibus,
589 571 863 622 quibuscum
884 577 1030 610 totam
1051 576 1251 610 aetatem
1268 577 1538 622 exegerunt,
1558 569 1724 620 deseri;
1743 582 1768 610 a

159 641 308 692 nobis,
333 641 410 693 qui
431 642 604 681 nullam
625 652 731 681 cum
752 642 840 681 illis
861 642 1133 681 societatem
1152 641 1393 691 habemus,
1417 642 1647 692 amplecti.

230 713 326 753 Nec
349 713 500 753 minus
522 713 592 762 iis,
618 713 695 763 qui
717 718 930 752 tenentur
952 712 998 752 in
1020 712 1232 759 uinculis,
1266 712 1449 752 labores
1476 718 1662 752 nostros
1690 712 1766 752 im·

154 785 309 837 pertiti
330 795 504 829 sumus,
529 795 644 834 quos
667 783 730 824 illi
752 783 938 834 quidem
958 789 1093 833 grato
1117 783 1272 823 animo
1302 789 1620 834 susceperunt.
1652 782 1768 822 Nam

151 867 326 905 omnes,
363 855 525 906 paucis
560 854 809 894 admodum
843 855 1064 905 exceptis,
1099 860 1203 905 post
1233 854 1574 894 confessionem
1602 854 1768 905 pretio-

152 927 338 967 sissimo
372 926 544 967 Christi
575 937 770 977 corpore
801 926 1047 965 sustentati
1082 931 1201 965 sunt.
1238 925 1510 976 Horumque
1544 926 1766 974 nonnulli,

152 997 230 1049 qui
252 997 522 1049 propediem
544 1002 677 1036 erant
698 996 744 1036 in
772 1008 957 1036 crucem
984 996 1189 1045 tollendi,
1222 997 1394 1036 nostris
1424 996 1638 1047 precibus
1665 1007 1768 1035 eua—

153 1074 328 1117 serunt,
352 1067 579 1118 nobisque
600 1073 731 1107 tanto
754 1074 947 1118 accepto
974 1066 1197 1106 beneficio
1228 1066 1501 1106 deditissimi
1532 1073 1658 1106 sunt:
1691 1066 1769 1106 sed

153 1139 270 1179 haec
305 1139 546 1179 hactenus.
580 1138 699 1178 Nam
733 1149 818 1177 nec
854 1137 1043 1177 minima
1077 1137 1261 1189 quidem
1292 1138 1553 1177 consectari
1583 1149 1771 1177 necesse

152 1216 247 1251 est:
271 1216 315 1250 et
336 1210 395 1249 ad
417 1209 670 1261 discipulos
690 1214 877 1249 nostros
898 1214 943 1248 et
963 1208 1022 1248 ad
1043 1208 1164 1248 hanc
1187 1208 1406 1248 afflictam
1429 1208 1666 1248 ciuitatem
1697 1220 1771 1248 ue·

149 1281 368 1322 niendum
389 1286 472 1320 est.

230 1351 409 1392 Domus
431 1357 590 1391 nostra
613 1351 728 1391 satis
749 1351 993 1391 commoda
1016 1357 1109 1400 est,
1134 1362 1216 1390 sex
1235 1350 1474 1400 cubiculis,
1494 1350 1640 1390 tribus
1657 1351 1770 1390 clas·

152 1423 298 1473 sibus,
321 1422 592 1469 coenaculo,
617 1422 753 1462 horto
775 1422 889 1462 satis
910 1423 1079 1472 amplo,
1103 1428 1241 1472 atque
1268 1428 1433 1461 ornato
1464 1422 1635 1472 templo
1667 1433 1771 1460 con·

150 1499 268 1543 stat3
291 1505 426 1545 quae,
450 1493 556 1533 licet
578 1492 623 1532 in
646 1492 746 1544 ipso
779 1492 906 1532 vrbis
932 1492 1035 1532 sinu
1068 1493 1221 1532 locata
1253 1504 1345 1532 non
1376 1493 1447 1539 sit,
1481 1492 1586 1532 inde
1617 1499 1772 1532 tamen

151 1566 289 1616 longe
312 1576 405 1605 non
437 1565 592 1604 abest:
625 1575 765 1615 porro
795 1565 1017 1615 templum
1048 1564 1252 1604 maxima
1285 1563 1543 1615 frequentia
1571 1563 1772 1603 celebra-

150 1643 238 1685 tur,
263 1636 339 1676 ubi
368 1635 670 1676 concionibus
699 1634 942 1675 audiendis
972 1635 1201 1686 principio
1236 1635 1366 1674 multi
1398 1635 1607 1674 aderant.
1640 1633 1773 1674 Nunc

150 1718 278 1757 uero,
302 1707 388 1747 etsi
409 1706 550 1746 nimio
574 1712 706 1746 aestu
729 1706 1021 1746 intermissae
1043 1713 1149 1746 sunt
1182 1706 1448 1755 conciones,
1482 1717 1575 1745 non
1607 1705 1774 1745 desunt

150 1785 323 1829 tamen,
356 1779 435 1829 qui
461 1784 630 1818 octauo
661 1789 843 1829 quoque
874 1777 947 1817 die
978 1777 1297 1818 confessiones
1328 1777 1774 1828 communionesque

150 1850 462 1901 frequentant,
487 1849 606 1889 inter
628 1860 745 1900 quos
767 1855 836 1888 est
856 1849 1034 1889 Doctor
1061 1848 1343 1888 Franciscus
1373 1848 1428 1888 de
1460 1848 1711 1894 Villanoua
1745 1847 1771 1885 ¹.

150 1920 330 1960 Harum
352 1932 504 1961 rerum
527 1920 733 1960 omnium
756 1920 924 1969 fructu,
948 1919 1048 1960 Deo
1072 1921 1173 1959 laus
1190 1926 1233 1959 et
1251 1920 1418 1970 gloria,
1438 1919 1527 1967 cui,
1547 1925 1772 1970 tanquam

150 1991 336 2031 authori
357 1991 625 2043 praecipuo,
649 1991 803 2031 omnia
826 1997 1021 2042 accepta
1044 1990 1287 2030 referenda
1311 1997 1430 2030 sunt.

230 2062 458 2113 Discipuli
486 2073 679 2102 numero
708 2068 813 2102 sunt
845 2060 940 2111 1803
973 2074 1135 2101 uerum
1167 2063 1254 2101 hoc
1286 2068 1495 2113 tempore
1525 2061 1773 2101 uindemiis

145 2133 354 2185 impediti
375 2144 546 2184 magna
569 2145 729 2173 eorum
752 2144 861 2184 pars
884 2133 1153 2183 distinetur,
1183 2133 1268 2172 hos
1290 2133 1335 2172 in
1365 2139 1459 2172 tres
1482 2134 1656 2172 classes
1688 2132 1775 2172 dis-

151 2205 409 2254 tribuimus,
448 2205 493 2244 in
529 2216 727 2256 quarum
763 2205 914 2256 prima
948 2205 1284 2255 grammatices
1319 2204 1583 2244 rudimenta
1620 2210 1664 2243 et
1699 2204 1772 2243 do-

146 2276 297 2316 ctrina
317 2275 507 2316 Xiana.:
530 2275 576 2315 in
598 2277 745 2315 altera
767 2275 914 2315 Marci
935 2275 1073 2315 Tullii
1094 2275 1318 2325 epistolae
1341 2282 1384 2315 et
1405 2275 1514 2314 Aldi
1535 2275 1731 2314 Manutii
1759 2274 1772 2293 ²

151 2346 506 2398 praeceptiones
525 2346 888 2397 grammaticae:
920 2346 963 2386 in
994 2346 1058 2386 3³
1087 2357 1198 2385 uero
1230 2346 1449 2386 Urbanus
1479 2345 1492 2363 ⁵
1523 2352 1566 2385 et
1599 2345 1772 2386 Aristo-

150 2417 317 2469 phanis
334 2416 515 2457 Plutus
531 2418 878 2469 praeleguntur.
898 2416 1034 2467 Sane,
1054 2423 1277 2468 quantum
1296 2417 1350 2456 de
1372 2417 1555 2457 illorum
1573 2417 1773 2467 ingeniis

153 2488 360 2529 iudicare
399 2499 659 2539 possumus,
694 2487 850 2528 multis
880 2495 1074 2527 naturae
1106 2487 1288 2527 dotibus
1319 2487 1515 2538 praediti
1545 2487 1680 2527 nobis
1710 2487 1770 2527 ui-

146 2558 339 2607 dentur;
364 2570 472 2598 nam
495 2565 537 2598 et
561 2559 748 2610 ingenio
771 2559 912 2607 acuti,
937 2564 979 2598 et
1002 2558 1188 2610 optimis
1211 2558 1416 2598 moribus
1433 2558 1631 2598 instituti
1648 2564 1769 2606 sunt;

149 2630 360 2670 discendi
382 2641 562 2681 quoque
585 2629 735 2670 studio
759 2641 898 2681 quam
916 2629 1116 2669 maxime
1137 2630 1381 2680 rapiuntur
1397 2641 1488 2669 non
1506 2630 1770 2669 adolescen-

151 2707 221 2740 tes
242 2701 397 2749 modo,
422 2712 585 2742 uerum
606 2702 745 2741 etiam
765 2701 956 2740 iuuenes
975 2713 982 2740 τ
1001 2701 1207 2751 ipsorum
1225 2711 1336 2751 erga
1356 2712 1439 2740 nos
1456 2700 1767 2745 obseruantia,

142 2771 187 2811 in
210 2771 378 2812 studiis
401 2771 668 2822 diligentia,
693 2773 927 2822 multaque
950 2777 1208 2821 praeterea,
1234 2782 1350 2822 quae
1373 2772 1417 2810 in
1440 2771 1512 2810 his
1533 2782 1639 2810 rara
1663 2781 1769 2810 con-

196 2930 206 2950 Ι
246 2930 332 2958 Vide
352 2931 555 2965 ommom,
572 2933 592 2958 l.
610 2939 650 2965 c.,
667 2935 699 2958 et
717 2931 843 2959 Cartas
858 2932 900 2958 de
915 2931 986 2958 San
999 2931 1154 2965 Ignacio,
1169 2936 1192 2958 t.
1208 2938 1253 2962 vi,
1268 2939 1346 2966 pag.
1364 2931 1414 2957 199
1428 2936 1461 2958 et
1475 2931 1541 2958 246.

195 2977 208 2996 ²
247 2977 354 3005 Notus
369 2978 396 3006 is
412 2984 463 3006 est
486 2979 526 3006 iis
541 2979 596 3013 qui
619 2980 673 3006 vel
689 2979 826 3006 summis
851 2978 955 3006 labris
970 2979 1096 3013 aliquid
1112 2979 1151 3005 de
1173 2979 1397 3005 humanitatis
1413 2979 1546 3005 saeculo
1568 2986 1625 3005 xvi
1648 2978 1768 3004 studiis

146 3024 304 3059 attigere.

199 3071 213 3091 ⁵
251 3072 386 3100 URBAM
402 3073 563 3100 Botzmvu
579 3072 827 3100 Institutiones
841 3080 989 3107 graecae
1010 3074 1278 3107 grammaticae.
1292 3074 1379 3101 Vide
1399 3082 1512 3109 supra,
1526 3078 1537 3100 t
1570 3080 1590 3105 ι,
1607 3079 1683 3107 pag.
1698 3072 1763 3100 353.
