2020 3342
296 231 363 269 132
834 231 1058 268 LITTERAE
1085 240 1439 274 QUADmMESTREs

293 339 391 368 rem
435 327 684 378 proferret:
722 332 895 379 quanto
938 333 1093 366 autem
1133 326 1306 376 gaudio
1348 327 1406 366 ab
1446 327 1666 366 uniuersa
1712 326 1917 378 ciuitate,

292 399 568 450 praesertim
590 409 615 436 a
638 396 826 447 Senatu,
851 403 1047 448 excepta
1075 397 1192 436 haec
1213 396 1398 446 fuerint,
1441 396 1647 437 eiusdem
1687 397 1753 437 rei
1783 409 1921 438 euen-

293 476 367 509 tus
405 469 684 516 declarauit3
728 468 953 508 absolutis
992 479 1192 518 namque
1232 467 1646 517 disputationibus,
1687 467 1796 507 Dux
1844 480 1919 508 cu-

294 539 426 590 pidus
447 539 765 589 cognoscendi
785 538 1015 588 iuuenem,
1046 538 1124 588 qui
1152 538 1405 588 positiones
1433 544 1609 577 tutatus
1640 537 1806 588 fuerat,
1837 550 1918 578 no-

292 610 453 661 bisque
473 609 742 660 gratulandi
764 609 995 648 desiderio
1017 608 1346 655 inflammatus
1378 619 1497 658 eum,
1529 619 1621 648 una
1649 620 1755 648 cum
1781 620 1917 660 prae-

292 687 494 731 ceptore,
519 680 782 729 accersiuit,
807 685 945 730 atque
968 679 1189 719 comitate
1211 679 1413 729 quadam
1435 678 1727 718 confirmauit
1744 679 1918 729 gratis·

290 751 433 790 simas
454 751 542 790 sibi
562 750 704 790 fuisse
735 749 1095 800 disputationes,
1129 749 1474 789 adolescentem
1504 760 1616 788 uero
1647 749 1707 789 ad
1733 750 1915 790 maiora

292 821 444 861 studia
466 821 753 871 capessenda
777 820 1018 870 animauit‚
1042 819 1320 871 promittens
1341 831 1390 859 se
1411 831 1651 871 nunquam
1672 820 1770 859 eius
1791 831 1916 861 com-

290 892 440 932 modis
462 891 744 940 defuturum,
769 891 821 940 si,
847 902 937 942 quo
960 891 1188 941 coepisset
1210 889 1340 941 pede,
1364 901 1561 941 pergere
1583 891 1738 930 uellet.

368 962 596 1002 Postridie
617 962 752 1001 huius
774 961 879 1011 diei,
903 972 992 1012 quo
1014 961 1130 1000 haec
1159 967 1265 1000 acta
1293 967 1420 1010 sunt,
1456 961 1618 1000 eodem
1638 960 1683 1000 in
1704 962 1807 1001 loco
1838 962 1917 1002 ha—

288 1034 383 1073 bita
404 1033 489 1072 fuit
511 1032 660 1072 oratio
683 1032 729 1072 in
749 1032 935 1071 laudem
963 1032 1254 1083 eloquentiae
1286 1044 1311 1070 a
1335 1031 1536 1083 quodam
1564 1044 1621 1071 ex
1648 1032 1822 1072 nostris
1852 1032 1915 1072 di-

287 1104 492 1155 scipulis,
516 1115 606 1154 qua
629 1109 871 1154 perorata,
894 1102 1090 1142 recitata
1120 1103 1261 1142 etiam
1288 1102 1415 1141 suere
1447 1102 1675 1153 quaedam
1703 1102 1913 1142 carmina

286 1175 333 1214 in
354 1174 537 1214 laudem
558 1174 685 1213 urbis
710 1173 917 1223 Genuae,
941 1185 1059 1225 quae
1082 1174 1235 1213 omnia
1266 1185 1359 1212 non
1380 1173 1549 1212 minori
1578 1174 1806 1224 applausu
1840 1175 1915 1213 uel

285 1246 544 1297 frequentia
566 1256 705 1296 quam
728 1251 933 1293 caetera,
955 1256 1073 1295 quae
1101 1245 1313 1295 superius
1342 1244 1728 1294 commemoraui,
1753 1244 1912 1284 audita

284 1317 428 1356 fuere.
451 1316 569 1355 Nam
592 1322 640 1355 ut
663 1316 874 1355 omittam
902 1315 1104 1364 Ducem,
1128 1326 1221 1354 una
1251 1327 1355 1354 cum
1384 1314 1580 1364 Senatu,
1610 1315 1914 1365 Episcopum-

284 1398 372 1438 que
394 1386 672 1435 interfuisse,
696 1386 840 1431 multi,
866 1386 924 1425 ad
945 1397 1060 1436 quos
1082 1386 1286 1425 hesterni
1308 1385 1578 1424 certaminis
1602 1384 1725 1424 fama
1746 1396 1913 1435 perue-

285 1464 432 1507 nerat,
457 1457 720 1507 frequentes
743 1468 927 1496 uenere.
951 1456 1159 1496 Tandem
1183 1456 1246 1506 (ut
1268 1457 1414 1495 multa
1436 1456 1637 1495 breuiter
1665 1456 1910 1506 attingam)

283 1529 347 1568 ita
369 1540 417 1567 se
440 1539 662 1579 prospere
683 1539 757 1567 res
778 1527 1003 1577 habuere,
1029 1534 1077 1566 ut
1105 1539 1186 1578 per
1214 1534 1359 1566 totam
1388 1527 1550 1567 urbem
1579 1526 1703 1566 sama
1725 1527 1908 1578 collegii

284 1599 447 1647 nostri,
472 1598 595 1649 quod
617 1604 754 1638 antea
775 1599 920 1638 ueluti
940 1599 986 1637 in
1007 1598 1210 1638 tenebris
1231 1598 1420 1647 latebat,
1440 1604 1694 1637 emanaret.
1722 1598 1789 1638 Eo
1806 1598 1909 1649 ipso

285 1670 372 1720 die,
397 1682 487 1721 quo
508 1676 735 1709 renouata
752 1668 882 1708 fuere
900 1669 1051 1708 studia
1071 1669 1202 1719 (haec
1220 1669 1341 1708 enim
1360 1669 1514 1708 omnia
1533 1669 1778 1719 quatriduo
1798 1675 1905 1709 ante

285 1741 638 1781 renouationem
660 1746 765 1779 acta
795 1740 947 1789 sunt),
978 1746 1227 1790 antequam
1258 1740 1480 1779 lectiones
1509 1741 1905 1790 praelegerentur‚

283 1811 550 1851 scholastici
572 1822 732 1850 omnes
753 1821 1013 1850 conuenere
1035 1811 1080 1849 in
1099 1810 1261 1850 aedem
1289 1810 1438 1850 Diuae
1472 1809 1671 1860 Mariae,
1704 1810 1908 1850 audituri

283 1893 469 1921 sacrum
491 1882 694 1921 solemne
716 1880 916 1932 Spiritus
939 1880 1119 1930 Sancti,
1149 1880 1271 1932 quod
1300 1887 1538 1920 cantatum
1558 1881 1644 1920 fuit
1666 1893 1691 1920 a
1724 1881 1906 1932 quibus-

283 1953 390 1992 dam
411 1952 730 1992 sacerdotibus
752 1958 1019 1991 nostrorum
1040 1951 1230 1991 Patrum
1251 1959 1434 2002 rogam,
1459 1963 1548 2002 quo
1571 1950 1770 2002 Spiritus
1792 1951 1906 1992 San-

282 2029 384 2063 ctus
404 2030 565 2062 nostra
588 2023 741 2062 studia
765 2022 823 2061 ad
843 2023 1025 2062 laudem
1049 2030 1091 2062 et
1112 2023 1311 2072 gloriam
1334 2023 1663 2073 omnipotentis
1691 2021 1779 2061 Dei
1801 2023 1907 2062 diri·

280 2105 391 2144 gere
414 2094 566 2143 uellet3
592 2105 789 2144 cumque
811 2093 903 2132 iam
926 2093 983 2132 ad
1005 2093 1205 2132 medium
1226 2093 1349 2132 sacri
1371 2100 1646 2143 peruentum
1674 2099 1810 2143 esset,
1843 2093 1907 2132 of-

280 2164 548 2214 ferendique
570 2170 750 2214 tempus
768 2164 965 2212 adesset,
986 2164 1255 2203 scholastici
1273 2176 1432 2203 omnes
1450 2165 1658 2204 cereolos
1676 2164 1903 2215 quosdam

279 2246 505 2275 accensos
532 2235 746 2274 manibus
773 2234 976 2274 serentes
1004 2235 1197 2285 singuli,
1232 2246 1340 2274 suos
1374 2242 1704 2286 praeceptores
1739 2236 1902 2285 secuti,

278 2307 358 2357 qui
387 2309 526 2345 etiam
556 2305 774 2345 candelas
804 2305 1028 2354 ferebant,
1066 2307 1271 2345 maxima
1303 2306 1556 2345 astantium
1593 2306 1902 2345 admiratione

278 2382 418 2427 atque
440 2376 576 2415 laude
598 2377 806 2415 cereolos
826 2387 934 2415 suos
955 2376 1178 2426 obtulere;
1203 2377 1367 2427 quibus
1389 2377 1525 2415 rebus
1536 2376 1778 2426 soell'cz'ter
1799 2388 1901 2427 per-

278 2447 411 2495 actis,
436 2446 623 2496 quidam
645 2453 802 2486 noster
824 2446 1076 2497 discipulus
1103 2454 1376 2497 suggestum
1406 2447 1616 2487 ascendit
1646 2447 1922 2498 habuitque>

276 2517 534 2556 orationem
557 2517 823 2567 quamdam,
847 2528 966 2568 quae
990 2528 1068 2568 per
1090 2517 1253 2557 horam
1287 2517 1495 2567 durauit,
1520 2529 1680 2557 coram
1710 2517 1902 2568 Episco-

276 2600 351 2639 po,
382 2587 577 2638 aliisque
610 2588 964 2638 quamplurimis
997 2588 1189 2637 ciuibus,
1228 2599 1366 2639 quam
1403 2589 1596 2628 summis
1624 2588 1682 2627 ad
1718 2589 1899 2628 coelum

275 2658 488 2698 laudibus
510 2658 736 2706 extulere;
763 2658 1037 2708 praesertim
1064 2658 1322 2709 Episcopus
1352 2660 1445 2698 alta
1478 2670 1592 2698 uoce
1614 2670 1771 2698 coram
1803 2658 1900 2698 uni-

277 2740 413 2768 uersa
443 2727 734 2767 multitudine
769 2739 910 2778 aegre
943 2727 1063 2768 serre
1091 2740 1139 2768 se
1167 2729 1301 2778 dixit,
1341 2730 1465 2780 quod
1496 2741 1587 2769 non
1621 2729 1783 2769 fuisset
1810 2730 1897 2770 fre-

277 2798 434 2850 quenti
456 2804 620 2837 senatu
642 2798 815 2837 habita:
840 2798 923 2838 fuit
945 2798 1109 2839 deinde
1131 2800 1337 2850 precatio
1366 2800 1594 2850 quaedam
1627 2799 1684 2839 ad
1705 2800 1898 2840 Beatam

278 2869 525 2919 Virginem
547 2868 753 2907 carmine
780 2869 1044 2909 decantata.

354 2939 438 2979 His
460 2938 594 2978 iactis
614 2938 941 2989 fundamentis,
966 2940 1128 2979 eodem
1150 2941 1249 2991 ipso
1275 2941 1346 2980 die
1368 2942 1537 2991 singuli
1566 2951 1896 2993 praeceptores

275 3015 489 3049 auctores
510 3020 659 3048 nouos
680 3009 979 3061 interpretari
1000 3012 1213 3061 aggressi
1245 3018 1373 3062 sunt,
1404 3013 1659 3063 praemissa
1689 3013 1892 3053 oratiun-
