2020 3342
828 243 910 281 AN.
942 244 1046 308 1556.
1667 247 1736 284 387

123 346 268 389 turus,
292 340 660 390 interrogabant.
686 339 879 389 Omnes,
910 341 988 391 qui
1022 347 1209 381 nostrae
1241 339 1488 381 Societatis
1517 342 1740 392 cognitio-

123 422 228 450 nem
248 410 495 459 habebant,
520 410 721 461 aliquem
743 423 801 450 ex
824 412 996 451 nostris
1018 412 1130 462 ipsis
1151 412 1315 452 adesse
1346 412 1689 453 desiderabant.

203 481 303 521 Hoc
324 481 463 520 modo
485 480 778 531 perlustratis
800 482 1053 522 maioribus
1074 482 1272 534 oppidis,
1290 482 1337 522 in
1355 483 1519 533 quibus
1537 484 1742 534 quotidie

126 552 402 602 praedicans
424 552 470 591 in
492 551 702 591 ecclesiis
723 551 958 602 primariis
986 553 1160 604 aliquot
1187 552 1348 593 diebus
1375 565 1740 604 permanseram,

123 623 350 673 reliquum
371 622 548 672 negotii
568 622 867 673 paucioribus
898 623 1058 663 diebus
1089 624 1290 674 absolui,
1322 636 1428 664 cum
1454 625 1742 676 perciperem

122 694 168 733 in
203 693 400 733 diuersis
434 693 548 732 locis
575 704 735 733 omnes
761 695 1068 734 communiter
1103 695 1148 734 in
1177 695 1429 735 nutritione
1459 696 1740 747 bombycum

123 764 357 814 occupari.
383 762 598 803 Patiebar
629 763 814 814 quidem
845 764 890 804 in
912 765 999 804 hac
1030 766 1407 816 peregrinatione
1437 777 1530 806 non
1560 773 1740 807 tantum

123 834 305 874 labores
326 840 370 874 et
392 833 629 874 molestias
651 834 843 883 itineris,
868 847 1032 875 verum
1053 836 1193 875 etiam
1214 836 1366 876 uictus
1388 836 1579 877 subinde
1601 848 1741 888 penu-

122 906 253 945 riam.
278 904 368 945 Sed
389 905 453 944 ita
475 916 635 944 omnes
663 905 902 945 molestias
929 912 972 945 et
1001 907 1243 956 penuriam
1269 908 1561 958 temperabat
1588 907 1744 948 Domi-

123 987 221 1025 nus,
246 982 295 1015 ut
316 976 532 1026 centuplo
553 975 692 1015 fuerit
715 975 863 1015 maior
890 977 1173 1027 consolatio,
1199 978 1431 1029 animique
1455 978 1745 1019 confirmatio

123 1054 167 1086 et
186 1046 475 1096 illuminatio,
495 1046 541 1086 in
561 1046 693 1086 uerbi
713 1046 803 1086 Dei
823 1047 1186 1098 praedicatione,
1208 1054 1251 1088 et
1273 1048 1567 1089 diuersorum
1590 1050 1746 1090 dubio-

112 1130 240 1167 ·rum,
263 1129 383 1168 quae
403 1117 800 1168 proponebantur,
823 1118 1069 1167 solutione3
1088 1125 1131 1158 et
1149 1119 1333 1169 quidem
1350 1125 1445 1160 tam
1462 1119 1679 1171 euidenti,
1699 1126 1747 1160 ut

124 1190 274 1229 nullus
305 1188 547 1240 quaerenti
576 1188 781 1239 scrupuli
816 1189 945 1228 locus
976 1189 1328 1239 relinqueretur.
1362 1191 1660 1242 Gaudebam,
1698 1192 1746 1232 li-

125 1261 232 1300 bros
252 1271 345 1300 non
365 1260 555 1309 habens,
580 1270 686 1299 cum
708 1259 819 1299 mihi
837 1272 906 1310 ea,
928 1272 1047 1311 quae
1064 1260 1259 1301 dicenda
1277 1268 1424 1310 erant,
1444 1263 1566 1302 vltro
1586 1274 1746 1303 occur-

124 1337 292 1371 rerent:
307 1330 516 1370 laetabar
533 1330 696 1370 uidens
713 1341 994 1370 concursum
1012 1332 1181 1382 populi,
1202 1332 1337 1372 auide
1354 1333 1549 1373 uerbum
1566 1333 1654 1373 Dei
1669 1345 1744 1373 au-

123 1401 288 1441 dientis
310 1408 353 1441 et
375 1401 690 1452 intelligentis,
720 1401 953 1452 animique
975 1402 1205 1442 feruorem
1229 1403 1548 1454 concipientis.
1573 1404 1744 1444 Conso-

123 1473 343 1512 lationem
365 1473 505 1512 etiam
526 1472 664 1521 sensi,
689 1483 794 1512 cum
814 1483 943 1512 meos
964 1472 1182 1513 italenses
1204 1473 1455 1514 aduentum
1476 1486 1629 1515 meum
1647 1481 1744 1516 tan-

123 1551 282 1596 topere
300 1543 592 1583 desiderasse
614 1543 937 1594 intelligerem,
962 1555 1157 1595 cumque
1179 1551 1308 1585 tanto
1330 1545 1501 1586 affectu
1518 1558 1589 1586 me
1606 1553 1745 1587 noctu

111 1621 437 1655 ¹reuertentem
461 1614 738 1665 reciperent,
762 1620 850 1654 etc.

201 1685 360 1734 Italae,
384 1685 437 1724 26
456 1684 580 1737 Junii
608 1684 722 1724 1556.

203 1755 256 1795 R.
279 1755 338 1796 V.
363 1755 536 1795 inutilis
554 1766 733 1803 seruus,

1329 1900 1528 1941 DANIEL.

202 2111 262 2150 In
283 2115 455 2162 quarta
471 2110 661 2161 pagina
682 2110 793 2150 Izaec
819 2114 1006 2151 tantum
1032 2110 1289 2161 leguntur:
1316 2113 1453 2163 Itala,
1483 2113 1534 2153 ‘26
1565 2114 1610 2154 di
1637 2114 1744 2155 Giu-

111 2192 215 2231 :gno
238 2182 306 2222 56.
