2020 3342
874 197 958 232 AN.
991 196 1080 234 1556
1749 200 1793 236 15

159 291 246 331 bus
267 303 442 339 eorum,
467 292 544 343 qui
560 291 702 331 fuisse
724 291 1045 331 interfectores
1067 291 1354 341 dicebantur,
1378 293 1452 332 cui
1475 304 1635 333 omnes
1653 295 1788 334 vehe-

165 369 344 402 menter
365 362 650 401 obsistebant
671 368 808 412 atque
831 361 1019 401 omnino
1041 363 1279 412 negabant
1301 362 1346 401 id
1367 370 1597 413 oportere.
1622 363 1789 414 Quam-

161 432 325 472 obrem
354 432 619 483 praefectus
647 432 803 482 populi
834 431 1074 471 mandauit
1093 431 1181 471 illis
1199 432 1419 472 continuo
1437 433 1493 472 ab
1513 433 1627 473 urbe
1644 434 1791 474 disce·

166 503 290 552 dere,
335 503 411 553 qui
436 503 736 542 libentissime
758 502 1057 552 obediebant,
1091 502 1214 553 quod
1248 502 1285 542 si
1314 502 1460 553 fieret,
1485 504 1690 543 omnium
1724 517 1793 544 re-

164 575 261 613 latu
296 573 342 612 in
375 574 518 613 totius
552 573 707 624 populi
742 571 921 612 cladem
958 572 1268 623 redundabat,
1305 573 1611 625 bellicumque
1640 575 1793 616 incen-

161 643 290 683 dium
319 644 649 684 suscitabatur:
686 649 732 682 at
766 655 877 683 uero
916 643 974 682 ab
1008 643 1273 683 huiusmodi
1304 645 1507 694 pernicie
1528 646 1792 695 praefectus

163 715 354 765 cupiens
370 715 498 754 ciues
519 726 707 754 seruare
742 714 1015 761 incolumes,
1054 713 1218 754 Patres
1254 715 1487 764 convenit,
1526 716 1693 766 quibus
1720 729 1793 757 ra-

162 785 336 824 tionem
356 785 578 825 facinoris
594 797 687 824 non
708 785 806 823 sine
828 784 987 824 dolore
1010 785 1181 832 retulit,
1213 784 1269 824 de
1296 796 1386 836 qua
1418 797 1466 825 re
1495 797 1600 826 curn
1627 786 1792 827 Patres

162 855 549 904 intercessissent,
573 855 783 894 cumillis
804 855 999 894 multum
1020 854 1330 905 profecerunt,
1352 856 1700 908 perfectumque
1718 863 1788 897 est

162 932 212 965 vt
239 926 613 976 perturbationes
648 932 691 964 et
731 926 954 965 tumultus
990 924 1078 964 Dei
1120 926 1293 965 auxilio
1328 926 1625 977 sedarentur,
1666 928 1792 978 quod

159 996 390 1046 omnibus,
415 995 602 1036 Christo
624 996 793 1046 gratia,
818 996 903 1036 fuit
925 996 1239 1035 admirationi.

241 1066 478 1107 Accedam
499 1067 592 1106 iam
613 1067 672 1106 ad
707 1067 899 1117 reliqua,
936 1078 1055 1117 quae
1087 1066 1200 1106 mihi
1228 1067 1448 1106 scribenti
1485 1068 1531 1107 in
1552 1068 1624 1108 his
1646 1069 1790 1108 literis

164 1138 403 1188 proposita
426 1145 546 1187 sunt,
571 1137 690 1189 quod
726 1137 785 1177 ad
806 1138 929 1177 hunc
965 1136 1088 1177 diem
1123 1137 1321 1188 singulis
1343 1137 1504 1178 diebus
1532 1139 1579 1178 in
1600 1139 1688 1178 hoc
1708 1151 1791 1191 gy-

163 1209 343 1249 mnasio
379 1209 514 1248 binae
549 1209 772 1248 lectiones
792 1208 1057 1259 theologiae
1078 1209 1492 1259 praelegebantur,
1517 1221 1633 1261 quas
1667 1222 1791 1250 nunc

163 1278 211 1318 Ρ.
234 1279 515 1320 Franciscus
535 1279 734 1329 Borgius
755 1279 1064 1330 praetermitti
1082 1279 1328 1330 praecipit,
1353 1291 1458 1319 cum
1475 1287 1519 1319 et
1535 1281 1687 1320 nullus
1707 1280 1792 1321 So-

157 1350 356 1398 cietatis,
380 1362 466 1390 nec
496 1357 731 1399 externus,
770 1350 829 1389 sit
865 1349 1064 1399 auditor,
1104 1355 1201 1389 tum
1229 1356 1418 1401 propter
1450 1350 1688 1401 ingentem
1716 1364 1792 1391 ne—

163 1422 442 1469 cessitatem,
467 1432 557 1472 qua
579 1420 837 1470 Collegium
864 1420 1103 1470 premitur,
1139 1426 1208 1460 est
1229 1421 1352 1460 enim
1374 1426 1545 1461 tectum
1573 1433 1791 1473 reparan-

162 1493 285 1541 dum,
309 1498 352 1531 et
374 1491 586 1531 firmandi
600 1491 815 1542 parietes,
839 1491 886 1530 in
904 1502 994 1542 qua
1012 1490 1222 1541 impensa
1238 1502 1331 1530 non
1347 1491 1594 1532 mediocris
1610 1504 1792 1533 summa

163 1563 388 1613 pecuniae
423 1563 726 1613 expendetur:
763 1562 809 1601 id
844 1561 1018 1601 idcirco
1055 1568 1125 1601 est
1163 1573 1334 1601 causae
1369 1563 1616 1613 quominus
1636 1575 1792 1615 prose-

163 1640 365 1684 quantur
385 1634 553 1683 studia;
577 1634 755 1673 interea
775 1639 932 1672 tamen
953 1633 1027 1673 hic
1048 1634 1386 1684 permanebunt
1414 1640 1613 1684 quatuor
1640 1647 1791 1675 sacer-

163 1703 295 1744 dotes
317 1705 592 1744 confessarii
616 1716 669 1744 ac
691 1704 1063 1753 concionatores,
1096 1704 1174 1755 qui
1205 1715 1307 1744 sese
1343 1705 1548 1755 quotidie
1571 1714 1791 1746 accurate

160 1782 395 1824 exercent,
420 1775 578 1815 audita
603 1780 927 1818 retractantes,
959 1774 1192 1814 audienda
1214 1775 1543 1826 praeuidentes
1572 1784 1711 1828 atque
1733 1778 1791 1818 ad

160 1845 480 1885 confessiones
519 1857 568 1885 se
607 1852 852 1896 parantes,
895 1845 940 1884 in
983 1845 1147 1895 dubiis,
1199 1845 1365 1896 quibus
1403 1846 1543 1886 Pater
1587 1855 1788 1898 praeest,

162 1916 461 1956 illustrandis.
499 1916 604 1956 Duo
635 1916 825 1967 insuper
859 1915 1128 1956 sacerdotes
1159 1915 1328 1966 docent
1357 1919 1716 1967 grammaticam
1737 1931 1790 1959 ea

160 1999 290 2036 cura,
314 1988 466 2027 studio
502 1994 546 2027 et
581 1986 890 2027 sollicitudine
925 1998 980 2026 ac
1015 1987 1245 2037 exemplo,
1275 1993 1326 2026 Vt
1355 1988 1542 2038 copiose
1578 1990 1792 2030 omnibus

160 2058 466 2098 satisfaciant.
490 2058 604 2098 Illud
626 2059 766 2098 etiam
787 2058 924 2097 silere
951 2069 1045 2097 non
1067 2064 1229 2108 potero
1259 2058 1382 2109 quod
1403 2065 1447 2098 et
1477 2059 1679 2111 quinque
1703 2059 1792 2100 fra-

160 2136 255 2169 tres
276 2142 302 2169 a
323 2129 447 2169 Divo
469 2129 598 2169 Luca
625 2129 896 2179 magisterio
932 2128 1195 2168 liberalium
1229 2129 1402 2169 artium
1438 2136 1544 2169 sunt
1566 2131 1788 2181 insigniti,

161 2212 216 2240 ac
238 2200 581 2252 quamprimum
603 2200 692 2239 duo
714 2200 824 2239 item
845 2199 891 2239 in
913 2210 1050 2238 sacra
1072 2199 1310 2249 theologia
1332 2206 1437 2239 sunt
1464 2201 1605 2240 futuri
1631 2201 1792 2241 docto-

162 2283 251 2320 res,
275 2283 473 2322 quorum
495 2272 612 2310 alter
634 2277 703 2310 est
724 2279 992 2319 extraneus;
1018 2270 1225 2309 omnium
1242 2270 1470 2321 Magistro
1491 2272 1661 2321 gratia.

240 2342 371 2382 Haec
391 2349 513 2387 sunt,
537 2341 636 2381 Rde
667 2341 820 2391 Pater,
843 2352 1024 2380 summa
1053 2341 1222 2391 capita,
1246 2353 1364 2392 quae
1386 2341 1495 2381 duxi
1526 2342 1789 2391 scribenda,

163 2413 382 2464 quoniam
412 2413 597 2462 singula
623 2413 814 2462 longum
843 2417 965 2451 esset
1000 2411 1111 2450 mihi
1144 2423 1403 2452 recensere.
1440 2412 1560 2462 Quid
1588 2413 1789 2454 referam

160 2483 451 2532 industriam,
489 2483 745 2526 solertiam.
783 2482 1131 2532 dexteritatem,
1165 2481 1448 2532 doctrinam,
1482 2483 1789 2525 eruditionem

161 2555 307 2594 nostri
328 2553 570 2603 Praefecti,
595 2565 713 2604 quae
736 2559 898 2604 aperta
920 2559 1027 2593 sunt
1049 2553 1280 2592 omnibus?

241 2625 412 2666 Omnes
434 2625 508 2665 hic
531 2632 654 2665 recte
675 2625 895 2672 valemus,
922 2630 965 2663 et
992 2624 1074 2663 tibi
1096 2624 1405 2675 precibusque
1435 2625 1525 2665 tuis
1547 2637 1632 2666 nos
1652 2626 1788 2666 vnice

157 2697 554 2736 commendamus.
574 2695 707 2745 Vale,
730 2695 884 2734 Pater.

238 2767 462 2816 Gandiae‚
488 2766 677 2808 Calend.
699 2765 910 2818 Januarii
933 2777 1055 2805 anno
1080 2778 1106 2805 a
1129 2778 1243 2817 pace
1266 2767 1485 2807 vniuersa
1512 2767 1626 2808 1556.

238 2838 290 2878 T.
314 2838 366 2878 R.
387 2838 506 2878 filius
528 2838 575 2877 in
596 2837 781 2877 Christo
805 2836 1040 2886 indignus,

1209 2980 1266 3020 A.
1293 2981 1491 3027 LocANo.
