2020 3342
271 253 340 302 22'6
765 254 989 302 LITTERAE
1014 266 1375 307 QUADRIMESTRES

275 361 494 412 “propter
515 359 624 411 quid
646 360 822 412 (inquit)
845 361 1065 412 cogitatis
1087 360 1323 401 Christum
1353 360 1411 400 ad
1444 360 1678 401 desertum
1704 356 1888 412 exiisse,

271 432 360 471 nisi
381 431 439 471 ad
449 431 729 481 faciendum
750 432 992 472 exercitia?
1014 443 1106 471 non
1129 432 1235 483 quia
1257 433 1345 472 illis
1366 432 1620 483 indigebat,
1644 432 1725 472 sed
1747 438 1795 472 ut
1815 444 1892 472 no-

270 502 339 542 bis
362 502 540 554 (inquit)
564 504 826 553 exemplum
847 503 1127 553 relinqueret
1149 503 1208 542 ad
1227 502 1363 542 illum
1387 503 1684 543 imitandum:
1718 503 1891 543 exerci-

269 573 332 613 tia
354 574 475 613 enim
498 573 612 613 haec
636 585 728 613 non
749 577 861 613 sunl
884 584 1007 612 nova
1027 573 1281 624 sumentia„
1301 573 1476 613 Diebus
1493 574 1704 625 proxime
1721 574 1892 625 elapsis

268 643 330 683 ita
351 643 628 694 infirmatus
647 648 735 694 est,
759 651 804 683 vt
827 645 881 684 de
901 643 1034 683 illius
1051 645 1198 683 salute
1216 645 1470 694 timeretur,
1490 644 1708 695 Patrique
1725 651 1888 684 nostro

268 714 550 754 Prouinciali
576 715 857 765 generaliter
886 714 1127 754 confessus
1162 722 1251 765 est,
1282 722 1325 754 et
1357 721 1541 766 praeter
1569 715 1889 765 eleemosinas,

267 796 382 836 quas
404 785 501 836 ipse
522 784 787 837 frequenter
808 786 1110 836 largiebatur,
1134 787 1327 825 multum
1350 785 1654 836 pecuniarum
1674 774 1890 837 pauperi-

266 856 350 896 bus
374 856 567 907 aliisque
587 857 675 908 piis
697 857 913 908 operibus
937 856 1186 905 distribuit,
1211 864 1260 896 vt
1282 857 1381 896 sine
1410 856 1583 897 diuitiis
1612 864 1887 897 moreretur.

266 926 460 967 Praeses
481 927 669 978 insuper
690 928 824 968 huius
846 927 934 967 fori
954 927 1089 978 Regii
1112 928 1121 946 ¹
1144 939 1229 967 nos
1251 939 1421 978 magno
1444 928 1742 979 prosequitur
1767 940 1889 968 amo-

266 1009 329 1037 re.
353 996 605 1049 Speramus
627 998 673 1038 in
694 998 895 1039 Domino
923 999 1057 1038 huius
1089 998 1215 1038 urbis
1243 998 1490 1048 collegium
1518 999 1738 1038 eximium
1772 998 1889 1039 futu-

264 1079 394 1119 rum,
432 1069 478 1109 in
512 1081 602 1121 quo
637 1068 848 1110 Creatori
883 1076 926 1109 et
961 1069 1260 1121 Redemptori
1294 1076 1454 1108 nostro
1485 1069 1709 1119 ingenter
1742 1069 1890 1109 inser-

265 1139 445 1179 viatur.
1211 1184 1217 1187 ,

342 1210 466 1251 Infra
501 1217 718 1251 octauam
753 1211 960 1251 Paschae
996 1211 1054 1250 ad
1090 1210 1305 1261 domum,
1343 1222 1461 1261 quae
1502 1211 1733 1251 conducta
1768 1218 1885 1262 erat,

261 1282 579 1333 transiuimus,
603 1281 875 1322 ubz'factum
905 1288 974 1322 est
1000 1282 1235 1333 quoddam
1262 1282 1505 1332 sacellum,
1535 1282 1612 1321 ubi
1645 1283 1887 1322 commode

261 1352 407 1404 possit
429 1353 668 1404 celebrari,
693 1361 880 1393 seruata
903 1360 1171 1392 nostrorum
1203 1353 1434 1392 clausura.

342 1423 520 1474 Quarto
543 1423 645 1464 idus
668 1423 843 1476 Aprilis
864 1423 1102 1475 profectus
1123 1430 1191 1463 est
1220 1423 1358 1463 Pater
1387 1423 1694 1463 Prouincialis
1723 1424 1783 1464 ad
1810 1436 1886 1475 op-

262 1494 420 1545 pidum
459 1495 712 1535 Marchena
731 1528 739 1546 ,
781 1495 855 1535 ubi
891 1495 1124 1546 quoddam
1160 1494 1444 1534 construitur
1482 1495 1744 1545 collegium,
1781 1494 1887 1535 inde

259 1565 526 1606 Cordubam
549 1566 855 1618 profecturus,
882 1573 930 1606 vt
953 1578 1045 1616 eos,
1070 1565 1147 1617 qui
1168 1573 1275 1605 sunt
1297 1566 1342 1605 in
1365 1565 1660 1617 probatione,
1685 1565 1744 1606 ad
1765 1565 1885 1606 hanc

267 1636 426 1677 vrbem
447 1638 735 1688 transferret,
764 1644 859 1677 tum
888 1638 994 1689 quia
1022 1637 1338 1687 eleemosinis,
1363 1648 1481 1688 quae
1511 1636 1585 1676 hic
1614 1636 1882 1686 offerentur,

262 1714 478 1759 poterunt
500 1708 778 1749 sufficienter
798 1707 964 1759 fulciri,
989 1715 1086 1748 tum
1103 1708 1242 1747 etiam
1260 1714 1449 1759 propter
1466 1708 1601 1748 huius
1619 1708 1747 1748 urbis
1764 1719 1885 1748 corn-

260 1778 523 1819 moditates.

337 1850 439 1890 Hac
483 1850 774 1890 hebdomada
813 1851 955 1890 alium
990 1850 1202 1890 iuuenem
1234 1850 1504 1900 theologum
1538 1849 1687 1889 bonae
1716 1850 1883 1890 indolis

259 1921 524 1972 accepimus
548 1922 606 1961 ad
629 1922 868 1969 exercitia,
894 1922 1083 1961 ductum
1110 1920 1466 1972 Archiepiscopi
1490 1921 1695 1961 consilio.

336 1991 465 2032 Haec
488 2000 610 2043 sunt,
636 2005 753 2044 quae
782 1993 832 2032 in
861 1993 949 2032 hoc
982 1992 1311 2043 quadrimestri
1341 1991 1472 2030 Deus
1493 1991 1702 2042 optimus
1730 1992 1869 2032 maxi

256 2074 450 2114 musque
477 2063 525 2102 sn
549 2063 635 2102 hac
663 2064 773 2103 urbe
799 2063 994 2114 operari
1016 2063 1250 2113 dignatus
1277 2066 1370 2112 est,
1397 2066 1440 2102 et
1466 2073 1583 2113 quae
1609 2063 1743 2102 nobis
1772 2064 1879 2103 scri-

257 2134 405 2174 benda
423 2135 718 2184 offerzmtztr.
744 2134 988 2185 Reliquum
1008 2141 1091 2184 est,
1112 2140 1159 2173 ut
1178 2133 1260 2172 hos
1277 2140 1379 2173 tuos
1396 2133 1560 2173 filiolos
1576 2134 1623 2173 in
1640 2133 1881 2174 sacrificiis

256 2212 300 2245 et
322 2205 609 2245 orationibus
626 2204 826 2245 Domino
845 2204 1160 2254 commendeS,
1184 2211 1231 2244 vt
1252 2205 1350 2255 ipse
1371 2215 1503 2243 suarn
1521 2204 1654 2244 nobis
1674 2204 1878 2255 gratiam

256 2276 500 2327 largiatur,
523 2283 572 2316 Vt
595 2276 637 2316 in
661 2275 822 2316 fauore
844 2287 949 2316 cum
971 2275 1227 2315 humilitate
1256 2274 1491 2325 contundi,
1527 2282 1571 2314 et
1602 2275 1648 2314 in
1677 2281 1877 2315 contem-

259 2354 340 2398 ptu
369 2346 860 2398 tribulatiom'busqne,
886 2346 1121 2398 possimus
1156 2346 1202 2385 in
1236 2345 1437 2385 Domino
1471 2346 1701 2397 gaudere,
1734 2353 1782 2386 vt
1814 2347 1876 2386 ita

251 2428 384 2458 suam
406 2418 661 2458 sentiamus
682 2418 1026 2458 sanctissimam
1048 2418 1350 2467 voluntatem,
1375 2423 1419 2456 et
1439 2417 1486 2456 in
1508 2417 1721 2457 omnibus
1750 2417 1877 2458 illam

252 2487 456 2540 perfecte
477 2489 828 2540 adimpleamus.

330 2559 582 2610 Granatae‚
606 2560 753 2611 pridie
776 2559 1007 2600 Calendas
1030 2558 1153 2609 Maii,
1178 2570 1299 2598 anno
1321 2558 1723 2609 sesquimillesimo
1745 2560 1870 2610 quin-

251 2630 526 2682 quagesimo
548 2637 695 2670 sexto.

327 2700 397 2740 Ex
419 2700 746 2741 commissione
768 2701 920 2740 Patris
942 2700 1116 2740 Basilii.

458 2770 586 2811 Tuus
607 2771 825 2811 minimus
846 2771 966 2811 filius
989 2771 1034 2810 in
1056 2770 1274 2820 Domino,

1363 2914 1390 2959 †
1422 2912 1548 2953 Rmz.
1583 2915 1608 2959 †

305 3075 310 3090 ¹
351 3072 534 3099 Abulcnsis
549 3071 749 3106 Episcopus,
766 3072 914 3099 Didacus
931 3074 969 3099 de
986 3072 1099 3099 Alax'a
1115 3077 1146 3098 ct
1166 3071 1286 3106 Esquix
1299 3074 1338 3100 cl.
