2020 3342
213 214 260 249 ω’]
720 213 946 250 Lirrsslmss
973 224 1329 255 QUADRIMESTRES

212 310 545 361 turpitudinem
567 309 878 356 sacerdotum,
902 321 1000 349 rem
1022 310 1081 349 ad
1111 309 1392 360 Episcopum
1419 310 1573 359 refert,
1605 310 1745 350 tradit
1763 321 1833 349 ra-

213 380 384 420 tionem
406 386 450 420 et
479 381 601 420 uiam
639 379 922 420 reformandi
958 380 1083 420 cleri.
1120 380 1389 420 Assentitur
1425 380 1627 430 optimus
1657 385 1831 431 pastor,

213 462 287 490 res
309 451 353 490 in
377 462 492 502 opus
514 450 738 499 educitur,
763 457 807 489 et
834 451 1076 501 praeclara
1106 450 1336 501 quaedam
1364 456 1614 501 praecepta
1643 457 1686 490 et
1707 451 1816 491 insti

214 528 311 561 tuta
330 521 651 561 sacerdotibus
667 521 880 571 eduntur,
895 532 1012 571 quae
1030 521 1229 572 quidem,
1249 521 1493 561 breuitatis
1508 521 1677 572 gratia,
1698 521 1833 561 modo

214 604 308 632 non
328 593 595 632 recensebo.

292 661 446 714 Atque
467 668 516 701 ut
536 662 852 702 institutiones
880 668 924 701 et
951 663 1162 703 instituta
1192 664 1512 711 obseruentur,
1553 672 1658 702 sunt
1689 665 1833 703 creati

214 734 261 772 in
281 734 499 773 uniuersa
520 733 838 772 iurisdictione
861 734 991 773 multi
1013 734 1192 783 vicarii,
1217 745 1414 785 quorum
1436 734 1629 785 quisque
1650 740 1834 785 praeest

210 810 342 844 certo
374 804 671 844 sacerdotum
705 815 919 854 numero,
957 804 1140 845 illorum
1175 805 1286 844 uitia
1322 810 1473 855 notat,
1510 816 1664 844 mores
1697 804 1832 855 regit,

214 875 476 925 praeceptis
497 875 674 923 imbuit,
700 881 743 913 et
764 874 902 914 rebus
923 874 1092 915 diuinis
1108 875 1307 915 instruit.
1328 875 1482 926 Quare
1499 875 1696 925 singulis
1712 886 1834 914 men-

212 946 340 986 sibus
360 946 430 985 bis
451 947 646 996 quisque
668 945 833 984 horum
846 945 1189 996 praefectorum
1207 947 1486 986 conuocabit
1502 957 1625 996 suos,
1646 952 1689 986 et
1710 945 1834 985 insti-

213 1022 310 1056 tuet
331 1022 374 1056 et
413 1016 597 1056 ornabit
636 1016 774 1055 rebus
809 1016 992 1067 diuinis,
1036 1022 1079 1056 et
1114 1018 1315 1057 maxime
1354 1017 1431 1057 illa
1471 1017 1680 1066 scientia,
1717 1028 1835 1068 quae

212 1093 392 1138 spectat
413 1087 472 1126 ad
493 1086 751 1126 sacerdotis
768 1086 981 1127 officium.

291 1157 442 1208 Leges
463 1168 604 1207 porro
626 1157 712 1197 hae
748 1163 792 1197 et
827 1158 1036 1197 instituta
1064 1158 1152 1198 hac
1187 1159 1368 1198 ratione
1389 1167 1495 1199 sunt
1522 1160 1832 1210 promulgata.

214 1228 446 1280 Principio
467 1227 639 1268 Rector
659 1228 875 1280 praefixit
897 1241 979 1269 sex
1007 1235 1086 1269 aut
1115 1236 1292 1280 septem
1322 1241 1470 1281 pagos
1496 1231 1835 1281 frequentiores

212 1300 352 1339 totius
372 1299 721 1350 iurisdictionis;
745 1300 792 1339 in
813 1301 897 1339 hos
926 1299 1090 1340 deinde
1116 1301 1385 1341 uniuersum
1413 1301 1708 1341 sacerdotum
1735 1313 1832 1340 coe-

212 1378 307 1410 tum
328 1370 573 1421 distribuit,
598 1371 683 1410 hos
704 1371 825 1421 huic,
850 1371 952 1410 illos
972 1383 1084 1411 uero
1105 1371 1170 1411 illi
1191 1371 1442 1422 designans
1463 1373 1579 1412 loco:
1603 1377 1701 1412 tum
1721 1383 1834 1412 uero

211 1442 337 1481 iubet
358 1441 430 1481 die
452 1447 578 1481 certo
600 1447 780 1481 mature
802 1442 847 1481 in
870 1442 1092 1492 templum
1114 1442 1288 1492 Venire,
1314 1449 1357 1482 et
1376 1454 1749 1494 unumquemque
1769 1442 1833 1482 fa-

205 1523 317 1551 cere
351 1523 449 1552 rem
484 1512 705 1562 diuinam,
744 1523 814 1561 ac,
856 1512 994 1552 rebus
1034 1513 1202 1553 diuinis
1232 1513 1471 1561 confectis,
1513 1513 1637 1553 fores
1676 1514 1834 1565 templi

211 1582 380 1631 claudi,
405 1588 462 1633 et,
488 1582 687 1622 caeteris
708 1583 927 1632 dimissis,
952 1585 1078 1623 solos
1106 1584 1375 1623 sacerdotes
1402 1596 1609 1635 manere,
1639 1584 1697 1624 ad
1718 1596 1834 1636 quos

212 1653 348 1693 habet
370 1653 641 1693 concionem
664 1653 719 1693 de
744 1654 1004 1693 sacerdotis
1027 1654 1191 1704 officio,
1222 1655 1268 1694 in
1299 1666 1389 1706 qua
1418 1655 1602 1706 quidem
1625 1655 1834 1695 oratione

212 1731 392 1764 tantum
426 1724 608 1764 roboris
643 1730 686 1764 et
717 1725 907 1775 spiritus
942 1725 1144 1776 optimus
1178 1725 1314 1777 Jesus
1349 1727 1617 1776 praestabat
1646 1725 1835 1766 Rectori

211 1801 386 1845 nostro,
416 1802 465 1835 ut
498 1796 629 1835 multi
665 1795 933 1835 sacerdotes
964 1796 1450 1837 animaduerterentur
1483 1804 1527 1837 et
1563 1797 1834 1837 audirentur

211 1867 410 1917 plorare,
435 1873 478 1906 et
499 1878 526 1905 a
549 1867 771 1906 concione
789 1867 941 1917 ipsum
963 1868 1252 1907 uisitatorem
1269 1860 1616 1919 lachrymantes
1634 1869 1833 1919 alloque-

209 1943 383 1977 rentur.

289 2007 339 2048 In
366 2008 592 2059 proximis
628 2009 1075 2059 congregationibus
1104 2010 1405 2060 praescripsit
1434 2010 1755 2050 sacerdotibus
1787 2016 1835 2050 ut

211 2079 419 2130 quisque,
458 2091 598 2129 quam
632 2080 831 2119 formam
867 2080 1139 2119 absoluendi
1175 2087 1367 2130 teneret,
1406 2080 1712 2131 describeret,
1745 2092 1834 2133 quo

212 2149 257 2189 id
282 2161 425 2189 unum
446 2150 566 2189 inter
588 2156 773 2190 caetera
801 2150 921 2190 foret
951 2162 1113 2190 uerum
1142 2159 1184 2190 et
1217 2162 1506 2201 expressum,
1537 2151 1834 2202 ignorantiae

211 2220 515 2260 sacerdotalis
533 2221 862 2270 testimonium,
887 2228 985 2261 tum
1006 2232 1117 2260 uero
1140 2233 1229 2272 quo
1252 2227 1295 2260 et
1314 2221 1410 2272 ipse
1428 2221 1687 2272 Episcopus
1705 2233 1835 2273 aper·

211 2291 300 2330 tius
335 2291 612 2341 intelligeret
647 2292 865 2332 miseram
896 2292 1208 2332 conditionem
1237 2298 1280 2331 et
1311 2292 1435 2332 vitae
1457 2293 1661 2332 rationes
1682 2304 1834 2333 sacer·

204 2361 384 2409 dotum,
404 2362 583 2412 illisque
601 2373 684 2412 pro
702 2362 878 2402 uiribus
897 2363 1139 2402 consulere
1156 2362 1423 2412 eniteretur3
1442 2363 1738 2403 sacerdotum
1755 2363 1835 2414 igi-

208 2440 284 2471 tur
298 2433 504 2483 plerique
521 2433 695 2472 nullam
712 2432 911 2473 formam
928 2433 1198 2473 absoluendi
1214 2434 1447 2484 tenebant,
1466 2445 1615 2485 neque
1628 2434 1834 2474 scribere

210 2514 359 2553 neque
399 2502 651 2553 depingere
686 2503 915 2553 sciebant,
954 2510 1003 2543 ut
1044 2515 1101 2543 ex
1137 2504 1339 2554 propriis
1371 2504 1557 2555 scriptis
1593 2504 1833 2545 hominum

211 2583 522 2622 cognosceres
562 2572 838 2613 industriam
880 2580 924 2614 et
959 2574 1256 2625 sapientiam,
1296 2580 1339 2614 et
1373 2575 1580 2614 nonnulli
1615 2581 1832 2626 portenta

210 2642 438 2693 quaedam
474 2651 517 2683 et
551 2650 761 2684 monstra
799 2646 1046 2684 uerborum
1080 2655 1164 2695 pro
1200 2650 1503 2685 sacrosancta
1545 2645 1834 2686 absolutione

211 2714 297 2753 sibi
324 2722 620 2765 usurparent.

293 2782 408 2824 Sunt
429 2792 472 2824 et
494 2785 681 2836 quidam
702 2787 889 2837 reperti,
911 2787 989 2837 qui
1005 2786 1318 2838 quadraginta
1335 2799 1484 2827 annos
1501 2799 1663 2827 curam
1679 2798 1832 2838 gesse-

211 2859 317 2893 runt
339 2854 600 2894 animarum
622 2863 665 2895 et
686 2867 925 2907 nunquam
947 2857 1189 2896 absoluere
1210 2863 1454 2906 nouerunt3
1480 2863 1538 2906 et,
1562 2857 1683 2909 quod
1711 2858 1830 2898 dete-

212 2925 306 2963 rius
328 2930 410 2974 est,
434 2931 624 2976 propter
642 2926 1002 2976 ignorationem,
1024 2938 1184 2966 omnes
1200 2939 1369 2968 causas
1386 2934 1430 2968 et
1447 2928 1706 2968 animarum
1725 2939 1831 2968 con-

208 2995 464 3034 trouersias
486 2995 715 3046 (quamvis
733 3003 811 3036 aut
828 2997 886 3036 ad
903 2997 1199 3048 Episcopum,
1221 3004 1299 3037 aut
1318 2999 1375 3038 ad
1395 2998 1666 3038 Pontificem
1687 3003 1831 3042 maxi-
