2020 3342
812 251 894 295 AN.
933 250 1024 295 1556
1658 246 1745 297 339-

106 354 309 409 prudens
330 366 624 405 oeconomus,
649 361 745 395 tum
767 354 979 406 spiritali,
1002 360 1099 395 turn
1120 364 1346 405 corporeo
1362 352 1602 404 obsequio,
1622 364 1727 404 ope-

106 438 207 468 ram
227 438 360 467 suam
382 425 648 477 impendere
671 424 794 465 haud
816 432 983 465 cessat.
1017 423 1415 472 ClaromontaniS‚
1445 423 1727 474 Biliomaeis,

106 497 338 549 religiosis
372 496 634 547 virginibus
668 496 938 536 Monasterii
973 495 1211 536 Stellensis
1250 494 1275 545 ¹,
1312 494 1420 535 hinc
1455 494 1730 535 milliaribus

109 569 310 621 quinque
340 567 503 614 dissiti,
533 567 729 619 denique
750 566 976 607 Montium
998 567 1101 607 vrbi
1121 566 1337 607 Bessensi
1363 565 1392 616 ²,
1422 566 1530 606 hinc
1561 576 1729 606 nouem

108 639 383 680 milliaribus
404 638 607 689 distanti,
631 637 894 678 vicinorum
915 638 1079 678 incolis
1100 638 1417 688 concionatus,
1442 636 1617 678 Christi
1638 637 1728 677 cul-

108 717 204 752 tum
223 710 351 751 auxit
378 710 422 750 in
451 709 619 750 animis
646 710 910 750 multorum.
944 709 1262 750 Poenitentiae
1289 707 1572 750 sacramenti
1602 708 1730 748 mini-

107 781 248 823 sterio
261 780 723 822 Claromontensibus
735 779 858 821 haud
874 780 1036 832 paucis
1052 780 1214 821 salutis
1228 780 1485 820 antidotum
1502 779 1729 831 praebuit.

107 853 247 903 Idem,
263 851 452 893 Domini
469 850 680 892 officiarii
696 851 912 903 precibus
924 862 1196 902 persuasus,
1215 851 1474 891 orationem
1488 850 1533 890 in
1550 849 1731 902 synodo

106 923 402 964 sacerdotum
423 923 641 963 hesterno
669 921 742 962 die
770 921 1070 963 Claromonte
1097 921 1271 961 habuit.
1301 920 1476 961 Humili
1503 920 1731 961 modestia

107 1006 162 1035 ac
197 993 426 1046 singulari
460 993 632 1044 pietate
659 993 899 1034 hominum
928 992 1108 1032 animos
1140 992 1227 1033 sibi
1248 992 1465 1033 conciliat
1493 991 1728 1042 astringit-

106 1077 195 1117 que
234 1064 509 1106 arctissime:
548 1076 639 1116 quo
675 1064 737 1115 fit,
774 1070 825 1105 vt
859 1064 1004 1104 verbo
1039 1070 1176 1115 atque
1212 1064 1425 1114 exemplo
1460 1074 1593 1104 suam
1629 1062 1732 1103 aliis

108 1143 307 1178 mentem
324 1136 461 1177 facile
477 1136 770 1188 persuadeat.

187 1207 502 1249 Charissimus
522 1207 667 1247 frater
687 1212 846 1247 noster
867 1207 992 1258 Mag.
1026 1206 1191 1247 Petrus
1212 1205 1414 1255 Canalis,
1438 1205 1497 1246 ad
1518 1204 1731 1246 sacerdo-

106 1278 158 1320 tii
178 1278 452 1330 dignitatem
473 1284 580 1318 ante
600 1277 783 1318 Pascha
804 1283 1009 1328 euectus,
1032 1276 1248 1318 sacrificii
1269 1276 1500 1328 primitias
1521 1276 1644 1328 apud
1672 1275 1732 1316 Is-

108 1349 403 1390 siodorenses
423 1349 524 1389 Deo
545 1348 763 1390 secundis
783 1348 994 1389 Paschae
1015 1347 1143 1389 feriis
1164 1348 1343 1399 obtulit,
1362 1359 1466 1388 cum
1483 1348 1732 1387 multorum

108 1420 448 1471 consolatione,
481 1419 693 1460 refutatis
723 1420 937 1460 omnibus
967 1419 1250 1460 muneribus:
1284 1418 1360 1471 qui
1391 1429 1514 1458 nunc
1544 1417 1731 1458 Chazel-

109 1492 164 1532 lis
204 1490 233 1544 ³,
274 1491 428 1544 patrio
465 1491 579 1539 solo,
621 1491 745 1543 apud
781 1497 1023 1543 parentes,
1064 1489 1347 1531 valetudinis
1385 1488 1732 1541 recuperandae

109 1563 266 1615 gratia
302 1568 642 1613 commoratur,
670 1562 884 1615 proximo
906 1562 1103 1603 fratrum
1131 1561 1378 1603 Societatis
1404 1561 1608 1601 aduentu
1642 1557 1744 1600 huc‘

110 1634 363 1676 rediturus.

187 1706 289 1757 Ego
310 1716 442 1756 ver0,
466 1705 649 1746 Biliomi
670 1705 779 1745 sede
800 1704 908 1754 fixa,
932 1711 1038 1745 ante
1060 1704 1484 1757 quadragesimam,
1514 1703 1571 1743 D.
1601 1702 1733 1742 Pauli

109 1776 353 1829 epistolam
390 1775 450 1816 ad
488 1774 726 1816 Romanos
759 1775 819 1816 ad
856 1776 1125 1816 vmbilicum
1160 1774 1373 1827 perduxi.
1412 1774 1521 1815 Post
1556 1774 1732 1826 pascha

110 1859 224 1889 vero
245 1847 449 1899 priorem
471 1845 529 1887 D.
559 1845 686 1887 Petri
714 1846 991 1887 canonicam
1019 1846 1287 1898 auspicatus
1314 1857 1438 1894 sum,
1470 1846 1515 1885 in
1538 1857 1629 1897 qua
1658 1856 1731 1884 ex-

109 1919 326 1972 plicanda
347 1917 686 1970 professionem
706 1917 1022 1968 theologicam
1050 1929 1323 1969 prosequor.
1360 1915 1442 1968 [In]
1465 1916 1732 1967 Quadrage-

110 1990 275 2031 simam
297 2001 324 2030 a
344 1988 692 2041 Ryomensibus
712 1988 1199 2040 Issiodorensibusque
1227 1988 1341 2029 R.¹1²0
1367 1988 1569 2028 Domino
1590 1986 1732 2038 preci-

109 2062 195 2102 bus
215 2060 495 2113 importunis
520 2071 666 2112 prope
696 2071 924 2111 persuaso
955 2060 1013 2099 ab
1041 2059 1434 2100 Issiodorensibus
1455 2059 1732 2114 postulatuS,

109 2132 480 2182 Biliomensibus‚
505 2131 671 2183 quibus
701 2131 961 2182 Episcopus
982 2129 1119 2171 fidem
1149 2141 1283 2171 suam
1313 2130 1443 2182 prius
1471 2129 1732 2177 addixerat,

111 2203 418 2244 concionator
440 2202 581 2253 adfui,
605 2213 710 2242 cum
732 2201 1035 2253 euangelicae
1053 2201 1218 2241 messis
1235 2201 1360 2241 haud
1378 2200 1565 2251 vulgari
1582 2200 1733 2252 copia,

113 2287 168 2316 ac
188 2281 319 2316 tanta
340 2273 580 2314 hominum
600 2272 896 2323 confluentia,
928 2278 979 2312 vt
1007 2272 1169 2313 diebus
1191 2272 1341 2312 sacris
1376 2271 1605 2324 stupenda
1633 2282 1737 2322 pas-

114 2346 201 2387 sim
223 2345 590 2397 praedicaretur.
622 2343 899 2385 Dominicae
926 2343 1160 2395 passionis
1186 2343 1473 2383 enarrationi
1494 2342 1632 2383 facile
1655 2353 1738 2382 sex

115 2417 356 2458 hominum
388 2416 532 2456 millia
559 2415 824 2456 interfuisse
851 2415 1078 2455 feruntur.
1108 2414 1158 2454 In
1185 2414 1448 2466 proximam
1479 2413 1735 2466 quadrage-

115 2489 280 2529 simam
302 2499 328 2527 a
350 2486 707 2528 Biliomensibus
728 2486 895 2526 iterum
917 2485 1222 2535 desideratus,
1247 2497 1272 2525 a
1301 2485 1481 2526 ciuibus
1508 2484 1738 2525 Amberti-

168 2647 178 2667 Ι
217 2646 304 2674 Vide
319 2653 434 2681 supra,
450 2653 528 2680 pag.
540 2646 584 2679 41,
607 2649 722 2673 annot.
738 2646 766 2673 1.

165 2694 179 2714 2
215 2693 373 2722 “BESSE
388 2701 429 2720 EN
442 2693 654 2727 Cnauossssss,
668 2693 743 2728 Puy
760 2692 802 2720 de
817 2692 939 2726 Do‘me,
954 2700 1022 2720 arr.
1038 2691 1193 2720 d'Issoire
1207 2692 1257 2726 (36
1268 2692 1350 2726 kim,
1366 2692 1402 2720 55
1416 2692 1474 2720 kil.
1485 2693 1524 2720 de
1538 2692 1741 2725 Clermont.„

115 2740 256 2776 JOANNE,
270 2743 290 2770 1.
304 2749 332 2769 c.

166 2789 180 2808 ⁵
217 2788 281 2816 Tot
296 2792 373 2816 sunt
390 2788 421 2815 in
438 2787 552 2815 Gallia
565 2787 687 2822 oppida
700 2787 762 2815 hoc
777 2788 909 2815 nomine
924 2786 1114 2819 ClzazelleS,
1125 2791 1161 2814 ut
1174 2786 1306 2814 difficile
1318 2787 1361 2815 sit
1377 2788 1561 2814 decernere
1573 2787 1742 2821 quodnam

115 2842 156 2862 ex
171 2836 238 2864 illis
252 2836 367 2871 patria
382 2835 483 2862 fuerit
498 2839 614 2862 nostro
631 2835 734 2862 Petro
748 2835 879 2869 Canali;
894 2842 1025 2868 verum,
1037 2834 1064 2862 si
1077 2835 1274 2869 conjectura
1289 2835 1336 2862 uti
1349 2835 1440 2866 licet,
1453 2841 1650 2869 putaremus
1661 2834 1742 2861 illud

116 2891 187 2911 esse
211 2888 268 2911 aut
293 2882 566 2911 CHAZELLES
590 2890 654 2910 sur
674 2883 821 2915 Lavieu,
841 2882 959 2915 Loz're,
979 2887 1037 2910 aut
1060 2881 1331 2910 CHAZELLES
1352 2882 1534 2914 sun-Lvox.
1552 2882 1665 2909 Loire.
1686 2882 1745 2908 Ait

117 2931 202 2958 enim
217 2931 446 2967 Hieronymus
459 2931 489 2957 le
502 2930 580 2964 Bas,
596 2937 712 2965 supra,
725 2938 804 2965 pag.
819 2930 864 2958 64:
879 2931 958 2958 “sub
971 2929 1049 2957 Divi
1061 2929 1176 2957 Lucae
1190 2930 1310 2957 festum
1322 2929 1525 2964 Lugdunum
1545 2930 1746 2964 appulimus.

118 2976 253 3006 Placuit
267 2979 369 3007 fratri
384 2984 501 3006 nostro
515 2978 634 3011 (Petro
650 2978 800 3014 Canali),
822 2978 1084 3014 praetereundo,
1104 2978 1234 3012 jamdiu
1255 2986 1320 3005 non
1341 2978 1434 3005 visos
1455 2978 1603 3005 invisere
1627 2984 1748 3012 paren-

119 3029 200 3059 tes.„
216 3025 290 3059 Jam
305 3033 389 3053 vero
404 3026 468 3053 duo
483 3026 543 3053 illa
557 3025 691 3060 oppida,
704 3033 724 3053 a
738 3026 834 3054 nobis
845 3026 1031 3060 assignata,
1045 3025 1135 3052 haud
1150 3026 1250 3059 longe
1260 3028 1338 3053 sunt
1353 3032 1371 3053 a
1383 3025 1451 3058 via,
1468 3032 1568 3059 quam
1584 3024 1748 3059 Lugduno

122 3071 376 3110 claromontem
391 3077 509 3101 euntes
526 3076 642 3101 tenere
657 3073 794 3101 debent.
