2020 3342
845 241 926 281 AN.
964 242 1053 282 1556
1690 242 1760 281 5257

137 347 233 382 tum
255 353 413 382 eorum
435 341 630 382 buccina
653 342 775 382 iubet
797 348 893 382 tota
915 342 1028 382 urbe
1049 341 1229 382 cunctis
1247 339 1476 381 nunciari.
1502 339 1677 380 Omnes
1702 340 1759 380 ad

137 412 397 454 doctrinam
425 412 731 454 christianam
765 413 953 462 excitat,
991 417 1240 461 conuocat,
1278 411 1459 451 inuitat:
1494 421 1688 450 auersos
1716 416 1760 451 et

137 484 426 534 negligentes
449 495 554 524 cum
574 484 695 524 bono
717 496 771 524 ac
793 484 914 525 fideli
935 471 1257 523 Gubernatore
1277 481 1479 534 optimus
1497 481 1760 533 Episcopus

139 555 379 606 omnisque
400 555 578 606 primus
599 556 712 596 ordo
735 555 939 596 ciuitatis
959 554 1231 605 quotidiana
1255 565 1337 593 sua
1357 558 1401 594 et
1423 552 1612 593 assidua
1633 563 1762 604 prae-

138 625 287 666 sentia
309 627 381 666 uel
403 626 573 667 inuitos
601 627 760 668 allicit.

217 696 313 737 Nec
335 697 494 746 defuit,
517 697 690 738 Christi
712 698 1015 749 benignitate,
1040 704 1197 738 tantae
1220 696 1533 749 expectationi
1562 707 1646 747 par
1668 695 1762 736 exi·

139 773 226 808 tus:
251 768 314 808 ita
340 768 463 809 enim
498 769 654 809 cuncti
687 769 841 810 Patris
870 768 1188 810 Emmanuelis
1217 767 1457 808 contiones
1485 766 1760 819 probabant,

137 845 185 879 ut
206 838 423 880 monachi
444 838 740 881 Dominicani
762 841 930 892 aliique
952 852 1001 881 se
1023 851 1116 880 non
1144 839 1450 888 continerent,
1483 837 1594 889 quin
1616 837 1662 877 id
1684 849 1763 888 pa-

136 911 229 950 lam
245 917 587 962 asseuerarent,
612 912 658 952 in
679 911 912 953 Societate
932 912 1043 964 Jesu
1071 922 1180 951 vere
1209 910 1469 951 doctrinam
1499 921 1554 949 ac
1583 908 1763 960 sapien·

137 980 248 1021 tiam
268 987 312 1022 et
333 983 428 1022 vim
450 982 595 1023 diuini
616 982 816 1034 Spiritus
838 983 1013 1034 uigere.
1044 983 1107 1023 At
1126 981 1438 1030 Gubernator,
1463 979 1588 1020 haud
1611 980 1761 1032 prima

137 1058 383 1093 contentus
413 1054 801 1105 promulgatione,
832 1059 1018 1105 postero
1040 1053 1112 1094 die
1139 1053 1248 1093 tuba
1271 1063 1433 1092 rursus
1461 1051 1760 1092 concionato-

138 1124 201 1163 ris
223 1123 474 1165 aduentum
495 1125 722 1176 euulgari,
745 1125 959 1176 nu'ttz'qne
975 1137 1002 1164 a
1031 1124 1211 1164 ciuibus
1233 1134 1393 1164 omnes
1416 1122 1474 1163 ad
1496 1122 1758 1163 doctrinam

138 1194 442 1235 christianam
483 1196 652 1236 liberos
692 1207 801 1236 suos
841 1195 1103 1247 imperauit.
1151 1192 1397 1235 Methodus
1436 1205 1547 1234 uero
1569 1226 1577 1244 ,
1623 1204 1761 1244 quam

104 1308 112 1311 ,
137 1266 377 1307 doctrinae
402 1266 685 1306 christianae
707 1266 847 1306 tradit
868 1266 1092 1317 Societas,
1123 1276 1409 1316 magnopere
1440 1263 1636 1313 cunctis,
1660 1264 1763 1315 Epi-

137 1349 279 1389 scopo
298 1344 451 1377 autem
468 1343 513 1377 et
533 1338 864 1388 Gubernatori,
881 1337 994 1377 uiris
1012 1336 1384 1388 sapientissimiS,
1403 1341 1499 1375 tarn
1515 1334 1765 1375 uehemen-

137 1414 208 1448 ter
229 1409 418 1460 placuit,
449 1415 496 1449 ut
524 1409 648 1449 illico
676 1410 801 1460 typis
828 1408 1041 1448 mandari
1069 1414 1113 1448 et
1141 1408 1390 1448 Vniuersae
1418 1417 1530 1446 suae
1558 1405 1763 1446 dioecesi

137 1479 318 1531 copiam
340 1480 438 1520 eius
460 1479 559 1519 fieri
588 1491 643 1519 ac
665 1479 877 1520 distribui
910 1479 1155 1520 uoluerint.
1187 1477 1514 1519 Confessiones
1546 1477 1691 1527 initio,
1716 1482 1765 1517 ut

136 1551 407 1591 inusitatum
420 1550 658 1602 quippiam
670 1556 713 1590 et
726 1550 977 1600 insolitum,
992 1550 1241 1601 frigebant3
1259 1549 1400 1589 immo
1413 1549 1671 1589 nouitatem
1688 1546 1765 1587 ad·

137 1622 293 1662 mirati
314 1622 537 1673 plerique,
558 1622 723 1673 quibus
745 1620 993 1662 Societatis
1014 1621 1077 1672 (ut
1098 1621 1143 1661 in
1175 1620 1424 1661 remotiore
1455 1626 1594 1672 atque
1617 1620 1664 1660 in
1686 1631 1763 1659 ex-

136 1694 295 1734 tremis
318 1692 473 1733 Piceni
494 1692 659 1733 finibus
681 1693 883 1744 seposita
913 1693 1116 1743 ciuitate)
1147 1692 1299 1732 tenuis
1322 1697 1422 1732 erat
1449 1697 1494 1732 et
1515 1703 1662 1743 nuper
1684 1691 1764 1731 ad-

137 1765 324 1805 modum
355 1764 540 1812 notitia,
575 1764 842 1814 rogitabant
876 1764 1071 1804 subinde
1101 1770 1309 1812 nostros,
1347 1774 1436 1815 quo
1468 1763 1762 1814 importunae

139 1836 243 1876 illae
298 1835 616 1875 confessiones
662 1836 1006 1887 concionesque
1047 1834 1342 1886 spectarent?
1387 1834 1453 1874 Ea
1493 1835 1684 1885 quippe,
1722 1834 1761 1873 si

138 1907 386 1958 quotannis
407 1907 548 1946 semel
571 1918 653 1957 pro
676 1915 864 1957 recepto
886 1918 1013 1946 more
1032 1905 1157 1956 fiant,
1181 1906 1296 1946 satis
1318 1917 1551 1957 superque
1573 1905 1672 1945 fore
1695 1916 1765 1944 ar-

138 1977 308 2018 bitrati.
333 1977 441 2017 Mox
464 1983 632 2025 autem,
657 1977 827 2017 auditis
849 1976 971 2017 haud
993 1977 1056 2017 ita
1079 1977 1236 2017 multis
1259 1976 1572 2026 contionibus,
1598 1988 1651 2015 eo
1675 1982 1766 2016 stu-

138 2049 212 2088 dio
240 2055 284 2088 et
312 2049 566 2100 cupiditate
594 2060 770 2097 eorum,
802 2059 918 2100 qnae
950 2052 1262 2100 respuerant,
1288 2053 1518 2096 arserunt,
1547 2048 1609 2087 ita
1632 2047 1767 2087 auide

137 2131 297 2160 omnes
315 2120 564 2170 instabant,
588 2126 636 2160 ut
659 2131 744 2160 nec
767 2120 857 2160 illis
878 2119 1025 2160 nostri
1048 2119 1321 2160 satisfacere
1346 2123 1562 2170 possent,
1589 2130 1673 2159 nec
1695 2119 1768 2158 his

137 2191 200 2231 illi
222 2191 325 2231 cibo
347 2191 575 2242 capiendo
611 2191 763 2231 locum
798 2191 1128 2242 relinquerent.
1166 2190 1318 2231 Tanta
1352 2191 1399 2230 ui
1434 2197 1572 2242 atque
1600 2190 1768 2230 ardore

137 2274 221 2302 sua
241 2269 435 2314 peccata
457 2263 800 2313 confitebantur
828 2268 871 2302 et
899 2273 1084 2302 sacram
1114 2262 1332 2313 synaxim
1360 2261 1694 2313 suscipiebant,
1718 2267 1768 2302 ut

137 2334 283 2385 largis
304 2334 349 2374 in
372 2334 620 2385 propatulo
636 2345 784 2384 genas
801 2344 911 2373 suas
928 2333 1186 2385 lachrymis
1207 2333 1562 2385 perfunderent:
1593 2338 1638 2373 et
1659 2344 1767 2384 quo-

138 2406 264 2445 niam
285 2406 545 2456 Episcopus
568 2405 639 2445 uir
666 2411 734 2445 est
758 2404 966 2445 eruditus
994 2411 1038 2445 et
1063 2404 1277 2446 doctrina
1305 2406 1534 2455 excultus,
1564 2404 1768 2456 disputa-

139 2476 274 2517 batur
305 2477 524 2528 quotidie.
560 2476 846 2517 Accersebat
878 2477 1138 2527 Episcopus
1169 2477 1452 2527 optimarum
1473 2476 1644 2516 artium
1675 2481 1768 2516 stu-

139 2547 227 2587 diis
247 2548 634 2588 instructissimos
654 2559 862 2599 quosque
883 2548 1034 2597 viros,
1056 2554 1153 2588 tum
1176 2548 1447 2597 monachos,
1473 2553 1570 2588 turn
1592 2548 1768 2587 secula·

139 2630 229 2659 res.
265 2618 455 2670 Semper
490 2622 664 2668 autem,
698 2629 783 2670 pro
812 2630 897 2659 sua
932 2619 1196 2669 clementia,
1234 2618 1450 2659 Christus
1485 2618 1635 2658 Patri
1661 2619 1767 2658 Em-

139 2689 350 2729 manueli
382 2689 627 2740 foeliciter
673 2690 919 2730 succedere
963 2690 1314 2741 disputationes
1351 2689 1520 2730 voluit.
1559 2689 1768 2730 Breuita-

138 2761 197 2801 tis
235 2772 379 2801 causa
415 2761 550 2801 mitto
586 2767 792 2807 caetera.
839 2762 1167 2802 reconciliatas
1215 2761 1420 2813 gratias,
1459 2762 1690 2802 excitatos
1725 2767 1769 2801 et

138 2832 406 2872 subleuatos
447 2832 645 2883 spiritali
686 2832 954 2872 adiumento
998 2845 1052 2873 ac
1096 2833 1262 2874 solatio
1307 2833 1351 2873 in
1393 2831 1686 2873 xenodochio
1724 2838 1767 2871 et

140 2914 220 2955 per
257 2903 495 2943 ciuitatem
529 2902 748 2952 infirmoS‚
787 2903 972 2944 habitas
1001 2904 1244 2944 contiones
1278 2904 1321 2944 in
1360 2904 1477 2952 soro,
1516 2904 1675 2955 pulsos
1712 2914 1768 2942 ac

140 2973 408 3015 deturbatos
429 2986 486 3015 ex
518 2974 669 3017 media
699 2974 853 3025 platea
874 2975 1193 3024 circulatoreS,
1231 2980 1369 3027 atque
1408 2974 1499 3014 alia
1537 2973 1582 3013 id
1617 2984 1765 3022 genus

141 3045 298 3087 multa,
