2020 3342
290 240 361 278 454
801 241 1025 278 LITTERAE
1052 250 1409 283 QUADRniESTmss

292 337 434 387 Patri,
459 338 536 388 qui
557 338 603 377 in
623 343 755 377 tanto
776 336 900 376 uitae
922 336 1189 376 discrimine
1208 336 1501 385 uersabatur,
1526 335 1795 379 meliuscule
1810 346 1920 381 esse

292 422 317 448 a
338 408 545 459 febrique
566 407 779 458 relinqui:
813 414 881 447 est
903 413 1060 446 tamen
1081 406 1231 446 adhuc
1253 406 1435 446 infirma
1466 406 1716 446 admodum
1736 407 1893 452 ualetu

289 480 419 529 dinc;
451 490 537 518 nec
558 479 603 518 id
625 479 791 518 mirum
819 478 965 517 uideri
993 477 1148 527 debet,
1177 477 1456 527 grauissime
1483 477 1607 517 cnim
1629 477 1913 528 aegrotauit,

291 549 736 601 purgationibusque
775 560 829 588 ac
871 549 915 588 ui
954 549 1103 588 morbi
1149 554 1450 599 consumptus
1495 559 1666 598 corpus
1704 554 1748 587 et
1786 547 1916 596 uires⁴

291 621 524 660 amiserat.
549 618 753 660 Curatur
773 619 910 659 modo
932 619 1284 669 diligentissime
1306 627 1354 659 ut
1375 630 1424 658 se
1451 618 1627 659 reficiat
1646 618 1907 669 pristinam-

290 703 378 742 que
399 697 640 741 recuperet
662 690 991 730 ualetudinem.
1021 689 1136 730 Sunt
1167 689 1305 729 etiarn
1327 689 1534 729 nonnulli
1556 701 1614 729 ex
1636 689 1739 728 aliis
1758 688 1907 729 fratri-

290 764 388 812 bus,
412 773 527 813 quos
549 761 645 801 dixi
666 761 711 800 in
733 761 896 801 morbo
917 771 1039 810 esse,
1062 761 1266 800 nondum
1287 762 1423 812 plane
1445 759 1720 800 confirmati:
1744 760 1790 806 in
1812 760 1917 805 dies

290 840 445 872 tamen
473 831 580 883 Xpi.
610 843 801 872 munere
828 831 1111 871 ualentiores
1139 831 1267 871 fiunt.
1292 831 1420 871 Haec
1449 831 1604 881 habui,
1630 830 1727 870 R.d0
1754 830 1907 880 Pater,

289 915 407 954 quae
442 903 498 942 de
531 903 622 942 tuis
655 902 779 952 filiis,
817 902 1091 954 praesertim
1128 902 1304 953 aegris,
1341 902 1615 942 Paternitati
1650 909 1756 941 tuae
1791 901 1908 941 dice—

289 986 401 1014 rem:
424 973 589 1025 reliqui
611 973 835 1013 mediocri
856 973 1119 1013 ualetudine
1139 979 1345 1023 utuntur,
1375 979 1631 1023 curantque
1655 974 1719 1021 (ut
1741 973 1908 1020 solent)

287 1053 335 1084 ut
362 1044 618 1096 injunctum
649 1044 735 1084 sibi
763 1055 900 1095 opus,
933 1055 1024 1095 qua
1059 1044 1239 1095 possint
1274 1043 1513 1094 diligentia
1548 1050 1593 1083 et
1623 1042 1904 1092 integritate,

287 1115 544 1166 perficiant.

366 1186 522 1227 Redeo
545 1187 603 1226 ad
628 1186 687 1235 id,
712 1187 768 1226 de
789 1198 877 1238 quo
899 1187 945 1225 in
966 1186 1193 1237 principio
1213 1186 1436 1237 epistolae
1453 1192 1551 1226 erat
1572 1185 1686 1226 mihi
1704 1192 1911 1229 tractan«

286 1246 410 1308 dum,
434 1257 554 1309 quod
577 1257 760 1308 quidem
781 1258 827 1297 in
848 1257 985 1297 finem
1007 1257 1062 1297 de
1089 1257 1317 1297 industria
1344 1257 1520 1297 distuli:
1552 1257 1752 1308 primum
1782 1256 1910 1298 enim?

285 1330 437 1368 locum
458 1328 663 1368 maxima
683 1328 759 1367 illa
782 1327 869 1368 Dei
892 1327 995 1378 Opt.
1019 1327 1143 1368 Max.
1167 1328 1214 1367 in
1239 1339 1325 1367 nos
1344 1327 1568 1367 beneficizt
1597 1338 1681 1367 suo
1703 1327 1904 1379 quodam

280 1398 383 1450 jure
406 1399 492 1439 sibi
512 1399 761 1439 uendicare
782 1398 1073 1439 uidebantur.
1096 1398 1418 1439 Denunciatus
1439 1398 1595 1449 itaque
1616 1405 1685 1438 est
1701 1397 1910 1449 superio-⁷

271 1470 411 1510 'ribus
456 1470 693 1510 mensibus
734 1469 1003 1521 Olyssiponi
1043 1468 1274 1521 jubilaeus
1295 1501 1303 1520 ,
1343 1469 1661 1520 singularique
1700 1469 1905 1509 omnium

283 1552 514 1581 consensu
537 1547 580 1580 ct
602 1540 773 1591 gaudio
795 1541 859 1590 (ut
882 1552 1080 1591 aequum
1101 1539 1217 1590 erat)
1244 1546 1482 1591 exceptus.
1511 1539 1663 1580 Tanta
1693 1541 1903 1592 frequen-

282 1612 348 1651 tia
369 1611 455 1651 fuit
475 1622 657 1660 eorum,
682 1611 758 1662 qui
781 1611 839 1650 ad
867 1611 1214 1651 sanctissimum
1242 1611 1549 1651 confessionis
1576 1611 1903 1651 eucharistiae-

281 1694 369 1733 que
392 1688 735 1722 sacramentum
759 1682 804 1721 in
825 1688 1036 1722 nostrum
1057 1681 1305 1732 collegium
1328 1681 1683 1732 conueniebant,
1708 1688 1771 1732 ut,
1796 1693 1905 1724 cum

281 1753 500 1804 perpauci
522 1760 676 1793 essent
696 1753 993 1803 confessarii,
1018 1752 1349 1804 quadringenti
1369 1759 1413 1792 et
1434 1752 1625 1804 triginta
1656 1765 1710 1792 eo
1742 1752 1815 1793 die
1842 1753 1903 1793 ad

280 1824 559 1864 dominicam
582 1821 791 1863 mensam
818 1824 1116 1864 accesserint.

357 1894 453 1935 Nec
474 1896 617 1935 multo
638 1900 757 1946 post,
781 1895 986 1935 secundo
1006 1895 1225 1935 nimirum
1240 1894 1539 1936 Pentecostes
1556 1895 1644 1947 die,
1663 1895 1724 1946 hi,
1744 1895 1821 1947 qui
1843 1897 1905 1935 ab

277 1965 627 2017 inquisitoribus
648 1966 694 2005 in
715 1965 903 2006 uincula
924 1966 1110 2006 fuerant
1126 1965 1340 2018 conjecti,
1360 1966 1406 2006 in
1424 1973 1726 2018 conspectum
1742 1967 1902 2018 populi

277 2043 409 2076 erant
430 2035 716 2087 producendi
737 2036 784 2076 in
804 2037 958 2077 locum
980 2037 1039 2076 ad
1055 2037 1144 2077 hoc
1156 2035 1290 2088 juxta
1307 2048 1436 2077 mare
1453 2043 1799 2089 praeparatum.
1818 2036 1899 2077 Pe-

275 2107 345 2146 tiit
374 2107 438 2156 (ut
466 2107 597 2156 solet)
629 2106 763 2147 Rtmus
790 2119 972 2147 necnon
1000 2106 1346 2158 Xpianissimus
1373 2107 1635 2148 Cardinalis
1667 2107 1676 2127 ¹
1704 2120 1730 2148 a
1760 2107 1898 2148 Patre

275 2177 558 2218 I'rouinciali
585 2178 613 2224 ²,
643 2184 692 2218 ut
724 2179 900 2229 aliquot
928 2190 987 2218 ex
1013 2178 1186 2218 nostris
1208 2190 1262 2219 eo
1293 2179 1600 2229 mitterentur,
1631 2190 1687 2219 ea
1717 2179 1898 2230 potissi-

275 2260 400 2288 mum
421 2248 477 2288 de
497 2259 657 2294 causa.
681 2255 732 2289 ut
752 2260 847 2300 eos,
872 2249 951 2300 qui
971 2249 1030 2289 ad
1052 2260 1214 2290 necem
1243 2255 1378 2290 erant
1404 2250 1714 2301 producendi,
1739 2262 1905 2291 conso--

271 2319 495 2367 larentur,
519 2319 796 2370 optimisque
817 2320 1021 2359 consiliis
1042 2320 1318 2360 adiuuarent
1339 2326 1478 2371 atque
1499 2320 1768 2361 eorumdem
1790 2332 1899 2366 con-

272 2389 499 2429 fessiones
521 2390 754 2430 audirent:
777 2390 823 2430 hi
845 2397 977 2430 erant
1005 2398 1227 2442 quatuor,
1251 2397 1346 2431 tres
1367 2391 1455 2431 uiri
1478 2397 1522 2431 et
1549 2390 1781 2443 quaedam
1795 2403 1898 2433 mu-

275 2460 371 2499 lier.
395 2459 525 2500 Missi
546 2468 652 2501 sunt
674 2473 731 2500 ex
752 2468 913 2501 nostro
937 2463 1135 2512 collegio
1157 2461 1247 2501 duo
1270 2461 1434 2502 Patres
1457 2468 1501 2502 et
1522 2462 1712 2514 quidam
1732 2462 1894 2510 frater,

273 2531 350 2580 qui
371 2531 555 2582 quidem
578 2543 660 2582 per
681 2532 855 2582 aliquot
877 2532 974 2572 dies
993 2532 1179 2572 fuerunt
1204 2533 1251 2572 in
1273 2544 1463 2573 carcere
1484 2545 1577 2573 non
1603 2533 1703 2573 sine
1724 2543 1900 2584 magno

273 2601 536 2641 animorum
556 2601 725 2642 fructu.
748 2602 815 2642 Ita
837 2602 960 2642 enim
980 2609 1086 2642 sunt
1108 2603 1295 2643 accensi
1321 2615 1376 2643 ac
1404 2603 1678 2644 inflammati
1703 2602 1896 2644 Patrum

273 2671 675 2712 cohortationibus
696 2679 741 2712 et
762 2673 992 2723 consiliiS,
1026 2672 1289 2725 Christique
1321 2674 1548 2725 imprimis
1575 2673 1813 2724 beneficio,
1846 2680 1895 2713 ut

272 2753 365 2782 non
387 2743 537 2782 solum
562 2743 813 2793 patienter,
837 2744 918 2784 sed
940 2744 1079 2784 etiam
1100 2744 1310 2796 libenter,
1333 2751 1377 2785 et
1398 2751 1447 2785 ut
1468 2745 1525 2785 ab
1547 2745 1723 2785 eisdem
1749 2744 1895 2785 Patri-

272 2814 358 2853 bus
387 2813 561 2864 accepi,
600 2813 903 2854 libentissime
939 2815 998 2854 ad
1025 2815 1303 2866 supplicium
1331 2815 1628 2866 festinarent,
1658 2815 1899 2859 Christum

328 2997 338 3016 ¹
377 2996 556 3031 Hem-icus,
572 2997 626 3031 qui
641 3004 817 3031 supremus
833 2998 863 3023 in
878 2997 1057 3025 Lusitania
1073 2998 1255 3032 Inquisitor
1270 3004 1357 3026 erat.

325 3044 339 3062 ‘¹
376 3043 540 3071 Michaele
555 3044 594 3070 de
609 3043 744 3072 Turres.
