2020 3342
252 222 304 259 94
769 221 993 259 LITTERAE
1021 231 1378 264 QUADRIMESTRES

258 319 336 358 alii
355 329 484 367 vero,
508 317 585 368 qui
607 317 731 357 adid
763 317 1042 358 sufficientes
1070 318 1159 357 visi
1187 324 1317 366 sunt,
1353 323 1547 367 accepta
1579 329 1605 357 a
1632 316 1883 368 Superiore

256 389 491 436 facultate,
516 388 788 437 praedicare
818 395 862 428 et
890 388 1207 428 confessiones
1238 387 1400 427 audire
1430 394 1698 438 coeperunt.
1731 387 1782 427 In
1813 388 1892 429 ho—

252 459 424 510 spitali,
451 470 539 509 quo
557 470 717 498 sumus
734 459 932 510 excepti,
954 458 1185 498 audiendo
1202 457 1492 497 infirmorum
1511 469 1766 509 pauperum
1785 470 1891 499 con-

256 529 483 569 fessiones
503 561 510 577 ‚
559 528 866 569 confortando
925 529 1232 579 agonizantes
1280 534 1324 568 et
1370 529 1634 580 sepeliendo
1682 536 1893 569 mortuos

256 600 501 650 (quantum
532 599 576 638 id
599 611 715 650 opus
736 599 851 650 erat)
873 599 1012 639 credo
1034 598 1309 649 praestitum
1329 599 1471 639 fuisse
1494 598 1695 639 Domino
1717 599 1893 651 aliquid

254 669 399 719 grati
422 669 635 720 obsequii
657 669 682 707 ¹.

337 740 494 780 Nihilo
517 741 700 780 minora
721 741 822 780 istis
844 740 1018 780 referre
1039 751 1241 791 possem,
1266 746 1373 780 acta
1396 740 1443 780 in
1461 741 1642 792 oppidis
1659 741 1894 781 Carmona

256 818 304 851 et
325 811 513 861 Vtrera,
544 823 634 862 quo
663 823 770 851 cum
797 811 1049 851 desiderati
1075 811 1223 851 nostri
1257 817 1306 851 et
1335 822 1479 862 saepe
1508 812 1718 862 requisiti
1744 812 1894 852 venis-

254 889 374 932 sent,
398 893 425 921 a
447 893 618 932 magno
641 893 871 921 concursu
893 888 937 921 et
958 893 1064 921 cum
1083 881 1213 922 uberi
1234 881 1391 922 fructu
1413 881 1561 922 auditi
1579 890 1707 923 sunt:
1731 888 1894 934 postea

260 953 445 993 videres
467 953 792 992 condonantes
814 952 1017 992 inuicem
1039 952 1192 992 illatas
1212 951 1429 1003 injurias,
1452 959 1704 1004 erogantes
1725 964 1894 1004 paupe-

260 1023 386 1063 ribus
408 1024 482 1062 vel
504 1024 700 1062 alteram
722 1022 944 1073 tunicam,
969 1023 1297 1063 comburentes
1330 1023 1524 1063 chartas
1552 1029 1596 1063 et
1623 1023 1896 1064 inhonestas

258 1100 305 1133 et
323 1094 498 1145 pictas;
532 1094 698 1145 quibus
727 1094 992 1144 conspectis
1020 1102 1217 1145 vterque
1244 1095 1446 1146 populus
1476 1100 1637 1146 peturt
1666 1095 1895 1135 instanter

259 1164 442 1215 aliquos
477 1176 535 1204 ex
568 1165 771 1215 nostris,
811 1164 1059 1204 offerentes
1094 1165 1221 1204 vitae
1254 1166 1544 1205 necessaria.
1578 1165 1792 1217 Denique
1827 1178 1892 1206 se-

262 1235 412 1275 cunda
436 1235 508 1275 die
529 1235 784 1285 paschatis,
809 1236 1013 1286 peractis
1033 1235 1107 1275 hic
1129 1235 1500 1276 confessionibus
1524 1242 1567 1276 et
1588 1236 1893 1287 praedicatio-

261 1306 412 1356 nibus,
437 1306 634 1357 profecti
656 1312 762 1345 sunt
785 1313 986 1357 quatuor
1008 1318 1067 1346 ex
1087 1307 1261 1346 nostris
1282 1307 1343 1346 acl
1364 1306 1378 1325 ²
1403 1306 1599 1346 finitima
1621 1308 1739 1355 loca,
1772 1307 1897 1359 quod

257 1385 306 1417 et
327 1376 572 1428 oppidanis
594 1377 677 1416 fuit
700 1387 872 1427 magno
896 1377 1080 1425 solatio,
1104 1383 1148 1416 et
1176 1377 1528 1428 hispalensibus
1549 1378 1722 1418 nostris
1752 1378 1896 1418 maxi-

257 1459 363 1487 mae
385 1447 712 1495 aedificationi,
737 1454 896 1498 vtpote
919 1447 994 1498 qui
1016 1447 1103 1487 sibi
1125 1454 1468 1498 persuaserunt
1489 1448 1627 1488 finem
1648 1447 1898 1489 Societatis

254 1530 350 1558 non
372 1519 522 1558 solum
544 1530 645 1557 esse
668 1518 871 1557 residere
894 1518 940 1557 in
962 1518 1233 1558 civitatibus
1255 1519 1455 1569 magnis.

339 1589 469 1629 Illam
490 1595 668 1629 tantum
692 1601 749 1629 ex
770 1589 926 1629 multis
948 1589 1163 1639 miseriis,
1188 1590 1355 1641 quibus
1378 1589 1614 1630 Dominus
1634 1590 1898 1631 misericor-

256 1660 378 1700 diter
410 1672 544 1711 opem
577 1660 695 1700 ferre
726 1660 946 1711 dignatus
977 1667 1047 1700 est
1073 1661 1192 1701 inter
1221 1661 1641 1712 peregrinandum,
1679 1662 1895 1702 referam.

256 1730 620 1782 Computruerat
650 1730 879 1782 quaedam
908 1731 954 1770 in
985 1731 1280 1782 grauissimis
1314 1732 1540 1782 peccatis,
1578 1732 1743 1783 quibus
1772 1738 1898 1772 totos

261 1808 368 1842 octo
389 1813 537 1841 annos
559 1809 657 1841 erat
678 1802 858 1841 irretita
880 1808 923 1841 et
945 1802 1208 1852 vulnerata,
1233 1802 1367 1842 cuius
1393 1803 1587 1842 morbus
1617 1814 1672 1843 eo
1703 1808 1804 1843 erat
1832 1803 1895 1843 in·

256 1872 524 1922 curabilior,
563 1884 652 1923 quo
687 1873 880 1912 medicis
915 1872 1241 1923 spiritualibus
1281 1873 1522 1913 occultior.
1555 1873 1748 1913 Vtinam
1782 1885 1898 1914 nun-

256 1955 401 1995 quam
421 1944 529 1982 mihi
553 1943 771 1983 excidant
793 1943 967 1994 animo,
991 1955 1109 1994 quae
1131 1955 1189 1983 ex
1210 1943 1240 1983 h
1254 1955 1307 1983 oc
1327 1944 1511 1994 collegi,
1530 1955 1668 1995 quam
1685 1950 1821 1984 caute
1837 1944 1898 1984 sit

258 2014 604 2066 poenitentibus
625 2014 737 2054 fides
760 2014 997 2064 habenda,
1023 2026 1162 2066 quam
1194 2015 1391 2055 indubie
1421 2015 1482 2054 sit
1510 2015 1694 2055 diuinae
1722 2015 1900 2055 miseri—

256 2085 363 2124 diae
397 2084 645 2133 fidendum,
683 2096 802 2136 quae
837 2085 903 2124 sic
933 2090 1123 2135 reparat
1158 2097 1278 2136 quae
1320 2096 1513 2137 serpens
1543 2085 1796 2137 dextruxit,
1832 2086 1901 2126 sic

262 2155 447 2195 vincula
470 2155 609 2195 soluit
631 2166 750 2206 quae
771 2155 846 2195 ille
868 2155 1076 2195 tetendit.
1100 2155 1388 2195 Tetenderat
1415 2163 1572 2196 autem
1594 2156 1641 2196 in
1661 2156 1750 2196 hac
1766 2168 1817 2196 re
1832 2163 1901 2197 tot

260 2226 462 2277 taliaque
490 2226 621 2275 retia,
651 2232 700 2264 Vt
729 2225 769 2265 si
797 2226 1035 2276 publicare
1069 2226 1297 2277 potuisset
1339 2238 1462 2277 quae
1497 2227 1672 2266 fecerat
1699 2227 1898 2278 occulta,

257 2295 543 2335 exhibuisset
566 2296 832 2335 videntibus
862 2296 1072 2336 mirabile
1103 2298 1439 2347 spectaculum,
1492 2297 1647 2348 qualia
1680 2297 1901 2337 exhibere

260 2367 307 2406 in
328 2367 397 2406 his
420 2367 628 2417 partibus
651 2367 894 2406 consueuit
915 2366 974 2406 ad
996 2366 1299 2407 deterendum
1321 2368 1448 2418 quod
1469 2368 1516 2407 in
1545 2368 1647 2419 ipso
1680 2374 1803 2408 esset
1833 2368 1898 2408 di-

262 2439 421 2477 uinum
442 2437 681 2487 honorem,
707 2442 750 2476 et
779 2436 1045 2488 opinionem
1074 2437 1146 2477 his
1175 2437 1410 2488 debitam,
1442 2438 1521 2489 qui
1550 2438 1777 2478 virtutum
1806 2445 1898 2479 stu·

258 2508 350 2548 diis
372 2514 415 2548 et
435 2514 840 2548 sacramentorum
861 2507 1149 2559 frequentiae
1179 2508 1430 2549 insudant.
1462 2508 1570 2557 Sed,
1602 2509 1703 2549 Deo
1734 2509 1900 2550 melius

262 2578 557 2630 prouidente‚
596 2579 825 2618 reserauit
859 2579 1125 2630 plenissime
1153 2579 1311 2619 omnia
1350 2585 1547 2631 peccata
1574 2580 1901 2632 praestititque

260 2661 402 2689 verae
423 2649 734 2700 poenitentiae
757 2650 907 2700 signa.
933 2650 1170 2690 iniunctas
1192 2650 1315 2690 enim
1339 2650 1428 2690 sibi
1449 2650 1554 2701 (quo
1575 2651 1806 2702 propositi
1821 2651 1900 2691 fir--

259 2720 397 2759 mitas
418 2719 710 2770 probaretur)
734 2726 830 2759 tam
851 2720 1116 2770 spirituales
1137 2731 1277 2772 quam
1302 2722 1579 2772 corporales
1605 2722 1903 2762 exercitatio.

262 2802 350 2830 nes
375 2790 558 2840 accepit
581 2790 828 2840 humiliter,
853 2791 1055 2841 expleuit
1075 2797 1434 2842 perseueranter
1455 2803 1539 2843 per
1560 2792 1677 2831 duos
1698 2803 1898 2842 menses,

319 2926 328 2945 ¹
368 2925 505 2958 altqma’
530 2927 623 2958 gratz
644 2925 801 2958 obsequii
814 2925 950 2959 scripsit
966 2925 1133 2953 Polancus
1148 2925 1202 2953 ubi
1227 2926 1372 2960 aliquod
1395 2926 1599 2960 obsequium
1621 2927 1817 2955 litterarum
1837 2935 1900 2955 au-

263 2977 339 2999 ctor
353 2973 552 3006 scripserat.

318 3019 330 3038 Ξ
369 3020 492 3053 adpro
508 3020 664 3045 visitare
679 3019 855 3046 substituit
870 3019 1048 3047 Polnncus.
