2020 3342
896 221 979 258 ΑΝ.
1009 220 1099 257 1556
1735 219 1807 256 407

172 316 397 357 doctrina
418 316 683 374 comitante,
717 323 760 356 et
784 306 1051 367 prudentia,
1076 315 1297 357 affabilita
1330 315 1521 355 insieme
1544 315 1590 354 in
1611 325 1806 354 conuer-

185 399 304 437 sare,
328 393 372 427 et
393 387 531 427 etiam
553 398 640 426 con
665 388 707 426 la
729 399 812 427 sua
840 387 994 428 buona
1013 387 1126 437 vita,
1156 397 1268 438 pare
1290 397 1316 425 a
1347 397 1420 425 me
1442 385 1526 424 che
1554 385 1623 425 sia
1653 396 1679 424 a
1700 396 1805 436 pro·

184 458 335 509 posito
356 469 440 509 per
460 458 486 497 l'
507 457 767 508 Alemagne
789 459 929 498 molto
955 458 1218 509 aggiutare;
1241 456 1280 496 si
1300 455 1480 496 fossero
1504 455 1634 496 molti
1661 455 1806 495 simili

185 529 362 569 oratori
381 529 593 579 germani
613 528 732 569 della
763 528 1068 580 Compagnia‚
1098 528 1362 569 darebbono
1397 526 1455 566 da
1476 526 1574 567 fare
1607 538 1634 566 a
1660 526 1803 566 luthe-

182 600 299 639 rani:
324 600 465 640 molto
487 603 511 638 e
532 599 674 640 charo
696 600 742 639 in
763 599 916 650 Praga
939 599 995 640 D.
1016 599 1218 649 Canisio,
1238 598 1456 638 massime
1484 609 1707 649 appresso
1729 597 1805 636 del

183 670 392 721 principe
412 677 455 710 et
477 670 605 710 molti
627 670 733 710 altri
753 681 871 721 gran
893 669 1095 721 Signori.

260 741 310 781 In
331 747 493 792 questo
515 740 745 792 principio
767 741 961 780 sarebbe
982 742 1124 780 molto
1145 740 1256 780 vtile
1277 753 1301 780 e
1323 752 1350 780 a
1371 740 1462 790 noi,
1490 751 1571 791 per
1592 740 1671 790 piu
1699 750 1803 778 con-

181 811 365 851 firmare
387 811 538 862 questi
558 817 602 851 et
624 811 728 850 altri
751 811 904 861 amici,
929 819 973 851 et
994 811 1197 851 formare
1215 817 1258 851 et
1275 811 1550 851 essercitare
1571 810 1635 861 gli
1654 810 1804 850 nostri

179 882 341 922 lectori
361 887 405 922 et
422 881 719 933 predicatori,
739 882 942 922 secondo
961 883 1004 922 la
1021 883 1266 933 prudentia
1283 882 1588 922 conueniente
1607 893 1633 921 a
1650 881 1803 932 questi

178 952 386 992 huomini
407 952 548 992 molto
569 951 670 1002 feri,
692 952 777 992 che
794 960 1007 993 tornasse
1023 952 1068 993 S.
1088 953 1142 993 R.
1161 960 1317 1004 presto
1338 953 1385 992 in
1406 952 1561 1003 Praga
1580 951 1606 1002 ¹,
1631 951 1802 1003 perche

178 1034 345 1063 manca
367 1034 393 1062 a
415 1023 446 1062 11
468 1024 615 1063 nostri
642 1022 668 1063 Γ
690 1024 931 1063 essercitio
964 1035 1046 1074 per
1080 1024 1159 1075 piu
1194 1023 1409 1067 satisfare
1435 1035 1462 1063 a
1493 1024 1607 1074 loro;
1643 1023 1691 1063 ni
1711 1026 1801 1074 puo

177 1093 326 1144 Mgro.
350 1093 554 1142 Henrico
575 1094 751 1146 Blyss.⁰
773 1094 786 1113 ²
808 1095 1050 1146 predicare
1072 1095 1226 1135 inanzi
1260 1094 1332 1135 del
1366 1095 1574 1146 principe
1610 1105 1636 1134 0
1666 1093 1732 1134 Re
1753 1094 1801 1133 ni

177 1165 284 1204 altri
305 1163 492 1216 Signori
518 1177 599 1217 pei·
621 1166 665 1205 la
692 1177 776 1206 sua
798 1166 1057 1217 puocagine
1088 1172 1130 1206 et
1160 1166 1342 1206 aridita.
1371 1165 1430 1206 Al
1453 1177 1696 1206 commune
1724 1177 1800 1216 po-

175 1236 262 1275 tria
284 1235 500 1276 satisfaoe
536 1248 667 1277 come
701 1237 1026 1288 principiante;
1063 1249 1175 1277 vero
1197 1238 1274 1277 alli
1310 1236 1497 1287 Signori
1528 1243 1572 1276 et
1601 1237 1799 1276 delicate

175 1307 390 1347 orecchie
411 1318 503 1347 non
524 1308 830 1348 satisfarebbe
851 1307 880 1357 ⁵,
907 1309 943 1348 si
966 1309 1114 1359 prima
1138 1320 1232 1348 non
1258 1308 1327 1347 sia
1355 1309 1496 1348 molto
1525 1307 1798 1347 essercitato

174 1383 217 1417 et
237 1378 349 1418 letto
366 1378 534 1418 habbia
556 1379 634 1430 piu
655 1379 710 1418 de
731 1380 775 1418 la
797 1379 1018 1419 scrittura
1044 1379 1129 1419 che
1151 1391 1244 1419 non
1277 1379 1352 1419 ha:
1383 1391 1465 1430 per
1498 1384 1662 1430 questo
1685 1389 1797 1428 parc

172 1449 256 1488 che
276 1448 320 1489 in
344 1449 555 1489 absentia
573 1450 646 1490 del
664 1449 713 1490 P.
735 1450 923 1490 Canisio
945 1463 1036 1490 non
1054 1451 1168 1501 pigli
1192 1449 1314 1490 M.tr0
1326 1449 1529 1489 Henrico
1551 1451 1578 1489 l’
1603 1452 1795 1489 assunto

173 1519 228 1559 de
249 1520 493 1571 prefflcare
510 1521 664 1560 inanci
686 1521 759 1561 del
775 1520 841 1561 Re
873 1521 920 1561 ni
950 1521 1022 1561 clei
1052 1520 1336 1569 Archiduca,
1362 1532 1435 1560 ma
1466 1520 1551 1560 che
1575 1520 1613 1560 si
1634 1521 1796 1559 excusi

169 1589 223 1630 de
244 1601 336 1630 non
351 1591 596 1642 predicare
618 1592 663 1631 in
684 1603 908 1642 presenza
931 1592 975 1631 di
997 1603 1079 1631 sua
1102 1591 1238 1642 Mgss&
1260 1603 1341 1643 per
1362 1603 1455 1631 non
1476 1603 1614 1642 saper
1643 1591 1729 1630 ben
1750 1592 1793 1630 121

168 1661 327 1713 lingua
344 1663 631 1713 germanica,
651 1670 695 1702 et
713 1674 888 1703 ancora
906 1663 1076 1714 perche
1090 1664 1136 1702 in
1153 1669 1315 1714 questo
1332 1662 1561 1714 principio
1580 1662 1685 1702 delli
1703 1668 1793 1701 stu-

167 1732 229 1772 dii
246 1732 431 1784 bisogni
453 1733 537 1773 che
558 1733 595 1772 si
617 1734 783 1785 occupi
805 1734 851 1774 in
873 1734 1025 1773 studio
1047 1734 1163 1773 delle
1185 1734 1385 1783 lectioni,
1406 1734 1493 1773 alie
1511 1733 1635 1785 quali
1659 1744 1794 1773 occu-

166 1803 344 1854 pationi
360 1815 453 1843 non
474 1804 624 1855 potria
645 1804 909 1845 facilmente
931 1805 961 1844 11
982 1805 1189 1844 subiecto
1205 1815 1288 1844 suo
1306 1804 1536 1854 satisfare‚
1557 1810 1601 1843 et
1620 1804 1665 1843 in
1680 1815 1793 1843 vero

168 1873 289 1913 Mfro
322 1874 526 1915 Henrico
549 1879 572 1915 e
594 1876 736 1915 molto
754 1876 990 1915 diuentato
1008 1886 1172 1926 magro
1194 1875 1239 1915 di
1261 1875 1409 1926 questi
1432 1875 1585 1914 studii.
1612 1874 1739 1914 Iddio
1763 1875 1792 1914 11

167 1944 242 1984 dia
263 1945 389 1985 forze
411 1945 456 1985 di
477 1952 636 1997 potere
654 1947 896 1997 esponerci
924 1946 983 1986 da
1004 1958 1116 1986 vero
1139 1958 1164 1986 a
1185 1946 1336 1997 gloria
1359 1952 1403 1986 et
1423 1946 1615 1986 seruitio
1634 1946 1679 1985 di
1706 1957 1788 1985 sua

167 2015 324 2055 diuina
345 2016 572 2068 Magesta:
598 2018 624 2056 1’
649 2018 805 2057 animo
828 2022 852 2057 e
879 2017 1072 2068 grande,
1101 2029 1175 2057 ma
1197 2018 1236 2057 le
1254 2017 1380 2056 forze
1410 2018 1652 2068 corporale
1675 2028 1789 2056 sono

165 2087 306 2137 tenui;
334 2098 421 2138 pur
456 2088 564 2138 ogni
601 2087 645 2127 di
676 2089 810 2138 legge
846 2088 963 2128 duoe
984 2088 1172 2127 lettione
1206 2088 1252 2128 in
1283 2087 1376 2128 San
1406 2088 1548 2127 Paulo
1570 2094 1613 2127 et
1641 2088 1686 2126 in
1714 2087 1788 2127 he-

167 2159 290 2207 breo,
313 2157 490 2197 benche
511 2170 602 2198 non
626 2159 825 2198 hauemo
843 2160 873 2199 11
895 2159 1116 2209 psalterio
1138 2158 1184 2198 ni
1205 2169 1253 2198 se
1275 2162 1362 2210 poo
1384 2166 1606 2198 trouuare
1626 2158 1719 2209 qui.

215 2365 224 2383 ¹
266 2363 337 2392 Hoc
353 2364 442 2398 Julio
458 2372 569 2392 mense
585 2370 728 2392 exeunte
743 2366 915 2399 profectus
931 2371 980 2393 est
995 2365 1152 2392 Canisius
1170 2365 1281 2400 Praga
1297 2365 1555 2400 Ingolstadium.

213 2414 227 2432 2
263 2412 430 2440 Henricus
446 2413 665 2448 Blyssemius.

212 2461 225 2479 ⁵
263 2460 379 2487 Verba
395 2460 455 2487 che
470 2463 631 2487 tornasse
648 2461 679 2488 S.
699 2461 740 2488 R.
754 2464 876 2496 presto
891 2462 927 2488 in
946 2461 1062 2494 Praga
1074 2461 1204 2495 perche
1216 2461 1333 2488 addita
1346 2466 1422 2488 sunt
1439 2462 1471 2488 in
1488 2462 1641 2495 margine
1657 2462 1699 2488 ab
1713 2462 1785 2495 ipso

162 2508 348 2541 Goissonio‚
372 2508 468 2542 signo
490 2508 644 2542 apposito
665 2514 701 2535 ut
724 2513 800 2543 post
824 2509 930 2535 verba
944 2513 1010 2542 per
1022 2508 1086 2542 pist
1111 2508 1285 2543 satisfaire
1307 2516 1326 2535 a
1347 2509 1420 2535 loro
1439 2509 1643 2540 inserantur3
1664 2509 1783 2535 deinde

159 2556 266 2582 verba
277 2556 394 2589 questi
402 2555 563 2583 huomini
575 2557 672 2583 lineis
685 2557 896 2583 circumdata
909 2562 995 2587 sunt,
1011 2557 1106 2590 quasi
1119 2556 1306 2583 omittenda
1319 2562 1377 2584 aut
1391 2557 1421 2584 in
1435 2557 1537 2584 alium
1550 2557 1661 2584 locum
1676 2563 1785 2583 trans-

158 2603 297 2630 ferenda
317 2604 438 2637 forent;
461 2608 493 2630 et
516 2604 652 2631 tandem
671 2609 744 2638 post
768 2605 910 2631 verbum
937 2604 1092 2631 orecclzie
1113 2604 1268 2631 additum
1293 2609 1344 2631 est
1368 2605 1473 2631 etiam
1496 2605 1528 2631 in
1550 2605 1704 2638 margine
1727 2604 1783 2630 El.

158 2651 263 2681 Unde.
279 2652 305 2678 si
326 2651 449 2678 harum
464 2652 690 2679 mutationum
707 2653 795 2679 ratio
818 2652 1015 2685 haberetur,
1038 2652 1086 2679 ita
1102 2655 1176 2679 tota
1197 2652 1355 2686 periodus
1377 2652 1464 2679 foret
1481 2652 1723 2679 concinnanda:
1740 2652 1782 2678 ln

156 2701 275 2732 questo
287 2700 466 2733 principio
479 2700 628 2726 sarebbe
644 2700 747 2726 molto
763 2700 850 2727 utile
866 2708 883 2726 e
899 2708 918 2726 a
932 2701 990 2726 noi
1011 2701 1150 2734 perpiz‘t
1164 2700 1374 2733 confirmare
1387 2701 1504 2733 questi
1515 2702 1548 2727 et
1563 2700 1650 2726 altri
1664 2701 1784 2726 amice)

155 2747 362 2782 etformare
378 2749 410 2774 et
425 2749 637 2774 essercztare
652 2747 679 2773 li
695 2748 808 2774 nostri
820 2747 942 2774 lecton
959 2749 991 2774 e!
1003 2747 1226 2781 predicatum·
1240 2754 1387 2775 secondo
1401 2748 1436 2774 Ia
1448 2747 1645 2782 prudentia
1660 2754 1778 2774 conve-

93 2792 101 2807 ·
156 2794 274 2821 niente
289 2802 308 2820 α
325 2795 441 2828 questi
455 2794 616 2822 huomini
631 2795 734 2821 molto
742 2794 831 2829 seri,
846 2793 973 2828 perche
991 2801 1116 2821 manca
1133 2802 1152 2820 a
1169 2794 1196 2821 li
1211 2796 1322 2821 nostrl
1338 2795 1360 2821 l'
1375 2795 1556 2821 essercitz'o
1567 2798 1634 2829 per
1645 2795 1709 2828 pist
1724 2802 1778 2820 sa-

154 2840 284 2875 tissare
299 2848 319 2867 a
334 2841 417 2873 loro,
432 2841 492 2868 clze
508 2843 672 2868 tornasse
688 2842 718 2869 S.
734 2842 775 2868 R.
789 2844 910 2875 presto
926 2842 962 2868 in
976 2841 1092 2874 Praga
1106 2841 1233 2875 perche
1247 2842 1364 2876 nipus)
1376 2841 1485 2875 Algro.
1497 2841 1632 2868 Hnrico
1641 2841 1779 2874 Blyss.⁰

151 2888 342 2921 predicare
357 2890 482 2915 inungi
495 2889 726 2924 delprz'ncz'pe
740 2897 757 2916 o
772 2889 824 2916 Re
840 2890 878 2915 ni
892 2889 980 2916 altri
995 2889 1137 2922 Signorz‘
1148 2892 1215 2923 per
1235 2889 1270 2915 la
1286 2897 1352 2916 sua
1364 2890 1563 2924 puocagt'ne
1580 2891 1610 2915 et
1631 2888 1777 2914 ανιίίίῐιῑ.

154 2935 196 2962 ΑΙ
211 2943 357 2963 comune
369 2937 486 2970 potrz'a
498 2936 672 2969 satz‘sfare
687 2944 782 2964 come
793 2937 1051 2971 prz'ncipz'ante,
1065 2944 1148 2963 vero
1169 2937 1234 2964 alli
1246 2937 1385 2970 signori
1397 2939 1430 2964 et
1445 2937 1595 2964 delicate
1611 2935 1776 2963 orecchz'e⁴

154 2982 199 3009 Et
215 2990 280 3010 non
296 2984 545 3019 salz'sfarebbe,
559 2984 645 3018 quod
660 2985 837 3011 obscurum
852 2985 949 3012 nimis
961 2989 994 3011 et
1007 2984 1203 3012 intricatum
1219 2985 1366 3013 videtur.
1378 2984 1456 3011 Ideo
1469 2992 1539 3015 nos.
1553 2985 1631 3018 quin
1643 2991 1777 3011 sensum

149 3033 374 3065 mutaremus,
389 3032 465 3058 aiio.
483 3035 518 3058 ut
534 3032 629 3059 nobis
643 3031 790 3065 videtur,
806 3031 944 3059 clariori
956 3032 1072 3059 ordine
1089 3034 1195 3059 verba
1211 3032 1295 3059 haec
1310 3032 1596 3059 concinnavimus.
