2020 3342
887 289 966 324 AN.
996 287 1088 324 1556
1724 287 1794 324 ‘293

176 387 298 437 dam,
323 399 415 427 non
437 387 579 427 semel
601 391 795 435 tantum,
819 384 1024 437 permitti
1046 384 1177 423 nobis
1198 382 1430 423 humiliter
1456 382 1591 434 juxta
1622 384 1792 433 profes-

178 459 355 498 sionem
377 463 586 498 nostram
618 463 661 497 et
689 456 788 496 sine
821 467 989 507 pompa
1020 453 1211 494 introire
1242 454 1673 505 obsecraueramus,
1708 466 1794 494 nec

174 529 333 570 datum
352 529 451 569 fuit.

256 599 547 651 Expectabat
568 611 653 640 nos
675 599 799 639 domi
821 599 915 639 dux
946 598 1300 639 Francaevillae
1333 596 1426 648 (qui
1459 596 1504 636 in
1535 596 1622 636 hoc
1650 607 1795 646 regno

179 671 282 711 vice
304 671 514 721 fungitur
533 670 674 721 regis)
699 682 804 710 curn
827 671 975 710 altero
1003 682 1060 709 ex
1092 668 1443 719 inquisitoribus
1470 667 1794 719 nonnullisque

175 742 427 792 nobilibus;
460 748 502 782 et
532 747 780 793 postquam
810 742 998 781 domum
1029 745 1305 792 peruentum
1335 744 1418 788 est,
1449 738 1495 778 in
1518 739 1696 789 capella
1716 750 1793 778 no-

173 819 271 853 stra
292 813 424 853 R.¹1¹¹1⁵
446 812 698 852 Hoscensis
720 811 979 863 Episcopus
1001 822 1185 851 sacrum
1215 810 1339 860 fecit,
1372 809 1696 860 praesentibus
1723 820 1793 849 su-

173 883 410 936 pradictis.
436 883 492 923 Et
513 884 629 923 haec
651 883 706 923 tle
728 889 888 923 nostro
910 882 1076 922 reditu.

252 954 369 995 Nolo
392 960 435 995 te
458 960 613 994 autem
644 954 796 1004 (Pater
818 954 952 994 nobis
982 964 1205 1005 perquam
1227 951 1434 1002 colende)
1462 953 1622 1001 latere,
1656 963 1795 1003 quam

174 1026 473 1066 habuerimus
495 1025 635 1066 exilio
657 1025 854 1065 durante
877 1024 1248 1076 occupationem,
1269 1035 1326 1063 ex
1349 1035 1440 1075 qua
1461 1023 1683 1063 laudandi
1704 1022 1794 1062 Do-

174 1097 349 1137 minum
371 1097 558 1137 occasio
579 1108 682 1136 sese
704 1095 852 1136 offert.
876 1095 1025 1136 Maior
1047 1095 1232 1147 quidem
1253 1106 1362 1146 pars
1391 1094 1548 1145 oppidi
1570 1094 1689 1133 illius
1711 1093 1793 1133 Co-

177 1168 300 1209 mitis
328 1167 629 1220 Ripacurtiae
661 1168 723 1216 <in
755 1179 844 1219 quo
876 1167 1303 1218 Caesaraugustam
1332 1165 1509 1216 egressi
1539 1165 1793 1216 permansi-

179 1239 295 1290 mus)
331 1245 432 1279 erat
461 1250 638 1290 eorum,
675 1238 753 1290 qui
783 1250 842 1278 ex
874 1238 1186 1278 mahometica
1217 1243 1344 1277 secta
1380 1236 1530 1277 denuo
1566 1236 1624 1276 ad
1658 1235 1794 1276 fidem

179 1309 254 1351 X.i
284 1310 502 1350 conuersi
531 1315 661 1350 sunt:
690 1309 855 1350 horum
885 1309 1001 1349 filios
1032 1309 1121 1349 duo
1152 1315 1312 1360 patres
1344 1320 1401 1347 ex
1430 1307 1618 1357 nostriS,
1652 1307 1794 1347 semel

176 1380 381 1433 quotidie
402 1386 747 1432 congregantes
776 1392 859 1432 per
886 1380 1004 1431 vias,
1034 1381 1216 1431 pulsato
1249 1378 1462 1428 cimbalo,
1496 1384 1540 1418 et
1570 1389 1675 1418 cum
1704 1378 1794 1417 illis

172 1451 292 1492 filios
327 1457 656 1492 veteranorum
686 1452 732 1491 in
763 1450 935 1492 Christi
965 1451 1144 1501 militia,
1176 1461 1266 1501 qua
1301 1454 1518 1501 poterant
1553 1448 1792 1500 diligentia

172 1523 433 1564 doctrinam
456 1522 713 1563 edocebant
734 1522 1059 1563 christianam:
1081 1521 1261 1562 festiuis
1282 1532 1395 1561 vero
1418 1520 1578 1560 diebus
1599 1519 1648 1560 P.
1678 1517 1791 1560 San-

170 1594 410 1634 tanderius
437 1593 701 1645 explicabat
732 1594 798 1634 eis
824 1593 930 1634 fidei
960 1593 1182 1633 articulos
1212 1604 1315 1633 cum
1347 1597 1475 1632 tanto
1506 1590 1792 1631 audientium

171 1664 399 1718 profectu,
423 1671 474 1705 vt
505 1664 713 1704 dicerent
743 1676 791 1704 se
821 1675 1059 1716 nunquam
1087 1664 1179 1704 tale
1210 1663 1320 1715 quid
1350 1662 1554 1703 audisse:
1589 1662 1791 1702 maxime

169 1743 325 1778 autem
345 1736 409 1778 illi
429 1737 476 1777 in
501 1736 590 1777 fide
617 1736 840 1787 neophiti,
870 1736 947 1788 qui
978 1742 1022 1776 et
1053 1734 1224 1787 gaudio
1256 1734 1388 1774 nobis
1418 1740 1461 1774 et
1493 1733 1791 1774 admirationi

170 1815 317 1859 erant,
340 1820 450 1848 nam
471 1819 578 1848 cum
599 1807 716 1848 alios
737 1808 1094 1847 concionatores
1115 1807 1196 1846 vix
1213 1806 1260 1846 vi
1278 1806 1439 1846 audire
1457 1806 1643 1856 vellent,
1667 1805 1789 1845 hunc

168 1880 257 1932 ipsi
282 1880 402 1920 vltro
423 1879 655 1930 rogabant
675 1885 727 1919 vt
747 1878 813 1919 eis
834 1879 1192 1919 concionaretur
1213 1877 1431 1928 viamque
1453 1876 1617 1917 salutis
1638 1881 1789 1916 osten-

167 1950 324 1992 deret:
348 1957 487 2003 atque
509 1962 566 1990 ex
589 1950 661 1990 his
680 1950 812 1990 multi
833 1950 993 1990 diebus
1024 1949 1204 1990 festiuis
1230 1948 1290 1989 ad
1320 1948 1571 1988 conciones
1602 1959 1660 1988 ex
1686 1959 1788 1999 pro-

167 2022 307 2062 ximis
328 2021 462 2074 pagis
484 2021 759 2062 cateruatim
781 2020 1095 2062 confluebant:
1119 2026 1163 2060 et
1191 2020 1236 2060 id
1264 2020 1449 2072 quidem
1479 2019 1617 2071 (quod
1645 2018 1787 2058 homi-

167 2104 277 2133 num
298 2092 534 2144 ingenium
558 2092 641 2142 est)
663 2103 757 2132 non
777 2092 858 2132 vili
879 2097 947 2132 est
975 2091 1315 2132 aestimandum
1334 2090 1484 2142 pretio
1502 2101 1509 2129 :
1533 2089 1660 2142 atqui
1682 2089 1784 2141 ipsi,

165 2169 216 2204 vt
237 2164 283 2204 in
305 2163 489 2214 longius
518 2169 700 2216 tempus
728 2163 918 2203 exilium
943 2169 1156 2203 nostrum
1185 2162 1242 2202 ab
1274 2161 1388 2202 vrbe
1414 2160 1784 2213 protraheretur,

166 2245 338 2286 magno
360 2234 531 2275 affectu
554 2239 718 2287 optare
738 2245 787 2275 se
810 2234 1010 2275 aiebant.
1034 2234 1090 2274 Et
1112 2234 1228 2274 haec
1250 2233 1306 2273 de
1329 2232 1536 2273 absentia
1555 2237 1731 2272 nostra.

246 2305 394 2346 Huius
416 2312 571 2346 autem
593 2305 721 2346 vrbis
743 2305 870 2346 ciues
896 2310 1077 2345 tantum
1104 2310 1417 2356 conceperant
1445 2315 1503 2344 ex
1532 2303 1785 2356 praeterita

166 2377 212 2417 in
233 2388 318 2417 nos
341 2377 606 2417 turbatione
628 2377 822 2427 timoris,
853 2383 903 2416 vt
930 2388 1047 2428 pene
1077 2387 1236 2416 omnes
1264 2375 1530 2427 (perpaucis
1561 2374 1783 2426 exceptis,

165 2448 244 2499 qui
273 2447 405 2488 nobis
436 2448 627 2488 arctiori
654 2460 777 2488 nexu
809 2446 1105 2499 colligantur)
1138 2446 1196 2487 ad
1226 2458 1312 2487 nos
1343 2446 1566 2487 accedere
1600 2457 1784 2486 recusa-

164 2524 282 2559 rent.
307 2518 503 2570 Quando
525 2526 682 2559 tamen
703 2519 769 2559 eis
790 2519 857 2559 rei
873 2524 1035 2570 gestae
1052 2518 1227 2558 veritas
1245 2517 1458 2568 innotuit,
1478 2518 1698 2568 expulsus
1716 2522 1785 2557 est

164 2589 325 2630 timor:
362 2590 455 2630 iam
490 2590 568 2642 qui
600 2596 908 2641 recesserant,
944 2589 1211 2641 frequenter
1239 2589 1297 2630 ad
1323 2600 1409 2629 nos
1437 2588 1661 2629 accedere
1692 2600 1784 2628 non

163 2660 436 2701 formidant:
462 2661 630 2701 crescit
652 2661 698 2701 in
720 2660 818 2701 dies
840 2672 1060 2701 numerus
1087 2660 1364 2701 deuotorum
1395 2658 1712 2700 confitentium
1740 2666 1784 2700 et

162 2732 628 2773 communicantium:
652 2732 744 2772 iam
765 2733 867 2772 luce
888 2732 1060 2773 clarius
1081 2732 1242 2773 vident
1260 2731 1565 2783 praeteritam
1582 2731 1781 2771 concita-

164 2803 336 2843 tionem
356 2815 448 2843 non
471 2802 595 2843 aliud
616 2803 773 2854 fuisse,
797 2815 937 2855 quam
959 2803 1353 2843 machinationem
1383 2802 1637 2842 daemonis.
1676 2800 1781 2842 Nul-

162 2874 234 2914 lus
269 2873 365 2914 fere
399 2874 624 2925 praeterit
655 2874 767 2925 dies,
800 2875 846 2914 in
876 2886 966 2926 quo
998 2874 1057 2914 ad
1089 2873 1402 2914 confitendum
1439 2872 1781 2913 ‘communican-

162 2944 363 2996 dumque
400 2944 631 2997 quispiam
658 2956 751 2985 non
782 2945 996 2995 accedat3
1033 2944 1193 2985 diebus
1227 2944 1503 2996 praesertim
1536 2943 1781 2984 dominicis

161 3015 356 3056 veniunt
376 3021 461 3066 tot,
483 3021 535 3056 vt
555 3016 712 3067 plures
733 3015 982 3068 aliquando
1004 3014 1321 3056 desideremus
1342 3015 1670 3056 confessarios:
1690 3014 1779 3054 die-

162 3085 248 3127 bus
270 3092 426 3127 autem
442 3086 741 3140 paschalibus
758 3092 801 3127 et
819 3087 921 3127 aliis
939 3086 1204 3143 praecipuis
1222 3085 1352 3130 festis
1369 3086 1534 3130 mirum
1552 3092 1621 3126 est
1638 3097 1779 3140 quan-
