2020 3342
276 252 347 291 384
771 251 997 289 LITTERAE
1023 261 1105 294 QUA
1112 250 1378 288 DRIMESTRES

982 705 1179 758 DXXI

339 933 385 970 Ρ.
407 933 564 971 Daniel
586 933 849 981 Paeybroek

383 998 504 1036 Patri
522 998 692 1046 Ignatio
712 998 765 1036 de
785 999 969 1046 Loyola.

431 1063 552 1109 Itala,
573 1064 618 1101 26
637 1064 753 1111 Junii
773 1063 863 1102 1556
882 1064 908 1101 ¹.

1013 1204 1144 1257 JhuS.

346 1346 417 1387 Ex
438 1346 584 1387 literis
605 1347 819 1398 Magistri
836 1347 1061 1397 Danielis,
1086 1360 1144 1388 ex
1165 1348 1296 1399 Itala,
1320 1347 1505 1389 Siciliae
1526 1348 1743 1390 Abbatia.

350 1418 513 1458 Gratia
534 1424 578 1458 et
599 1430 692 1470 pax
713 1418 900 1459 Domini
922 1419 1071 1459 nostri
1091 1419 1200 1472 Jesu
1222 1418 1297 1459 X.i
1326 1419 1384 1459 sit
1415 1431 1596 1471 semper
1619 1430 1724 1459 curn
1746 1420 1887 1460 omni-

267 1490 351 1530 bus
371 1490 519 1530 nobis.
544 1489 710 1530 Amen.

342 1548 780 1601 Italenses‘hiultum
801 1573 984 1613 semper
1014 1561 1231 1602 delectati
1257 1568 1363 1602 sunt
1393 1561 1592 1602 fratrum
1621 1567 1888 1602 nostrorum

264 1632 546 1683 praesentia:
572 1643 656 1672 nec
679 1632 861 1683 mirum,
886 1643 992 1672 eum
1013 1644 1061 1672 se
1084 1644 1285 1684 suosque
1306 1632 1424 1673 filios
1450 1632 1507 1671 ad
1540 1633 1777 1673 meliorem
1799 1639 1888 1673 sta-

262 1709 359 1743 tum
387 1715 468 1754 per
496 1714 576 1743 eos
608 1710 897 1754 cognoscunt
928 1702 1158 1743 reductos.
1193 1703 1293 1744 Hoc
1322 1703 1443 1743 enim
1476 1703 1677 1743 officium
1704 1715 1888 1755 semper

263 1773 348 1814 fuit
377 1774 492 1814 socii
520 1774 610 1814 mei
636 1772 663 1824 ²,
694 1780 742 1814 ut
774 1785 935 1814 curam
970 1775 1163 1815 haberet
1197 1774 1588 1815 instituendorum
1620 1786 1885 1826 puerorum.

264 1845 396 1896 Quod
419 1852 512 1885 tam
536 1845 752 1896 gnauiter
773 1845 1018 1897 praestitit,
1052 1851 1101 1886 ut
1122 1858 1214 1885 non
1236 1852 1418 1886 tantum
1440 1857 1607 1896 pueros
1628 1846 1674 1885 in
1702 1845 1883 1895 litteris,

261 1928 422 1956 uerum
444 1916 584 1957 etiam
605 1917 738 1956 bonis
762 1917 965 1957 moribus
986 1918 1286 1968 promouerit.

339 1987 493 2027 Meum
516 1993 670 2027 autem
692 1987 890 2028 officium
919 1988 1019 2038 suit,
1053 1994 1101 2028 ut
1129 1988 1465 2028 monachorum
1494 1994 1537 2028 et
1565 1988 1701 2028 huius
1730 1987 1887 2039 populi

260 2070 421 2098 euram
443 2058 677 2099 haberem:
700 2059 820 2099 unde
842 2059 1016 2099 factum
1039 2066 1107 2099 est
1139 2066 1185 2099 ut
1209 2059 1438 2109 monaehi,
1473 2059 1565 2110 qui,
1590 2064 1776 2110 praeter
1805 2070 1884 2098 no-

260 2141 379 2179 men,
404 2129 518 2169 nihil
549 2129 756 2180 religiosi
783 2130 1029 2180 habebant,
1062 2142 1168 2170 cum
1191 2130 1249 2170 ad
1278 2130 1472 2170 meliora
1499 2141 1526 2169 a
1555 2129 1778 2169 fratribus
1808 2141 1885 2169 no·

261 2200 368 2240 stris
389 2200 527 2240 Patre
548 2200 730 2252 Elpidio
751 2199 780 2249 ³,
804 2200 853 2240 P.
876 2200 1082 2241 Antonio
1106 2200 1273 2251 Vinch‚
1297 2206 1342 2240 et
1370 2200 1418 2241 P.
1449 2200 1667 2252 Philippo
1691 2199 1885 2241 Cassino

260 2276 414 2311 essent
433 2271 660 2322 perducti,
691 2277 851 2311 nostro
881 2279 1097 2322 tempore·
1114 2272 1179 2311 nil
1207 2272 1263 2311 ab
1290 2271 1505 2323 incoepto
1531 2271 1652 2311 bono
1684 2281 1885 2311 recesse-

259 2341 364 2392 rint,
388 2342 469 2382 sed
490 2354 672 2393 semper
694 2342 818 2382 omni
840 2343 1081 2393 diligentia
1103 2342 1161 2382 ad
1184 2343 1419 2382 anteriora
1440 2353 1489 2382 se
1506 2341 1816 2382 extenderint:
1840 2347 1884 2382 et

259 2412 335 2463 qui
357 2412 484 2463 prius
507 2412 630 2463 apud
651 2424 812 2453 omnes
840 2414 959 2453 male
989 2413 1254 2463 audiebant,
1283 2419 1332 2452 ut
1361 2413 1523 2452 melius
1549 2411 1720 2461 faeere,
1754 2412 1819 2452 ita
1841 2417 1883 2452 et

259 2482 419 2522 audire
442 2489 709 2534 coeperunt.
734 2484 895 2535 Itaque
919 2484 964 2523 in
987 2484 1136 2524 officio
1165 2484 1499 2535 diligentiores,
1532 2483 1577 2523 in
1599 2483 1756 2523 labore
1784 2494 1884 2522 ma-

258 2565 401 2593 nuum
431 2552 784 2605 frequentiores,
818 2560 862 2594 et
895 2554 940 2594 in
971 2554 1236 2606 praebendo
1266 2554 1491 2605 proximis
1519 2554 1643 2593 bono
1674 2554 1882 2604 exemplo

258 2624 409 2674 magis
431 2625 599 2664 soliciti
620 2631 727 2665 sunt
749 2625 913 2665 effecti.

337 2693 539 2746 Populus
568 2707 695 2746 uero,
735 2696 812 2747 qui
842 2701 980 2736 antea
1011 2708 1038 2736 a
1073 2697 1262 2736 seruitio
1293 2696 1380 2736 Dei
1416 2697 1603 2737 omnino
1638 2695 1884 2736 uidebatur

259 2765 452 2816 alienus,
476 2772 635 2816 utpote
658 2767 734 2817 qui
756 2768 1062 2818 perexiguam
1085 2767 1173 2807 Dei
1197 2773 1240 2807 et
1262 2778 1438 2817 eorum,
1462 2778 1580 2818 quae
1607 2766 1665 2807 ad
1686 2767 1884 2806 salutem

313 2973 321 2992 ¹
365 2972 598 3007 Apographae
616 2973 739 3008 duplici
756 2974 846 3009 folio,
863 2982 917 3002 nn.
933 2975 949 3001 8
965 2979 997 3002 et
1011 2976 1040 3003 9.

309 3021 323 3040 2
362 3020 470 3055 Hujus
486 3029 605 3049 nomen
620 3029 680 3048 nec
696 3021 863 3049 Polancus
880 3023 1011 3057 quidem
1029 3024 1140 3058 aperit
1157 3024 1189 3051 in
1207 3023 1368 3052 Clzrom‘cz'
1382 3028 1405 3051 t.
1420 3030 1469 3052 vt.

311 3067 324 3087 5
362 3068 397 3095 P.
414 3068 550 3103 Elpidio
566 3069 728 3103 Ugoletti.
