2020 3342
898 218 980 254 AN.
1014 218 1105 255 1556
1768 219 1815 255 29

191 313 452 353 inauditum
472 320 541 353 est
566 321 701 353 extra
723 313 1129 364 quadragesimam
1162 313 1371 352 confiteri
1399 320 1585 364 praeter
1615 325 1749 353 senes
1771 322 1814 354 et

192 384 386 424 deuotas
407 383 582 435 aliquot
610 395 850 435 personas,
881 395 998 434 quae
1021 384 1067 423 in
1097 382 1352 423 Natiuitate
1384 383 1571 423 Domini
1607 384 1813 424 confiteri

191 450 355 494 solent:
379 454 483 494 aliis
513 454 798 505 temporibus
821 460 1008 505 praeter
1030 459 1345 505 praegnantes
1367 453 1463 493 fere
1484 454 1653 494 nullae.
1679 454 1813 494 Hanc

193 531 349 564 autem
380 525 715 575 negligentiam
743 525 991 564 emendare
1019 524 1307 575 incoepimus
1338 524 1611 564 inducentes
1641 526 1815 576 aliquot

191 595 250 635 ad
266 595 626 646 frequentiorem
644 595 1000 644 confessionem,
1020 595 1075 635 de
1093 595 1260 646 quibus
1278 601 1346 634 est
1363 595 1507 634 lllma.
1523 594 1644 635 Dna.
1665 595 1813 636 Comi-

192 666 304 705 tissa
345 665 750 715 Hoechstratana,
789 666 921 706 cuius
960 666 1224 717 exemplum
1259 672 1448 705 secutae
1487 671 1593 705 sunt
1629 666 1814 706 circiter

189 736 356 787 viginti
388 737 565 776 nobiles
595 736 803 787 virgines
837 737 1007 776 viduae
1045 742 1088 776 et
1124 737 1425 787 coming-atae,
1450 743 1546 776 tam
1576 735 1631 776 de
1659 744 1813 776 castro

190 818 327 857 quam
348 807 404 847 de
432 807 635 847 ciuitatis
648 806 943 858 primoribus
964 818 1069 846 cum
1097 807 1290 856 ciuium,
1315 818 1535 856 uxorum,
1559 806 1814 846 liberorum

190 890 245 917 ac
275 878 548 918 ancillarum
577 878 880 929 frequentiori
913 889 1121 927 numero,
1159 889 1279 929 quae
1302 884 1489 929 praeter
1524 877 1813 929 frequentem

190 948 549 999 confessionem,
587 949 841 989 maioribus
884 948 1214 989 festiuitatibus
1251 961 1305 988 ac
1346 949 1403 989 D.
1443 949 1631 1000 Virgini
1667 949 1815 988 sacris

189 1020 533 1059 communicare
555 1026 824 1071 coeperunt;
848 1020 940 1060 imo
963 1032 1049 1060 nec
1072 1021 1161 1060 ulla
1186 1020 1354 1060 transit
1380 1020 1628 1069 dominica,
1654 1019 1701 1059 in
1724 1031 1814 1071 qua

190 1102 282 1130 non
317 1091 499 1142 aliquae
536 1091 639 1141 (etsi
674 1091 869 1142 paucae)
906 1091 965 1131 ad
999 1091 1311 1131 sacratissimi
1345 1091 1558 1142 corporis
1593 1090 1814 1130 dominici

190 1172 370 1211 magna
388 1173 492 1201 cum
506 1161 753 1202 deuotione
769 1173 979 1201 mensam
997 1161 1237 1212 accedant3
1252 1162 1461 1201 virorum
1474 1169 1630 1201 autem
1644 1162 1814 1202 raritas

189 1238 257 1271 est
278 1231 453 1281 malon·
474 1232 687 1283 quamuis
703 1233 825 1272 enim
845 1233 909 1284 pii
930 1232 1179 1284 deuotique
1199 1232 1477 1281 habeantur,
1502 1238 1544 1272 et
1575 1232 1652 1283 qui
1674 1232 1813 1272 etiam

189 1302 360 1342 liberos
381 1310 425 1342 et
447 1314 616 1343 uxores
638 1303 696 1342 ad
718 1303 805 1343 hoc
828 1303 1155 1353 adhortantur,
1180 1303 1267 1354 ipsi
1295 1303 1595 1343 nihilominus
1624 1309 1814 1354 propter

189 1374 573 1414 consuetudinem
595 1374 883 1414 contrariam
904 1385 984 1414 eas
1005 1374 1135 1425 sequi
1155 1380 1391 1414 verentur.
1416 1374 1466 1414 In
1484 1374 1600 1414 festo
1619 1374 1708 1414 isto
1724 1373 1813 1414 Na-

189 1444 382 1484 tiuitatis
398 1444 586 1484 Domini
608 1445 747 1485 etiam
769 1445 977 1485 virorum
999 1445 1128 1484 multi
1150 1443 1353 1484 confessi
1374 1452 1496 1494 sunt,
1521 1445 1584 1484 ita
1606 1448 1658 1484 nt
1681 1457 1814 1496 prae-

190 1521 260 1554 ter
281 1527 366 1564 me,
391 1515 489 1567 ipse
511 1527 691 1567 quoque
714 1516 949 1566 Decanus,
977 1528 1084 1556 curn
1105 1516 1207 1555 aliis
1235 1516 1483 1566 nonnullis,
1515 1516 1691 1567 aliquot
1715 1516 1815 1556 dies

190 1585 525 1626 confessionem
549 1587 709 1627 audire
736 1587 1008 1637 debuerunt,
1039 1587 1159 1626 sicut
1189 1587 1376 1626 solitum
1407 1594 1476 1626 est
1496 1587 1595 1626 fieri
1624 1587 1670 1626 in
1693 1586 1814 1626 festo

188 1657 441 1707 paschatis3
466 1664 621 1697 tantus
644 1657 727 1698 fuit
749 1657 1068 1698 confitentium
1089 1668 1324 1697 numerus:
1345 1658 1812 1697 communicauerunt

189 1728 290 1778 ipso
324 1728 396 1768 die
430 1728 698 1768 Natiuitatis
733 1729 919 1769 circiter
954 1729 1076 1769 mille
1107 1735 1151 1768 et
1184 1728 1386 1778 ducenti;
1419 1740 1585 1780 parum
1625 1729 1812 1780 quidem

188 1797 401 1849 Louanii,
432 1800 575 1839 sedin
611 1800 699 1839 hac
728 1800 919 1840 ciuitate
954 1800 1069 1840 adeo
1105 1812 1131 1839 a
1154 1800 1478 1839 communione
1508 1799 1815 1851 frequentiori

189 1869 355 1919 aliena,
392 1870 495 1921 quis
524 1883 615 1910 non
648 1872 843 1911 multum
874 1871 1062 1911 dixerit?
1092 1870 1216 1911 Inter
1238 1871 1368 1920 alios,
1399 1882 1493 1910 non
1518 1871 1618 1910 sine
1640 1882 1813 1922 magna

188 1940 510 1986 aedificatione
532 1941 674 1981 totius
691 1941 911 1989 ciuitatis,
936 1941 1137 1981 confessi
1160 1948 1266 1980 sunt
1287 1947 1331 1980 et
1349 1941 1815 1981 communicauerunt

187 2022 346 2051 omnes
384 2013 562 2052 nobiles
602 2013 737 2052 aulae
777 2013 1019 2064 utriusque
1059 2023 1217 2062 sexus,
1259 2019 1303 2052 et
1339 2012 1564 2063 primates
1605 2012 1814 2052 ciuitatis

186 2092 361 2132 omnes,
389 2082 601 2123 videlicet
621 2082 793 2123 Illmus.
817 2083 965 2123 Dnus.
993 2082 1161 2123 Comes
1188 2082 1611 2133 Hoechstratanus,
1644 2082 1812 2123 Comes

186 2163 367 2204 quoque
384 2159 542 2193 noster
558 2153 965 2205 Culenborgensis,
985 2153 1302 2204 superioribus
1319 2153 1448 2193 hisce
1465 2153 1627 2193 diebus
1645 2153 1703 2193 ad

186 2230 450 2274 susceptus,
481 2224 602 2264 Dna.
632 2224 880 2265 Comitissa
902 2224 1296 2273 Hoechstratana,
1336 2235 1439 2264 cum
1463 2224 1653 2275 reliquis
1675 2225 1809 2264 aulae

185 2305 330 2345 usque
352 2294 410 2334 ad
430 2294 482 2334 40
503 2302 582 2335 aut
597 2295 650 2335 50
666 2307 891 2347 personas
908 2295 1147 2346 utriusque
1165 2306 1305 2335 sexus
1323 2295 1387 2345 (ut
1405 2295 1519 2334 mihi
1537 2296 1807 2335 retulerunt»

187 2365 321 2404 aulae
355 2366 532 2405 scilicet
568 2366 833 2418 superiores
869 2377 1029 2406 omnes
1065 2365 1292 2415 ciuitatis,
1337 2377 1534 2416 quorum
1570 2366 1809 2417 praecipui

184 2435 297 2475 mihi
318 2436 519 2476 confessi
547 2443 669 2487 sunt,
706 2438 954 2488 pluresque
989 2437 1198 2486 fuissent,
1237 2436 1275 2475 si
1304 2448 1397 2476 non
1423 2443 1546 2476 totus
1581 2448 1606 2475 a
1638 2438 1808 2487 populo

184 2506 563 2557 occupationibus
593 2507 947 2556 confessz‘onmn
978 2507 1171 2547 obrutus
1192 2506 1396 2546 fuissem.
1427 2506 1582 2557 Aliqui
1604 2507 1725 2546 hanc
1750 2508 1808 2545 ob

185 2588 376 2617 causam
398 2589 542 2630 usque
558 2578 604 2618 in
619 2578 741 2618 diem
758 2577 918 2619 Sancti
945 2577 1167 2629 Stephani
1195 2583 1519 2628 expectarunt;
1545 2588 1708 2617 verum
1732 2589 1808 2616 au-

183 2646 260 2686 lici
280 2647 370 2697 isti,
395 2655 490 2688 tam
513 2649 601 2689 viri
619 2648 1027 2700 quamfoemt'nae,
1045 2654 1233 2700 propter
1251 2654 1448 2687 mortem
1466 2647 1637 2687 Illmae.
1658 2647 1804 2687 Dnae.

181 2724 369 2758 nostrae
390 2719 681 2769 Comitissae‚
719 2731 838 2771 quae
860 2719 1064 2770 amplam
1091 2719 1212 2758 hanc
1231 2719 1386 2758 aulam
1408 2717 1482 2758 hic
1512 2717 1714 2768 fouebat,
1750 2718 1807 2757 ad

184 2787 394 2829 diuersas
423 2790 557 2830 huius
591 2790 808 2840 regionis
836 2790 1050 2830 ciuitates
1079 2796 1374 2840 separantur.
1406 2788 1537 2828 Unde
1565 2799 1808 2839 speramus

184 2857 353 2900 bonum
388 2861 464 2900 hic
494 2869 770 2912 conceptum
802 2861 991 2900 odorem
1016 2860 1078 2899 ad
1104 2859 1199 2899 alia
1225 2871 1405 2910 quoque
1432 2858 1533 2897 loca
1561 2859 1803 2898 allaturos.

184 2930 258 2971 Ad
294 2930 410 2970 haec
444 2943 627 2983 quoque
663 2932 774 2972 facit
811 2932 962 2971 cultus
996 2930 1294 2970 Venerabilis
1326 2928 1634 2975 Sacramenti‚
1672 2939 1809 2978 quem

186 3000 485 3047 indua-imm,
508 3008 556 3041 ut
583 3013 712 3041 more
739 3001 1093 3049 lovaniensium,
1132 3000 1328 3049 singulis
1363 2998 1608 3038 dominicis
1629 2998 1806 3046 diebus,
