2020 3342
884 226 951 266 AN
955 254 964 263 .
995 227 1085 265 1550
1179 233 1182 235 ’
1725 231 1794 267 ’345

908 682 1068 735 DXV

239 915 439 962 Angelus
457 916 709 963 Pollicinus,

285 979 353 1017 Ex
371 981 691 1018 commissione
714 983 855 1020 Patris
879 983 1000 1020 Pauli
1019 983 1057 1020 d'
1077 982 1276 1029 Achillis,

334 1046 454 1083 Patri
472 1046 640 1093 Ignatio
661 1047 714 1084 de
733 1047 917 1095 Loyola.

379 1111 610 1159 Panormo,
631 1112 678 1150 30
698 1113 799 1160 Maji
820 1113 911 1150 1556
931 1114 954 1149 ¹.

880 1251 970 1291 Ihs.
1002 1251 1087 1292 ΜΡ

246 1395 314 1434 La
335 1405 511 1435 somma
529 1395 683 1445 gratia
703 1401 747 1435 et
769 1406 900 1435 amor
922 1401 1080 1435 eterno
1104 1395 1150 1436 di
1178 1394 1364 1436 Christo
1393 1394 1447 1435 N.
1472 1394 1559 1436 S.re
1581 1396 1649 1435 sia
1678 1406 1794 1436 sem-

175 1477 258 1517 pre
278 1466 385 1506 nelli
406 1466 537 1506 cuori
557 1466 719 1506 nostri.
745 1465 912 1506 Arnen.

246 1536 390 1577 Molto
416 1536 517 1577 R.d0
543 1537 590 1577 in
610 1536 694 1577 X.0
713 1536 877 1577 Padre.

245 1607 332 1649 Per
353 1608 569 1649 sodisfar’
590 1609 679 1648 alla
698 1614 832 1648 santa
850 1608 1109 1658 ubidienza‚
1129 1608 1426 1649 breuemente
1449 1608 1639 1648 daremo
1661 1608 1792 1648 auiso

166 1681 255 1720 alla
277 1679 329 1720 R.
355 1680 403 1720 Ρ.
428 1680 485 1721 V.
512 1680 557 1720 di
578 1685 695 1720 tutto
723 1680 875 1731 quello
907 1679 992 1719 che
1022 1680 1066 1719 13
1094 1680 1250 1719 diuina
1277 1680 1435 1729 bonta,
1467 1679 1574 1720 nelli
1601 1685 1791 1730 quattro

166 1751 244 1803 gia
266 1752 441 1803 passati
460 1752 589 1802 mesi,
614 1763 696 1802 per
718 1753 794 1791 noi
818 1752 942 1792 serui
959 1751 1149 1801 indegni
1166 1752 1202 1791 s'
1222 1751 1280 1791 ha
1299 1751 1499 1802 degnato
1517 1750 1558 1790 d’
1579 1762 1790 1802 operare.

246 1821 400 1863 Prima
422 1823 463 1862 le
487 1823 644 1863 schole
665 1828 823 1862 nostre
846 1834 1000 1862 uanno
1022 1834 1102 1873 per
1124 1822 1152 1861 l’
1175 1822 1302 1862 Iddio
1331 1822 1484 1873 gratia
1513 1822 1638 1862 assai
1659 1822 1788 1862 bene.

166 1894 343 1934 Perche
365 1894 396 1934 li
417 1894 620 1934 scholari
642 1894 751 1944 ogni
781 1894 947 1944 giorno
976 1893 1117 1933 fanno
1139 1894 1356 1944 maggior
1378 1894 1580 1945 profitto,
1599 1895 1698 1933 cosi
1719 1894 1791 1933 nel

167 1965 343 2016 spirito,
377 1976 508 2005 come
535 1966 653 2005 nelle
681 1965 830 2015 lettre,
854 1971 897 2004 et
925 1965 970 2004 ui
992 1964 1146 2005 danno
1176 1965 1222 2004 di
1259 1976 1307 2004 se
1336 1964 1515 2016 grande
1546 1975 1788 2016 speranza.

165 2036 294 2076 Molti
317 2036 360 2077 d’
386 2036 510 2076 assai
537 2036 675 2076 buon‘
707 2036 894 2086 ingenio
922 2035 967 2076 di
989 2035 1173 2076 diuerse
1195 2036 1334 2075 classi
1355 2036 1497 2076 fanno
1526 2035 1705 2086 grande
1727 2035 1792 2075 in-

166 2114 326 2148 513323
348 2120 431 2159 per
451 2119 606 2147 essere
628 2107 822 2147 riceuuti
844 2108 965 2147 nella
994 2107 1302 2158 Compagn1a,
1327 2113 1399 2147 tra
1421 2106 1434 2146 i
1456 2107 1581 2159 quali
1603 2106 1679 2146 doi
1700 2112 1789 2146 stu—

162 2179 301 2219 diano
329 2180 376 2219 in
402 2179 660 2229 rhetorica,
691 2179 881 2229 giouani
909 2178 954 2219 di
986 2179 1125 2218 molte
1152 2179 1302 2218 buone
1334 2179 1477 2230 parti,
1508 2179 1537 2219 li
1566 2178 1713 2230 quali,
1752 2178 1791 2218 si

163 2261 293 2290 come
314 2251 379 2301 gli
401 2250 522 2301 altri,
546 2250 822 2290 desiderano
844 2261 983 2301 sopra
1007 2255 1122 2289 tutte
1150 2250 1212 2300 gl’
1244 2250 1359 2289 altre
1391 2261 1513 2299 cose,
1546 2249 1739 2289 lasciato
1761 2250 1787 2289 11

164 2322 348 2370 mondo,
368 2322 495 2362 darsi
512 2322 618 2362 tutti
636 2333 661 2361 3
679 2321 769 2361 Dio
786 2320 841 2361 N.
861 2319 961 2361 ΞΕ·
981 2320 1033 2361 Ci
1054 2321 1412 2372 marauigliamo
1429 2321 1534 2360 tutti
1552 2320 1672 2360 della
1689 2321 1788 2360 loro

165 2399 419 2433 constanza
441 2399 485 2433 et
506 2394 745 2444 pacienza,
770 2404 986 2443 speramo
1008 2404 1096 2432 003
1117 2392 1145 2431 l’
1169 2392 1295 2432 aiuto
1316 2391 1389 2432 del
1415 2391 1503 2432 ΒΓΕ
1525 2392 1610 2432 0110
1631 2404 1789 2432 sasan-

164 2476 223 2504 no
246 2470 401 2516 presto
423 2464 634 2504 riceuuti.
657 2464 711 2503 Li
733 2465 922 2503 maestri
945 2463 1050 2503 tutti
1071 2462 1319 2503 attendeno
1337 2476 1363 2503 a
1378 2464 1450 2503 far
1466 2464 1493 2502 l’
1514 2462 1666 2504 ufficio
1689 2463 1789 2502 loro

165 2547 252 2575 con
273 2537 316 2575 13
338 2536 555 2586 maggior
575 2535 806 2586 diligenza
829 2535 913 2574 che
935 2546 1105 2586 ponno:
1129 2534 1167 2574 si
1188 2546 1319 2574 come
1341 2546 1459 2574 3300
1479 2534 1544 2585 gli
1571 2535 1676 2574 altri
1701 2534 1787 2573 sra-

164 2607 258 2646 telli
279 2607 308 2646 l’
330 2606 469 2647 ufficii
490 2606 534 2646 di
556 2618 681 2646 casa.

243 2677 417 2728 Questa
447 2677 648 2727 Pascha,
676 2678 853 2718 benche
886 2678 1033 2717 siamo
1064 2689 1155 2717 non
1182 2688 1301 2728 poco
1329 2676 1520 2717 discosti
1554 2677 1675 2716 dalla
1704 2677 1790 2716 fre-

163 2750 348 2800 quentia
378 2749 494 2789 delle
514 2749 663 2799 genti,
695 2748 770 2789 doi
791 2749 917 2788 milia
947 2749 983 2787 si
1015 2759 1151 2798 sono,
1182 2760 1264 2799 per
1284 2748 1327 2788 la
1349 2748 1505 2788 diuina
1530 2748 1787 2787 misericor-

163 2819 259 2870 dia,
283 2819 548 2859 confessati.
574 2819 688 2859 Nell'
724 2820 885 2860 ultimo
914 2819 1080 2859 iubileo
1112 2825 1241 2859 tanta
1271 2818 1561 2859 multitudine
1590 2818 1634 2858 di
1661 2820 1788 2869 genti

217 2955 227 2975 ¹
266 2956 515 2990 Autographae
529 2955 654 2989 duplici
668 2955 758 2989 folio,
774 2963 829 2983 33.
847 2956 896 2983 156
910 2960 943 2983 et
961 2955 1152 2982 157.—Ve1·e
1167 2963 1232 2982 non
1246 2960 1323 2983 sunt
1340 2955 1402 2982 nisi
1427 2956 1581 2982 italicum
1596 2955 1786 2987 exemplum

164 3010 291 3037 earum,
307 3011 392 3038 quas
405 3004 512 3031 latine
527 3003 678 3030 dedimus
693 3010 809 3037 supra.
825 3011 854 3030 n.
871 3011 951 3035 oxu,
968 3011 1045 3037 pag.
1060 3003 1122 3030 321.
1141 3002 1207 3030 Eas
1223 3007 1337 3030 tamen
1352 3003 1405 3030 hie
1422 3004 1494 3030 loco
1511 3002 1690 3030 distinctas
1704 3002 1787 3029 inse-

165 3051 278 3087 rimus,
294 3052 373 3086 quia
388 3052 465 3079 aliis
482 3053 596 3087 lingua
612 3057 645 3079 et
661 3052 713 3079 die
730 3052 864 3087 alioque
883 3053 924 3080 ab
943 3056 1082 3079 auctore
1097 3052 1199 3079 datae
1214 3055 1304 3080 sunt.
