2020 3342
210 243 281 281 696
827 242 1058 278 APPENDIX
1089 251 1221 277 PRIMA

211 340 477 380 sacerdotia
501 339 510 358 ¹
534 338 778 390 quaedam,
802 349 921 389 quae
938 337 1029 377 filio
1051 348 1134 376 suo
1155 337 1435 383 obtinuerat,
1455 334 1679 375 Societati
1696 334 1837 373 dona—

193 417 388 458 ,rentur.
413 410 529 449 Cum
550 420 663 448 vero
687 409 790 459 ipsa
810 419 1106 459 nequaquam
1129 407 1378 457 collegium
1398 405 1580 456 erigere
1602 410 1741 455 atque
1758 403 1833 444 do·

211 488 312 521 tare
346 487 518 532 posset.
555 479 726 530 partim
760 479 884 530 quod
919 480 1113 518 multum
1145 478 1268 518 aeris
1306 477 1464 526 alieni,
1507 475 1677 527 partim
1701 474 1833 526 ⁴quod

211 552 329 591 alios
358 551 550 591 haberet
570 550 703 600 filios,
727 550 894 601 quibus
915 550 1163 589 subuenire
1185 554 1381 598 tenetur,
1411 557 1607 597 cumque
1637 547 1831 585 multum

212 621 497 661 desideraret
514 621 602 660 huc
619 620 900 660 Societatem
917 620 1164 669 adducere,
1184 619 1279 669 egit
1297 629 1402 658 cum
1420 617 1609 657 ciuitate
1628 621 1676 655 vt
1696 616 1832 655 simul

212 704 317 732 cum
342 704 395 732 ea
419 692 690 732 conueniret
717 691 764 731 in
791 691 1102 731 construendo
1132 689 1345 740 collegio,
1375 689 1435 728 ad
1465 688 1595 728 cuius
1624 692 1833 727 constru-

212 764 413 803 ctionem
448 763 653 814 pollicita
689 769 759 802 est
781 763 944 811 solum,
983 761 1120 812 quod,
1158 768 1208 800 vt
1239 761 1383 809 aiunt,
1414 759 1503 798 tria
1531 758 1674 798 millia
1709 758 1833 797 valet

212 844 484 882 aureorum,
522 833 787 884 relinquens
818 832 996 872 ciuitati
1026 831 1264 882 negotium
1299 829 1617 870 aedificandae
1652 827 1832 878 domUS‚

213 905 374 944 eadem
396 904 596 944 Domina
619 911 840 943 curatura
861 909 912 942 vt
933 902 1199 943 sacerdotia
1222 901 1375 941 Patris
1396 900 1589 940 Antonii
1610 899 1717 938 huic
1738 899 1832 938 uni-

212 982 373 1015 rentur
408 975 625 1024 collegio;
663 974 974 1026 patefecitque
1010 973 1212 1012 ciuitatis
1243 971 1557 1024 praefectibus
1586 970 1830 1020 rationem,

211 1057 349 1097 quam
370 1045 579 1085 Societas
600 1046 645 1084 in
669 1045 878 1095 collegiis
899 1052 1069 1094 seruet,
1094 1043 1217 1094 quod
1238 1043 1328 1083 illis
1348 1043 1432 1083 fuit
1464 1048 1650 1092 gratum
1678 1041 1834 1080 admo-

213 1117 344 1167 dum;
368 1117 431 1156 ita
463 1123 513 1156 vt
545 1116 604 1155 ad
632 1115 894 1155 aedificium
924 1115 1197 1165 erigendum
1225 1114 1316 1153 sint
1349 1112 1542 1164 polliciti
1571 1112 1660 1151 tria
1690 1111 1831 1151 millia

211 1196 478 1232 aureorum3
505 1194 548 1226 et
570 1199 595 1226 a
618 1186 805 1226 domina
823 1186 1099 1226 Marchiona
1120 1185 1293 1236 petiere
1309 1185 1484 1233 literas,
1509 1183 1675 1234 quibus
1705 1181 1832 1221 Patri

210 1258 415 1298 Antonio
444 1257 731 1307 significaret
754 1258 935 1296 veniret
962 1268 1152 1307 remque
1180 1256 1328 1307 ipsam
1360 1254 1622 1294 inchoaret:
1648 1252 1831 1303 ipsimet

210 1336 453 1379 praeterea
477 1329 535 1368 ad
556 1329 768 1368 eumdem
790 1327 976 1367 Patrem
997 1328 1157 1366 literas
1174 1326 1415 1373 dederunt,
1437 1324 1605 1364 obnixe
1623 1329 1832 1374 petentes

210 1407 260 1438 vt
293 1411 376 1439 sua
408 1399 631 1439 beneficia
664 1398 973 1447 vniuersitati,
1005 1409 1144 1448 quam
1176 1397 1356 1446 erigere
1386 1400 1590 1446 sperant,
1620 1405 1832 1433 accomo-

210 1470 322 1509 dai'e
344 1471 499 1509 vellet.

292 1539 494 1581 Domina
522 1547 677 1580 autem
705 1539 977 1579 Marchiona
1011 1539 1196 1590 scripsit
1225 1538 1282 1578 ad
1314 1537 1499 1577 Patrem
1528 1537 1832 1576 Franciscum

213 1612 332 1651 Vtin
354 1624 408 1651 ea
436 1623 485 1651 re
516 1612 703 1651 modum
730 1612 1051 1662 rationemque
1081 1616 1330 1650 statueret:
1364 1609 1486 1661 quod
1515 1609 1669 1648 facere
1695 1607 1833 1647 Pater

211 1694 317 1722 cum
352 1683 653 1731 decreuisset,
691 1682 969 1733 Patremque
1004 1682 1344 1721 Prouincialem
1383 1681 1396 1698 ‘⁴'
1432 1679 1741 1719 consuluisset
1776 1678 1832 1717 de

210 1753 314 1797 illis.
340 1754 417 1804 qui
439 1754 733 1793 mitterentur
755 1753 813 1792 ad
835 1753 1149 1804 auspicandas
1170 1752 1408 1802 lectiones,
1432 1752 1500 1790 sic
1522 1750 1644 1790 enim
1665 1749 1832 1789 ciuitas

210 1825 345 1864 simul
362 1833 405 1864 et
424 1825 609 1864 domina
626 1825 899 1864 Marchiona
916 1823 1303 1874 efflagitauerant‚
1318 1822 1608 1871 Marchiona,
1624 1821 1829 1872 inquam,

210 1895 486 1945 promittens
507 1907 556 1935 se
580 1895 796 1935 Patribus
817 1895 1084 1934 necessaria
1102 1895 1574 1943 subministraturam,
1593 1892 1741 1931 donec
1758 1892 1831 1931 be-

209 1965 480 2005 neficiorum
502 1966 752 2017 applicatio
774 1967 967 2005 ueniret.
992 1966 1106 2005 Cum
1128 1977 1239 2005 uero
1267 1964 1314 2004 Ρ.
1348 1964 1629 2004 Franciscus
1660 1963 1706 2002 in
1736 1961 1831 2002 Sal-

210 2037 463 2077 manticam
497 2038 808 2088 peruenisset,
842 2044 888 2076 vt
916 2036 1021 2076 inde
1051 2037 1139 2076 huc
1168 2043 1295 2076 recta
1323 2035 1720 2087 proficisceretur,
1748 2032 1832 2073 Pa-

209 2107 292 2147 tris
313 2107 526 2158 Magistri
556 2108 736 2147 Natalis
768 2108 1027 2147 obedientia
1061 2106 1072 2123 ⁷*
1105 2119 1209 2147 eum
1241 2106 1503 2157 occupauit,
1536 2117 1626 2156 qua
1656 2103 1833 2156 praeci-

208 2178 363 2228 piebat
384 2178 674 2218 Lusitaniam
696 2179 840 2218 adire.

288 2248 418 2288 Tunc
441 2248 490 2288 Ρ.
514 2249 796 2289 Franciscus
817 2250 939 2289 misit
962 2249 1145 2289 Patrem
1168 2249 1439 2294 Antonium,
1470 2247 1656 2287 Patrem
1687 2245 1832 2296 Magi-

208 2326 355 2359 strum
378 2320 680 2359 Benedictum
702 2319 715 2338 ⁴
738 2327 875 2372 atque
896 2320 1109 2360 Fratrem
1131 2319 1422 2360 Bernardum
1453 2316 1481 2366 5,
1512 2317 1772 2357 Montiliam
1799 2316 1828 2364 ⁶,

209 2390 287 2429 vbi
308 2390 494 2430 domina
516 2390 794 2431 Marchiona
818 2392 929 2441 agit.
949 2391 1082 2430 Prius
1100 2398 1256 2430 tamen
1273 2390 1527 2440 scripserat
1545 2389 1604 2428 ad
1620 2387 1668 2428 Ρ.
1690 2388 1831 2427 Fran·

261 2572 270 2592 ¹
311 2572 449 2599 Rectius
462 2573 627 2601 fortassis.
642 2574 698 2600 scd
714 2574 836 2600 saltem
852 2573 1061 2607 frequentius
1090 2574 1308 2607 appellantur
1324 2573 1564 2600 ecclesiastica
1581 2572 1761 2605 beneficia.

260 2618 274 2636 2
312 2620 347 2646 P.
363 2621 549 2647 Antonium
566 2622 688 2653 Araoz,
706 2622 810 2648 totius
827 2620 1022 2654 Hispaniae,
1040 2622 1116 2648 duni
1132 2622 1170 2648 de
1187 2622 1239 2648 his
1253 2621 1310 2655 agi
1334 2626 1491 2654 coeptum
1511 2624 1573 2651 est,
1596 2620 1832 2653 Praepositum

211 2666 474 2694 Provincialem.

260 2713 275 2732 5
313 2714 348 2740 P.
363 2715 589 2750 Hieronymus
604 2715 739 2742 Natalis
756 2715 986 2742 Commissarii
1004 2716 1211 2742 auctoritate
1228 2715 1260 2742 in
1277 2715 1442 2749 Hispania
1456 2714 1673 2747 fungebatur.

264 2762 278 2781 4
315 2762 401 2789 Vide
416 2763 565 2789 Pomm-m
584 2762 786 2794 Clzromcon,
800 2768 824 2790 t.
841 2770 888 2795 111,
904 2771 982 2797 pag.
993 2763 1056 2795 316,
1072 2771 1102 2789 n.
1118 2763 1170 2789 706
1184 2767 1217 2789 et
1232 2768 1346 2789 annot.
1365 2763 1387 2793 1,
1402 2768 1435 2789 et
1450 2769 1528 2796 pag.
1541 2762 1604 2793 364.
1620 2770 1652 2788 n.
1666 2761 1728 2788 793.

261 2807 275 2827 ⁵
313 2809 421 2844 Hujus
438 2811 540 2837 etiam
556 2818 741 2843 cognomen
755 2810 1031 2843 praetermittunt
1045 2811 1099 2843 qui
1114 2810 1152 2836 de
1166 2810 1217 2836 his
1229 2810 1409 2843 scripsere.
1422 2809 1646 2842 SANTWAX'EZ,
1659 2810 1680 2835 1.
1693 2816 1732 2841 c.,
1746 2809 1801 2835 lib.
1812 2815 1834 2839 Ι,

209 2864 282 2890 cap.
300 2858 341 2890 11,
357 2865 386 2883 n.
403 2858 428 2890 2,
444 2858 501 2884 ait:
516 2864 538 2890 y
556 2865 602 2883 un
617 2857 788 2883 hermano
804 2858 986 2888 coadjutor
1000 2857 1157 2883 llamado
1174 2856 1308 2883 Βριίιαι
1319 2857 1372 2883 do.

259 2902 274 2922 6
311 2903 394 2930 Tum
407 2912 447 2930 ex
460 2905 523 2931 hac
536 2905 690 2938 epistola,
706 2910 774 2931 tum
786 2911 826 2931 ex
843 2904 1140 2935 POLAN>31Clzron.,
1152 2910 1175 2931 t.
1191 2912 1238 2936 111,
1251 2912 1329 2938 pag.
1342 2903 1404 2935 343.
1415 2911 1445 2931 n.
1458 2903 1511 2931 760
1525 2908 1558 2930 et
1572 2911 1653 2938 seq..
1667 2903 1834 2935 corrigen-

208 2950 240 2978 di
251 2955 328 2978 sunt
343 2950 558 2978 SnnrrvAfi'ssz
575 2956 606 2977 et
624 2951 706 2983 Roa,
722 2952 799 2978 dum
814 2952 849 2978 Ρ.
864 2951 1081 2978 Franciscum
1097 2952 1136 2978 de
1153 2951 1257 2986 Borja
1272 2952 1371 2978 sunul
1387 2959 1461 2978 cum
1477 2951 1513 2978 P.
1531 2951 1679 2978 Antonio
1698 2951 1737 2977 de
1754 2949 1832 2977 Cor-

207 2998 295 3025 doba
310 2997 498 3025 Montillam
518 2998 716 3032 pervenisse
738 3002 892 3026 narrant.
915 2998 1001 3026 Vide
1017 2998 1241 3032 SAxrthK'EZ,
1264 3006 1319 3032 op.
1332 2999 1401 3031 cit.‚
1417 3000 1473 3025 lib.
1490 3006 1511 3031 ι,
1528 3006 1552 3025 e.
1571 2997 1736 3025 11.—ltcm
1754 2997 1836 3024 Car·

206 3047 263 3071 tas
278 3045 320 3072 de
335 3045 406 3072 San
423 3045 576 3078 lguacio,
593 3051 615 3072 t.
632 3053 664 3080 V,
680 3047 741 3073 loc.
758 3046 814 3072 cit.
