2020 3342
1737 262 1759 298 [Q

1762 262 1808 300 ae

895 262 978 300 AN.
1008 262 1098 300 1556

821 713 1180 768 ODXCVIH

254 949 299 986 P.
321 949 372 987 N.
394 950 517 993 Ruiz‚

298 1014 366 1052 Ex
383 1014 702 1052 commissione
723 1015 864 1053 Patris
884 1015 1034 1052 Basilii
1055 1013 1173 1061 (olim
1193 1013 1426 1061 Alphonsi)
1444 1013 1593 1059 Avila,

348 1080 468 1118 Patri
490 1080 654 1128 lgnatio
674 1080 728 1117 de
746 1080 932 1127 Loyola.

393 1143 603 1191 Granata,
623 1144 672 1183 30
693 1145 859 1193 Aprilis
884 1144 974 1182 1556
998 1146 1019 1180 ¹.

941 1301 1037 1378 Πὲε

261 1498 424 1539 Gratia
447 1504 490 1538 et
511 1510 603 1550 pax
625 1498 812 1539 Domini
839 1498 986 1538 nostri
1006 1498 1110 1551 Jhu.
1136 1497 1310 1539 Christi
1330 1497 1387 1538 sit
1410 1508 1594 1548 semper
1616 1497 1660 1537 in
1693 1498 1806 1537 dies-

180 1581 266 1621 que
288 1576 470 1609 crescat
491 1569 536 1608 in
558 1569 777 1609 cordibus
796 1569 983 1609 nostris.
1007 1568 1174 1609 Amen.

258 1640 409 1680 Tanta
431 1646 499 1680 est
520 1640 648 1680 vrbis
665 1641 801 1681 huius
818 1640 1083 1680 meolarnm
1100 1652 1213 1691 erga
1232 1644 1424 1680 nostrae
1443 1640 1693 1680 Socz'etatz's
1711 1641 1805 1679 Pa-

179 1715 278 1751 tres
299 1715 438 1762 atque
448 1712 643 1762 fratres
665 1712 850 1751 dilectio
870 1723 923 1751 ac
946 1712 1143 1761 deuotio,
1166 1711 1416 1751 admodum
1437 1711 1536 1751 R.de
1554 1712 1599 1751 in
1619 1711 1804 1751 Christo

180 1782 332 1833 Pater,
356 1788 406 1822 vt
428 1789 471 1823 et
492 1783 656 1822 merito
679 1783 970 1832 erubescere,
1001 1788 1044 1822 et
1075 1782 1286 1822 Creatori
1308 1795 1363 1822 ac
1391 1782 1692 1834 Redemptori
1724 1794 1800 1821 no-

179 1859 275 1893 stro
291 1854 472 1904 gratias
488 1865 629 1905 agere
647 1854 913 1903 debeamus,
934 1852 1018 1904 qni
1033 1865 1121 1892 sna
1139 1853 1348 1893 mirabili
1358 1853 1666 1904 proludentia
1686 1852 1803 1892 talia

178 1924 329 1964 media
351 1925 542 1964 ordinat
562 1935 616 1964 ac
643 1924 852 1975 disponit
874 1925 935 1963 ad
961 1924 1230 1975 profectum
1257 1924 1546 1971 animarum,
1569 1935 1687 1974 quas
1719 1935 1803 1962 sno

173 1996 521 2046 pretiosissimo
562 1995 802 2046 sanguine
832 1995 1040 2035 redemit.
1079 1995 1199 2035 Hinc
1228 1995 1349 2035 enim
1384 2001 1563 2035 tantum
1592 1995 1806 2046 prouenit

177 2067 494 2117 emolumenti,
518 2073 616 2106 tam
637 2067 683 2106 in
706 2066 1007 2107 concionibus
1029 2065 1489 2117 confessionibusque
1510 2066 1805 2113 aversena'is,

177 2149 316 2189 quam
336 2138 381 2178 in
399 2138 501 2178 aliis
518 2138 661 2178 nostri
682 2138 878 2177 instituti
894 2137 1177 2187 ministeriis,
1202 2137 1368 2189 quibus
1386 2137 1648 2176 animarum
1667 2138 1804 2177 saluti

178 2209 447 2259 consulitur,
477 2214 527 2248 vt
547 2208 682 2248 facile
704 2209 908 2259 perspici
928 2208 1075 2259 possit
1095 2207 1247 2248 Deum
1270 2207 1506 2258 Optimum
1528 2207 1803 2247 Maximum·

177 2291 264 2331 que
296 2286 486 2331 propter
507 2279 697 2319 nimiam
721 2279 1010 2327 charitatem,
1042 2290 1132 2329 qna
1168 2278 1340 2318 dilexit
1369 2290 1471 2327 nos,
1493 2279 1614 2318 hanc
1646 2279 1804 2330 populi

179 2350 473 2400 deuotionem
504 2351 756 2397 excitasse,
788 2358 836 2390 vt
872 2350 963 2399 illa,
1002 2351 1127 2390 uelut
1162 2350 1364 2400 quodam
1398 2351 1552 2400 hamo,
1593 2350 1804 2390 homines

181 2422 432 2462 sceleribus
453 2422 696 2461 immersos
718 2421 776 2461 ad
798 2432 846 2461 se
868 2421 1087 2460 alliceret.

257 2492 490 2544 Imprimis
519 2504 719 2544 namque
750 2492 816 2542 (vt
848 2491 903 2531 de
935 2491 1306 2532 confessionibus
1338 2493 1568 2532 rationem
1595 2492 1802 2542 reddam)

177 2563 376 2615 plurimi,
407 2575 512 2603 cum
542 2574 741 2614 magnae
771 2563 983 2602 Vtilitatis
1013 2563 1356 2619 experimento,
1385 2564 1668 2614 generaliter
1698 2575 1801 2603 con·

176 2634 285 2674 fessi
305 2641 424 2684 sunt,
449 2645 646 2686 quorum
668 2634 804 2673 saluti
827 2634 960 2673 aliter
982 2633 1218 2673 subueniri
1240 2645 1334 2673 non
1356 2640 1560 2685 poterat:
1584 2634 1660 2685 qui
1687 2633 1803 2673 soli-

175 2708 225 2744 ta
258 2705 443 2745 incuria
477 2705 535 2745 ad
571 2706 659 2745 hoc
693 2711 1039 2744 sacramentum
1072 2710 1294 2755 tanquam
1327 2705 1383 2744 ad
1414 2716 1512 2744 rem
1542 2705 1677 2756 parui
1710 2717 1802 2744 mo-

175 2777 316 2817 menti
337 2777 627 2826 accedebant,
649 2782 693 2815 et
715 2776 896 2815 animae
918 2776 1114 2815 vulnera
1135 2776 1340 2815 exterius
1362 2775 1536 2816 mederi
1560 2777 1801 2816 conaban-

173 2853 261 2897 tur,
294 2847 487 2887 interius
509 2846 694 2898 putrida
717 2852 853 2897 atque
885 2846 1041 2886 letalia
1072 2847 1400 2896 relinquentes.
1424 2847 1614 2887 Plurimi
1642 2847 1801 2891 etlam,

228 2983 238 3003 ¹
278 2984 525 3018 Autographae
543 2983 665 3017 duplici
682 2983 770 3013 folio.
786 2983 893 3017 primo
909 2990 939 3009 n.
953 2982 1016 3015 514,
1034 2982 1144 3008 altero
1158 2989 1223 3008 non
1236 2988 1425 3011 numerato.
1441 2983 1579 3011 Italicis
1591 2983 1802 3011 characteri-

174 3031 236 3058 bus
249 3032 443 3059 indicantur
457 3039 508 3062 ea.
525 3038 610 3065 quae
627 3038 646 3057 a
663 3030 809 3058 Polaneo
824 3031 879 3057 vel
892 3034 1025 3057 mutata
1041 3030 1094 3056 vel
1110 3029 1243 3056 omnino
1259 3038 1442 3065 suppressa
1455 3032 1558 3059 fuere.
1576 3031 1729 3059 Litteras
1744 3038 1799 3058 au-

176 3083 243 3107 tem
258 3079 305 3107 sic
321 3079 521 3108 emendatas
536 3078 625 3106 infra
639 3078 866 3114 subjiciemus.
