2020 3342
235 271 304 308 252
738 267 963 305 LITTERAE
989 277 1074 310 QUA
1082 276 1346 304 DR1MESTRES

305 367 455 408 Relati
477 372 582 406 sunt
603 365 648 405 in
670 375 861 405 numero
882 368 1150 404 nostrorum
1166 368 1210 403 et
1231 363 1307 402 alii
1333 362 1423 402 duo
1443 362 1648 412 iuuenes,
1676 361 1769 402 iam
1790 361 1846 401 ad

229 437 485 489 magisterii
506 436 779 487 dignitatem
800 435 964 484 euecti,
989 434 1065 486 qui
1092 439 1137 474 et
1164 434 1313 474 studia
1347 433 1625 483 theologica,
1665 433 1850 484 magnis

227 509 272 548 in
295 520 349 548 ea
372 508 509 548 factis
531 507 872 559 progressibus,
898 506 1211 546 absoluerant.

306 578 532 620 Postremi
553 577 643 619 duo
664 578 793 618 fuere
816 578 860 617 in
881 577 1150 617 liberalibus
1171 576 1348 617 artibus
1378 577 1618 628 licentiati,
1653 587 1849 629 quorum

229 652 367 700 alter,
406 661 511 690 cum
545 649 749 690 nondum
785 648 1063 699 vigesimum
1097 659 1266 688 annum
1303 648 1531 699 attigerit,
1572 648 1766 689 multum
1804 645 1848 687 in

228 722 366 763 trium
388 721 669 772 linguarum,
688 720 875 770 latinae,
898 730 1099 771 graecae
1121 722 1164 759 et
1194 719 1439 770 hebraeae,
1463 718 1627 759 studiis
1657 724 1727 759 est
1749 729 1848 771 pro-

226 803 432 844 gressus:
458 791 729 832 adolescens
751 801 924 842 magna
946 790 1121 841 ingenii
1142 790 1397 841 celeritate,
1422 802 1508 830 nec
1536 790 1704 831 minori
1725 795 1850 830 tena-

227 865 368 904 citate
391 874 444 903 ac
467 863 690 904 facilitate
712 858 1274 913 memoriae‚'praeditus;
1296 861 1359 901 ita
1381 872 1493 902 sane
1522 873 1547 902 a
1576 860 1752 902 teneris
1773 872 1851 901 an-

226 935 297 975 nis
319 933 501 974 deditus
523 934 697 983 uirtuti,
731 939 779 973 ut
816 944 842 973 a
872 938 1039 973 natura
1075 932 1118 972 εί
1144 933 1298 984 potius
1334 932 1488 983 insita,
1525 943 1666 984 quam
1686 932 1846 973 labore

228 1012 380 1057 parta,
402 1005 630 1045 uideatur.

305 1076 452 1127 Alius,
477 1076 554 1128 qui
575 1087 721 1127 nuper
743 1075 974 1115 admissus
990 1081 1074 1125 est,
1095 1075 1301 1115 omnium
1318 1080 1580 1126 postremus
1596 1074 1847 1116 succurrit.

227 1147 432 1188 Dederat
454 1147 490 1187 is
509 1158 700 1198 operam
723 1147 908 1194 (artium
929 1157 1068 1186 cursu
1089 1146 1314 1187 foeliciter
1333 1147 1538 1198 peracto)
1557 1157 1650 1186 non
1679 1145 1852 1186 theolo-

228 1218 339 1269 giae
360 1218 439 1258 sed
461 1218 730 1267 medicinae,
752 1218 797 1257 in
818 1229 907 1269 qua
929 1217 1213 1258 addiscenda
1231 1224 1324 1258 tam
1346 1223 1532 1258 strenue
1554 1229 1603 1258 se
1619 1223 1848 1269 gesserat,

228 1295 276 1329 ut
297 1290 399 1330 loco
431 1289 765 1351 magistrorum
793 1300 982 1329 suorum
1011 1300 1112 1329 eam
1138 1288 1320 1341 publice
1349 1300 1520 1340 magno
1546 1288 1849 1330 scholastico-

228 1372 329 1400 rum
350 1361 576 1412 applausu
598 1360 800 1400 doceret.
824 1359 918 1400 Nos
940 1359 1124 1411 quidem
1146 1360 1319 1411 ingenii
1340 1360 1438 1400 eius
1459 1360 1717 1412 periculum
1738 1360 1846 1400 feci-

230 1443 346 1482 muS,
370 1437 414 1472 et
436 1442 656 1483 magnam
677 1430 732 1471 de
750 1431 1045 1471 adolescente
1067 1431 1364 1482 concepimus
1387 1431 1666 1483 opinionem.
1699 1432 1750 1472 In
1772 1431 1851 1471 ad-

226 1502 521 1544 mirationem
538 1502 832 1543 adducuntur
849 1502 925 1553 qui
942 1502 1069 1543 illum
1085 1508 1191 1542 ante
1208 1508 1451 1550 nouerant,
1472 1508 1568 1543 tam
1589 1502 1724 1543 facile
1748 1513 1852 1543 eum

228 1574 563 1626 contempsisse
598 1579 754 1614 tantos
789 1573 1010 1622 honores,
1046 1574 1309 1625 uoluptates
1345 1585 1400 1614 ac
1435 1573 1644 1624 diuitias,
1683 1573 1852 1626 quibus

227 1644 402 1696 perfrui
424 1650 620 1697 poterat,
643 1644 682 1684 si
704 1644 938 1692 uoluisset,
964 1643 1243 1684 offerebatur
1260 1645 1382 1684 enim
1401 1644 1492 1685 iam
1510 1644 1551 1685 ei
1568 1656 1659 1685 non
1677 1645 1847 1696 exigua

224 1716 451 1767 pecuniae
466 1716 558 1766 vis,
574 1716 613 1756 si
629 1715 948 1756 curationibus
966 1715 1310 1767 aegrotantium
1324 1727 1496 1756 uacare
1515 1715 1669 1756 uellet.
1697 1715 1830 1767 Quan
1841 1737 1853 1743 ·

228 1793 324 1827 turn
340 1787 372 1827 ii
386 1798 469 1827 suo
482 1787 694 1838 exemplo
711 1787 1045 1827 commouerint
1062 1786 1191 1835 alios,
1213 1786 1555 1839 subiungerem,
1582 1787 1673 1827 nist
1687 1791 1852 1838 posset

227 1858 277 1897 sd
299 1858 493 1909 intelligi
515 1871 572 1898 ex
594 1858 662 1907 iis,
688 1870 805 1910 quae
828 1858 939 1908 dixi3
963 1858 1044 1898 sed
1071 1858 1180 1898 illud
1206 1858 1308 1898 loco
1344 1858 1479 1898 huius
1514 1858 1747 1899 adiiciam:
1771 1870 1850 1897 uo-

230 1929 437 1969 cationes
454 1929 620 1969 horum
637 1929 833 1969 fratrum
850 1928 965 1969 adeo
982 1928 1193 1968 efficaces
1210 1928 1435 1979 extitisse,
1455 1934 1502 1968 ut
1519 1929 1845 1978 multi-eorum,

229 2000 503 2041 inconsultis
524 2000 748 2052 patribus,
774 2000 865 2040 imo
887 2006 1137 2052 antequam
1159 2006 1285 2040 certo
1308 1999 1480 2040 scirent
1502 2011 1550 2040 se
1581 2001 1627 2041 in
1649 1999 1853 2041 Societa-

228 2077 321 2111 tem
341 2077 552 2111 nostram
573 2071 880 2123 recipiendos,
906 2071 997 2111 iam
1014 2071 1253 2111 uouissent
1276 2077 1548 2122 perpetuam
1570 2071 1850 2121 castitatem,

232 2148 556 2194 paupertatem
579 2154 633 2182 ac
653 2142 965 2198 obedientiam
987 2154 1035 2181 se
1053 2142 1099 2181 in
1118 2141 1367 2192 Societate,
1391 2142 1610 2194 quamdiu
1624 2143 1850 2193 uiuerent,

230 2214 578 2253 obseruaturos.
604 2212 830 2264 Quodque
864 2224 951 2252 nos
982 2224 1122 2264 supra
1146 2224 1286 2264 quam
1308 2213 1399 2253 dici
1420 2213 1567 2264 possit
1602 2213 1850 2263 exhilarat,

231 2284 343 2324 illud
363 2291 448 2335 est,
472 2290 651 2324 tantam
681 2284 726 2323 in
755 2295 838 2324 sua
861 2284 1106 2324 uocatione
1129 2283 1415 2335 firmitatem
1451 2294 1504 2323 ac
1537 2287 1854 2324 constantzam

230 2366 308 2394 eos
329 2355 544 2405 retinere,
568 2360 790 2406 tantaque
808 2366 913 2395 cum
930 2354 1170 2405 diligentia
1189 2355 1247 2394 ad
1266 2354 1596 2406 perfectionem
1613 2355 1851 2404 anhelare,

227 2432 276 2466 ut
297 2427 342 2466 in
365 2426 640 2475 obedientia,
665 2425 1021 2465 mortificatione
1044 2433 1086 2465 et
1108 2425 1274 2476 quouis
1301 2425 1498 2466 aliarum
1529 2426 1753 2466 uirtutum
1772 2437 1851 2476 ge-

229 2508 354 2547 nere,
379 2498 591 2548 exemplo
613 2496 852 2548 quibusuis
875 2496 977 2536 aliis
999 2507 1100 2536 esse
1118 2496 1310 2547 possint.
1335 2494 1508 2536 Omnes
1525 2496 1724 2548 profecti
1745 2503 1852 2537 sunt

229 2568 338 2608 hinc
356 2567 634 2608 Simanchas
650 2567 698 2606 sn
721 2568 911 2607 domum
927 2566 1226 2618 probationis,
1247 2567 1393 2607 tribus
1410 2567 1633 2619 exceptis,
1657 2578 1853 2619 quorum

233 2639 323 2679 duo
346 2639 473 2679 missi
495 2645 602 2679 sunt
623 2638 923 2688 Plazentiam,
950 2637 1112 2678 tertius
1132 2648 1243 2677 uero
1266 2637 1625 2678 Barchinonam.

313 2709 428 2750 Sunt
453 2710 544 2758 alii,
571 2709 649 2761 qui
681 2710 833 2749 locum
868 2709 987 2748 inter
1022 2714 1207 2748 nostros
1238 2708 1328 2747 sibe·
1358 2708 1458 2748 dari
1488 2710 1735 2759 postulent,
1760 2721 1853 2749 non

230 2780 484 2820 minoribus
506 2780 790 2820 ornamentis
810 2778 1009 2830 praediti
1031 2789 1171 2829 quam
1191 2778 1236 2825 ii,
1266 2777 1321 2818 de
1344 2779 1508 2830 quibus
1532 2779 1712 2831 scripsi:
1748 2791 1855 2820 cum

230 2852 428 2901 primum
450 2850 623 2890 factum
645 2850 782 2890 fuerit
805 2849 1179 2901 perseuerantiae
1203 2860 1362 2889 eorum
1393 2849 1681 2901 aliorumque
1709 2850 1850 2890 dono-

232 2933 333 2962 rum
356 2921 625 2972 periculum,
656 2921 884 2971 eligentur
905 2920 949 2969 ii,
982 2920 1057 2971 qui
1086 2925 1244 2959 nostro
1279 2920 1488 2960 instituto
1518 2920 1855 2961 commodiores

236 2993 529 3033 uidebuntur.

317 3063 505 3104 Praeter
539 3062 883 3113 confessiones,
923 3073 1037 3114 quas
1060 3061 1183 3101 domi
1216 3061 1377 3102 Patres
1412 3063 1559 3102 nostri
1593 3063 1856 3113 frequenter
