2020 3342
255 228 302 262 oo
751 225 977 262 LITTERAE
1003 236 1361 268 QUADRIMESTRES

256 327 393 372 pacto
427 320 605 360 nobiles
641 321 713 368 (ob
749 321 838 360 loci
869 321 1311 372 incommoditatem)
1344 328 1588 362 matronae
1616 333 1669 360 eo
1696 332 1746 360 se
1776 332 1882 360 con-

256 391 378 431 ferre
413 391 683 442 dignentur;
720 391 888 431 adsunt
925 397 969 431 et
1003 403 1060 431 ex
1095 392 1375 443 legisperitis
1411 391 1642 442 permulti,
1680 391 1757 442 qui
1788 391 1880 431 iam

261 474 345 513 per
364 461 597 502 trimestre
619 462 820 512 spatium
843 462 1164 502 continuatam
1186 462 1464 502 concionem
1493 473 1586 501 non
1612 460 1878 512 praetermi-

261 538 443 582 serunt;
468 538 666 582 augetur
686 532 732 572 in
753 532 851 572 dies
871 544 1108 572 numerus.
1133 533 1264 573 Pium
1287 533 1470 572 illorum
1492 531 1708 571 affectum
1730 531 1878 571 decla-

258 609 363 643 rant
385 614 577 642 munera
598 614 690 642 non
712 602 980 653 mediocria,
1005 603 1170 654 quibus
1191 604 1426 650 sacellum,
1458 602 1533 642 ubi
1564 613 1751 642 sacrum
1778 612 1878 653 per-

258 674 428 724 agitur,
453 684 622 712 ornare
643 685 735 712 non
758 673 985 713 desinunt.
1011 674 1199 725 Aliquid
1220 685 1332 713 vero
1351 673 1573 724 temporis
1594 672 1798 723 quotidie
1815 672 1878 713 in-

261 756 392 784 sumo
414 744 460 783 in
481 743 763 794 elargiendis
782 755 1039 794 pauperum
1060 744 1383 795 eleemosynis,
1409 755 1527 795 quae
1549 755 1638 793 res,
1661 743 1748 783 etsi
1764 742 1879 782 leuis

258 815 317 854 sit
346 814 585 866 ponderis,
623 813 744 853 cedit
779 821 935 854 tamen
969 816 1248 865 permultum
1284 815 1331 854 in
1365 814 1571 854 omnium
1598 812 1877 853 aedificatio-

258 897 378 926 nem.
400 885 636 936 Pauperes
657 884 841 924 interim
864 885 1087 925 adhortor
1109 892 1151 925 et
1174 897 1354 935 moneo,
1378 895 1712 935 nonnunquam
1732 894 1835 924 sum
1851 895 1879 923 a

259 955 567 1004 confessione,
592 966 776 994 sacram
797 955 1015 1006 synaxim
1036 956 1242 1007 porrigo,
1277 956 1492 1006 omnique
1523 960 1764 994 armatura
1790 953 1877 1004 spi·

258 1026 415 1066 rituali
435 1025 716 1074 communio,
740 1032 789 1064 vt
810 1025 1026 1065 fortiores
1048 1025 1251 1065 euadant
1277 1025 1504 1065 aduersus
1531 1025 1724 1064 insidias
1750 1024 1877 1064 mali-

258 1098 339 1147 gni
361 1097 523 1145 hostis,
547 1096 732 1147 quando
755 1108 813 1135 ex
834 1096 922 1136 hac
943 1096 1040 1136 vita
1063 1097 1266 1147 migrare
1288 1096 1530 1146 contingit.

337 1167 504 1206 Dicam
526 1166 649 1217 quod
681 1167 934 1206 maximam
960 1166 1181 1206 laudandi
1211 1167 1463 1206 Dominum
1491 1166 1642 1206 Deum
1673 1165 1876 1206 occasio-

259 1249 365 1277 nem
385 1237 613 1288 praebuit.
644 1236 885 1288 Quaedam
914 1237 1091 1286 mulier,
1122 1249 1277 1277 rerum
1306 1237 1511 1277 omnium
1540 1237 1689 1288 inops,
1724 1234 1875 1288 [quae]

258 1313 406 1347 totam
426 1319 559 1347 suam
579 1307 725 1347 vitam
746 1307 792 1346 in
815 1314 920 1347 actu
944 1308 1200 1347 meretricis
1227 1308 1553 1359 insumpserat,
1583 1318 1730 1359 usque
1758 1306 1874 1346 adeo

260 1384 310 1417 vt
331 1378 393 1417 nil
414 1384 601 1429 praeter
622 1384 756 1428 putre
778 1378 981 1417 cadauer
1000 1387 1186 1428 gestare
1210 1378 1461 1426 videretur,
1486 1377 1543 1417 ad
1561 1377 1604 1417 id
1627 1377 1812 1417 luminis
1833 1383 1877 1416 et

259 1450 442 1500 gratiae
459 1449 684 1500 peruenit,
702 1454 751 1487 vt
770 1448 1020 1498 octiduum,
1038 1449 1308 1499 priusquam
1326 1455 1598 1498 moreretur,
1618 1460 1710 1487 non
1723 1448 1876 1488 ferens

261 1520 478 1571 seipsam,
510 1525 732 1570 perpetuo
759 1525 953 1570 peccata
984 1530 1068 1558 sua
1096 1519 1361 1570 plangebat,
1392 1530 1447 1558 ac
1477 1519 1682 1558 maxima
1710 1517 1875 1558 lachri-

260 1601 441 1630 marum
463 1590 598 1640 copia
621 1589 838 1638 deflebat;
862 1589 1024 1639 primis
1045 1588 1205 1629 diebus
1227 1600 1275 1629 se
1297 1589 1615 1629 misericordia
1634 1588 1876 1640 indignam

261 1660 585 1712 praedicabat;
611 1668 706 1700 tam
732 1660 1004 1700 mirabiliter
1033 1660 1221 1700 tandem
1246 1660 1475 1700 Dominus
1504 1659 1631 1700 Deus
1661 1670 1768 1699 cum
1797 1659 1874 1699 illa

258 1738 327 1771 est
357 1737 591 1782 operatus,
624 1737 673 1769 vt
701 1730 872 1770 sensim
903 1730 958 1770 de
986 1730 1107 1770 illius
1128 1731 1334 1770 bonitate
1357 1743 1410 1770 ac
1432 1730 1753 1770 misericordia
1774 1741 1872 1781 spe-

258 1813 382 1852 rans,
409 1802 619 1841 confessa
649 1802 791 1840 semel
819 1807 956 1852 atque
983 1801 1165 1850 iterum,
1201 1808 1533 1841 sacrosanctae
1562 1801 1872 1841 eucharistiae

255 1878 475 1924 percepto
498 1878 808 1919 sacramento,
833 1871 989 1922 quieta
1011 1883 1066 1911 ac
1088 1872 1336 1922 tranquilla
1358 1878 1510 1911 mente
1531 1871 1744 1923 spiritum
1765 1871 1871 1911 emi-

256 1943 381 1983 serit.

332 2011 383 2053 In
405 2012 593 2052 ciuitate
617 2019 771 2052 autem
792 2024 972 2063 nequeo
994 2012 1266 2052 satisfacere
1287 2012 1357 2062 iis,
1391 2013 1468 2064 qui
1495 2024 1567 2053 me
1598 2018 1677 2053 aut
1704 2024 1872 2053 conso-

255 2083 443 2123 lationis
464 2089 542 2122 aut
565 2083 745 2122 consilii
771 2083 925 2132 gratia
953 2083 1117 2122 crebro
1149 2090 1410 2132 accersunt,
1444 2082 1629 2134 adeunt,
1661 2083 1871 2135 frequen-

252 2160 366 2193 tant.
391 2152 483 2193 Sua
506 2153 695 2203 negotia
717 2154 866 2192 solent
887 2153 1035 2193 sacris
1061 2153 1310 2193 missarum
1338 2153 1574 2193 solemniis
1600 2153 1872 2204 frequentis-

256 2224 370 2264 sime
403 2223 746 2273 commendare,
779 2224 960 2275 experti
987 2235 1079 2263 non
1104 2235 1188 2263 sua
1218 2224 1472 2264 intentione
1504 2226 1570 2272 (vt
1600 2224 1871 2275 retulerunt)

254 2294 396 2334 fuisse
436 2294 751 2334 defraudatos.
796 2293 949 2334 Pridie
988 2293 1256 2334 Natiuitatis
1296 2293 1571 2334 Dominicae
1610 2295 1762 2334 visum
1801 2301 1870 2335 est

251 2365 380 2405 adire
401 2376 630 2414 carceres,
654 2364 868 2415 captiuos
889 2364 1161 2404 consolandi
1182 2365 1353 2415 gratia,
1378 2376 1506 2416 quos,
1530 2371 1779 2416 postquam
1806 2364 1870 2405 fui

254 2435 543 2484 adhortatus,
569 2446 674 2474 cum
708 2435 913 2474 maxima
947 2435 1278 2474 lachrimarum
1308 2436 1442 2486 copia
1471 2436 1673 2487 quinque
1701 2447 1759 2475 ex
1780 2436 1869 2476 illis

255 2512 360 2545 sunt
381 2505 598 2554 confessi,
623 2505 755 2544 cuius
775 2505 843 2544 rei
866 2506 1133 2556 spectaculo
1161 2510 1404 2556 tantopere
1436 2505 1622 2546 fuerunt
1649 2506 1869 2546 commoti

251 2577 480 2628 primores
503 2575 722 2624 ciuitatis,
746 2582 795 2614 vt
817 2575 1003 2625 saepius
1023 2575 1310 2615 inculcat-ent
1331 2587 1380 2615 se
1408 2576 1550 2616 nimio
1578 2576 1754 2616 honore
1782 2577 1870 2616 hoc

252 2645 395 2686 fuisse
421 2645 643 2685 beneficio
673 2644 878 2695 affectos,
909 2645 1157 2685 Dominum
1187 2645 1338 2685 Deum
1368 2646 1669 2686 obsecrantes
1698 2653 1749 2687 vt
1778 2647 1869 2687 tale

254 2716 514 2756 institutum
551 2727 734 2766 semper
768 2715 1025 2766 prouehere
1059 2711 1289 2766 dignetur.
1326 2716 1604 2757 Benedictus
1637 2716 1865 2757 Dominus

250 2787 392 2833 Deus,
423 2786 500 2836 qui
530 2788 670 2825 talem
700 2785 889 2825 odorem
918 2785 1087 2836 ubique
1117 2787 1326 2825 locorum
1357 2786 1413 2826 de
1443 2792 1606 2826 sancta
1636 2785 1868 2828 Societate

249 2856 535 2897 dilectissimi
557 2855 636 2895 filii
658 2856 727 2895 sui
747 2856 857 2908 Jesu
878 2856 1073 2906 spargit.
1098 2855 1400 2895 Rcucrcndus
1421 2856 1651 2897 Dominus
1678 2857 1864 2909 Episco-

247 2938 333 2979 pus
354 2933 634 2978 potestatem
655 2926 927 2966 absoluendi
949 2938 975 2965 a
997 2927 1183 2966 casibus
1205 2927 1290 2966 sibi
1312 2927 1565 2967 reseruatis
1593 2928 1726 2968 nobis
1756 2939 1860 2968 con-

246 2998 399 3047 cessit,
425 3008 513 3048 quo
534 2996 712 3036 fructus
734 2995 920 3036 vberior
943 3002 1063 3036 esset
1085 2997 1131 3036 in
1153 2996 1366 3037 Domino.
