2020 3342
226 199 271 235 14
737 197 963 233 LITTERAE
990 205 1348 239 QUADRIMESTRES

224 305 323 334 rem
356 294 534 345 quoties
563 293 609 333 in
644 293 918 333 concionem
950 291 1225 331 ascendunt?
1248 290 1543 331 Concurrunt
1565 291 1762 343 denique
1792 293 1852 333 ad

224 370 426 415 nostros,
450 376 541 404 non
562 375 686 413 raro,
711 363 979 403 sacerdotes
1007 363 1290 412 complures,
1321 361 1652 412 Magistratus,
1685 362 1855 413 plebeii

220 446 399 485 omnes,
422 435 720 474 vehementer
739 434 978 484 cupientes
996 445 1022 472 a
1039 432 1255 472 Patribus
1271 431 1359 471 sibi
1372 432 1609 483 quidpiam
1625 433 1851 484 praesidii

222 505 443 556 impendi:
476 505 624 544 omnis
653 505 838 544 demum
870 503 1076 543 ciuitatis
1106 508 1256 542 status
1286 502 1346 541 ad
1367 513 1446 542 eos
1462 502 1725 553 frequenter
1747 515 1853 544 con-

225 576 366 615 uolat.

302 645 422 686 Tum
444 651 688 696 praeterea
717 651 904 684 caetera
926 656 1010 684 sua
1041 644 1191 684 officia
1225 644 1470 694 praeclare
1494 650 1785 694 exequuntur
1807 645 1853 684 in

224 716 605 756 administrandis
645 715 967 764 sacramentis,
1005 706 1151 766 vidque
1193 714 1401 766 quotidie
1440 714 1670 765 maxime,
1717 721 1853 766 atque

225 786 385 827 diebus
418 787 548 826 festis
581 785 893 837 frequentius;
932 785 1173 836 potissime
1195 791 1355 824 tamen
1375 785 1601 835 proximis
1632 785 1854 825 diebusin

220 858 516 898 assecutione
555 857 740 896 iubilaei
762 862 861 896 erat
891 862 1023 895 tanta
1053 856 1377 895 accedentium
1406 856 1561 907 copia,
1597 862 1647 895 Vt
1675 856 1755 896 uix
1774 857 1854 896 mi-

222 929 380 968 nistris
398 927 626 968 recitandi
658 939 743 967 nec
766 926 1126 978 conquiescendi
1158 927 1288 966 locus
1311 927 1426 966 satis
1447 932 1726 966 remaneret.
1749 926 1852 977 Quo

221 998 408 1051 quidem
429 1007 636 1050 tempore
661 998 751 1037 duo
774 997 987 1047 magistri
1010 997 1143 1048 (quos
1169 1004 1342 1036 vocant
1365 997 1683 1048 alplmqm‘nos
1707 997 1738 1048 ¹)
1758 1009 1852 1037 sar-

223 1081 516 1119 racenorum,
545 1068 771 1109 valentini
798 1067 946 1118 regni,
968 1067 1257 1118 flagitiosam
1281 1068 1426 1107 uitam
1456 1075 1499 1107 et
1521 1068 1741 1108 vitiosam
1757 1080 1852 1108 mu-

222 1147 343 1191 tare,
380 1140 576 1181 crimina
615 1140 820 1190 aperire,
863 1149 1016 1178 mores
1054 1150 1334 1189 componere
1367 1138 1568 1188 (Christo
1598 1139 1848 1188 trahente),

224 1213 489 1252 decreuere.
521 1210 728 1261 Quorum
764 1211 882 1249 alter
916 1209 987 1249 bis
1023 1209 1117 1249 iam
1152 1216 1314 1260 postea
1350 1210 1592 1250 confessus
1626 1216 1708 1250 est:
1734 1210 1852 1250 alius

222 1283 333 1322 item
349 1282 555 1322 eiusdem
572 1281 790 1330 nationis,
811 1279 1099 1319 incredibilis
1116 1280 1351 1331 perfidiae,
1373 1281 1637 1331 compulsus
1654 1280 1852 1320 veritate

223 1354 317 1405 (qui
339 1353 522 1393 dicebat
543 1353 637 1392 iam
671 1351 985 1403 quadraginta
1016 1351 1150 1391 annis
1187 1351 1459 1401 saepissime
1488 1363 1570 1402 per
1599 1351 1726 1391 uiros
1747 1352 1845 1391 reli-

220 1425 380 1475 giosos
396 1424 538 1463 fuisse
556 1423 868 1472 adhortatum,
889 1433 1087 1473 quorum
1104 1421 1318 1473 precibus
1333 1428 1375 1461 et
1393 1422 1597 1461 consiliis
1614 1433 1851 1473 nunquam

220 1494 485 1546 acquieuit),
509 1506 631 1533 nunc
654 1500 809 1533 autem
830 1492 1223 1532 admonitionibus
1245 1492 1488 1532 cuiusdam
1518 1492 1670 1532 Patris
1701 1492 1849 1533 Socie-

220 1566 330 1606 tatis
365 1565 579 1605 coelestis
614 1564 751 1604 Pater
785 1564 911 1604 fores
945 1563 1178 1603 amicitiae
1213 1564 1411 1614 aperuit,
1448 1570 1587 1614 atque
1620 1569 1671 1602 vt
1704 1563 1853 1604 eidem

223 1636 349 1676 Patri
369 1643 530 1676 nostro
565 1635 873 1675 foetidissima
908 1636 1107 1674 uulnera
1142 1634 1364 1685 dignatus
1399 1641 1468 1673 est
1500 1634 1779 1685 ostenderet;
1808 1643 1852 1675 et

221 1707 619 1757 animaduertitur,
643 1707 680 1745 si
704 1706 880 1757 aliquot
901 1705 1066 1745 Patres
1087 1717 1144 1744 ex
1180 1705 1353 1744 nostris
1390 1706 1571 1752 (saltem
1607 1705 1699 1745 duo
1731 1705 1852 1745 inter

217 1789 300 1818 eos
327 1778 512 1817 assidue
547 1782 863 1826 uersarentur,
898 1776 974 1827 qui
1008 1787 1300 1827 summopere
1337 1787 1423 1815 nos
1458 1775 1670 1826 diligunt)
1694 1776 1845 1826 primo

220 1861 400 1900 quoque
421 1855 629 1899 tempore
652 1849 853 1899 amplam
872 1848 998 1886 uiam
1020 1846 1119 1886 fore
1138 1847 1438 1897 aperiendam
1456 1846 1513 1885 ad
1532 1848 1616 1886 has
1635 1846 1851 1897 perditis-

219 1920 363 1959 simas
396 1920 548 1959 indias
582 1924 595 1943 Ξ
629 1918 992 1970 expugnandas,
1032 1929 1121 1969 quo
1156 1929 1347 1957 munere
1386 1918 1551 1967 ingens
1588 1918 1852 1958 animarum

219 1990 466 2030 thesaurus
488 1996 642 2041 posset
664 1990 709 2029 in
731 1990 912 2029 coelum
938 1988 1184 2039 reportari:
1217 1988 1465 2039 aliquando
1494 1988 1657 2027 Patres
1689 1988 1749 2028 ad
1771 2001 1852 2028 eos

220 2061 591 2112 proficiscuntur,
622 2060 787 2111 quibus
815 2059 1056 2099 sarraceni
1082 2059 1170 2110 ipsi
1198 2059 1333 2098 ualde
1360 2059 1658 2108 congaudent
1688 2065 1732 2098 et
1762 2061 1850 2099 lae-

219 2138 376 2171 tantur
397 2144 452 2172 ac
474 2132 785 2182 gratulantum
810 2137 909 2170 tum
931 2129 1072 2169 etiam
1096 2142 1119 2169 e
1142 2129 1237 2168 uita
1260 2129 1518 2179 migrantes
1540 2130 1717 2169 iuuant.
1740 2130 1849 2170 Alia

220 2209 454 2253 postremo
482 2202 527 2242 id
549 2213 698 2253 genus
719 2202 905 2252 negotia
931 2200 1291 2250 diligentissime
1313 2208 1582 2250 procurant.

297 2273 411 2313 Sunt
433 2274 623 2324 insuper
653 2281 697 2312 et
727 2273 834 2321 alia,
868 2284 987 2323 quae
1014 2272 1197 2311 silentio
1227 2271 1483 2321 praeterire
1511 2283 1603 2310 non
1626 2271 1849 2321 placitum

214 2349 302 2384 est:
326 2355 492 2395 pacem
512 2355 713 2395 namque
735 2344 855 2382 inter
886 2343 1056 2382 multos
1084 2341 1348 2390 conciliant,
1379 2341 1524 2380 iratos
1547 2343 1749 2392 placant,
1776 2353 1846 2381 so-

216 2415 370 2454 lantur
400 2414 619 2461 miseros;
656 2420 700 2453 et
729 2413 999 2452 inimicitias
1029 2413 1149 2452 inter
1170 2411 1409 2451 discordes
1431 2411 1682 2451 moliuntur
1703 2411 1848 2451 extin-

218 2496 376 2535 guere,
399 2485 729 2535 grauissimam
751 2483 1016 2534 praecipue,
1041 2493 1159 2534 quae
1188 2482 1315 2522 hisce
1344 2482 1570 2533 proximis
1599 2482 1761 2522 diebus
1783 2482 1848 2521 in—

217 2555 480 2606 auspicato,
511 2555 665 2594 subito
692 2555 738 2594 in
765 2555 936 2605 populo
973 2559 1041 2593 est
1077 2560 1254 2602 exorta,
1293 2559 1483 2604 propter
1515 2553 1706 2592 caedem
1728 2552 1845 2592 ciuis

216 2626 352 2665 Vnius
372 2637 465 2665 non
486 2625 732 2664 mediocris
753 2624 906 2663 famae
929 2630 972 2663 et
995 2623 1210 2668 nominis,
1235 2634 1341 2662 cum
1363 2630 1517 2662 tamen
1539 2623 1671 2674 pacis
1693 2623 1846 2662 conci-

215 2696 399 2736 liandae
420 2695 573 2746 gratia
596 2702 783 2746 praetor
805 2695 932 2734 urbis
957 2700 1139 2745 patrem
1160 2692 1391 2733 interfecti
1414 2700 1457 2732 et
1475 2694 1574 2733 eius
1593 2699 1847 2733 assectato-

217 2777 292 2806 res
311 2772 501 2817 cogeret
522 2766 734 2805 inducias
755 2765 910 2804 facere
941 2776 1046 2805 cum
1076 2764 1360 2815 parentibus,
1386 2764 1599 2814 cognatis
1629 2770 1674 2804 et
1706 2763 1849 2803 affini-

272 2948 280 2968 ¹
322 2948 409 2975 Vide
426 2953 638 2982 supra,4:.111,
658 2955 737 2981 pag.
756 2948 819 2980 043,
834 2952 948 2974 annot.
968 2947 991 2972 1.

270 2998 283 3015 ²
320 3004 384 3030 que
399 3003 494 3023 serta
511 2998 584 3022 esta
601 2996 713 3022 nerra
730 2997 826 3021 otras
847 2994 977 3021 ludius.
996 2993 1116 3027 Supra,
1134 2998 1157 3020 t.
1175 3001 1222 3025 111,
1240 3002 1316 3029 pag.
1333 2993 1396 3020 733.
