2020 3342
853 289 935 334 AN.
967 289 1056 334 1556
1698 300 1766 337 273

143 398 276 445 gesta
297 398 423 444 sunt,
456 405 560 434 cum
581 406 667 434 nos
688 393 910 445 Princeps
938 393 1199 434 Cardinalis
1223 391 1231 411 ¹
1254 398 1323 433 ter
1351 399 1574 445 quaterve
1597 394 1761 435 invise-

141 472 235 505 ret:
263 470 423 516 postea
448 471 603 505 autem
634 465 692 505 ad
714 476 799 505 nos
829 476 969 516 saepe
991 466 1117 505 Venit
1147 470 1190 504 et
1217 463 1410 515 pedibus
1437 464 1534 506 fere
1564 477 1763 518 semper,

143 542 281 588 atque
301 536 441 576 etiam
463 536 532 576 bis
553 537 599 576 in
620 536 712 577 die:
738 548 828 588 qua
850 536 895 576 in
918 548 965 576 re
988 536 1121 576 facile
1142 535 1342 576 ostendit
1363 547 1452 588 quo
1474 538 1629 577 animo
1653 549 1765 589 erga

142 619 227 648 nos
246 613 367 648 esset
385 607 592 658 affectus,
612 615 656 648 et
677 614 962 659 quantopere
984 608 1071 648 hoc
1093 606 1287 658 collegio
1309 607 1634 660 delectaretur;
1657 621 1765 650 non—

143 690 379 730 nunquam
409 690 521 719 vero
549 679 817 719 vniuersam
846 679 1033 719 domum
1065 679 1210 719 oculis
1241 678 1489 730 lustrabat,
1519 685 1564 719 et
1592 681 1631 720 si
1658 681 1766 732 quid

142 750 262 790 forte
282 750 434 790 minus
456 750 697 790 commode
728 749 1083 790 exaedificatum
1104 749 1314 800 videbat,
1337 755 1388 790 vt
1409 748 1578 800 januas
1599 758 1644 792 et
1665 764 1765 792 cae-

142 826 240 861 tera
262 821 450 872 generis
477 820 696 872 eiusdem,
730 821 775 861 id
803 821 960 862 statim
982 820 1326 861 demoliendum
1355 827 1400 861 et
1428 822 1767 864 aedificandum

143 892 310 932 iterum
350 892 566 933 curabat:
608 892 794 932 hortum
833 904 1015 944 quoque
1054 892 1305 943 inuisebat,
1346 904 1544 945 cumque
1584 894 1764 946 olitore,

141 975 279 1015 quem
299 969 427 1003 certa
448 963 662 1004 mercede
684 963 742 1003 ad
764 963 947 1004 hortum
975 963 1282 1004 excolendum
1312 964 1614 1016 conduxerat,
1638 965 1766 1006 sami-

142 1035 320 1075 liariter
345 1034 595 1075 admodum
628 1034 918 1086 loquebatur.
957 1033 1101 1086 Atqui
1134 1040 1183 1075 ut
1214 1047 1296 1075 eae
1326 1034 1507 1076 fistulae
1537 1037 1766 1089 quampri-

142 1117 268 1146 mum
299 1111 696 1156 construerentur,
727 1106 892 1158 quibus
921 1118 1042 1158 aqua
1070 1106 1114 1146 in
1143 1106 1346 1146 medium
1367 1107 1640 1159 peristylum
1661 1108 1766 1167 edu-

142 1177 290 1218 cenda
325 1182 411 1229 est,
449 1177 711 1229 imperauit;
748 1177 871 1229 quod
905 1177 994 1218 hoc
1024 1183 1232 1228 tempore
1263 1177 1510 1228 diligenter
1538 1178 1600 1219 fit.
1632 1179 1767 1220 Iussit

143 1249 283 1289 etiam
313 1254 364 1289 vt
384 1249 528 1289 antlia
557 1248 958 1299 exaedificaretur,
990 1260 1108 1300 quae
1136 1248 1183 1288 in
1212 1254 1350 1300 puteo
1378 1248 1501 1289 horti
1530 1250 1767 1292 aedificari

143 1325 311 1372 coepta
331 1325 447 1360 erat:
470 1319 591 1360 idem
609 1331 748 1371 saepe
764 1319 996 1370 veniebat,
1021 1324 1069 1359 ut
1087 1331 1176 1371 quo
1198 1325 1335 1371 pacto
1352 1319 1548 1361 artificio
1565 1321 1766 1373 quodam

143 1402 264 1442 aqua
285 1403 343 1431 ex
363 1396 502 1442 puteo
524 1391 803 1442 hauriretur,
828 1396 1076 1442 spectaret.

222 1462 289 1503 Eo
312 1468 466 1502 autem
488 1467 698 1514 tempore
721 1462 847 1502 venit
868 1462 916 1502 Ρ.
940 1462 1210 1502 Ludouicus
1237 1462 1489 1513 Gonzalus,
1512 1469 1563 1504 vt
1593 1475 1667 1504 res
1689 1476 1766 1505 no-

144 1539 267 1575 stras
289 1533 571 1574 domesticas
602 1539 727 1574 recte
758 1533 1040 1586 disponeret,
1074 1534 1290 1586 omnique
1320 1535 1499 1576 ratione
1530 1535 1616 1586 his,
1647 1548 1765 1588 quae

145 1605 322 1646 Romae
350 1605 480 1656 fiunt,
518 1605 691 1646 similes
722 1605 959 1646 redderet:
992 1606 1030 1645 is
1060 1605 1201 1656 igitur
1232 1606 1476 1658 aliquoties
1506 1607 1565 1647 ad
1592 1607 1762 1648 Princi-

145 1688 252 1729 pem
274 1676 571 1717 Cardinalem
592 1676 690 1727 iuit,
714 1688 910 1728 cumque
927 1688 981 1716 eo
998 1682 1067 1716 est
1089 1678 1362 1728 collocutus;
1382 1683 1425 1717 et
1443 1689 1546 1718 cum
1564 1677 1684 1719 idem
1702 1678 1764 1720 fa-

143 1754 269 1788 ceret
291 1748 438 1800 pridie
461 1759 601 1800 quam
622 1747 845 1799 Princeps
873 1748 1134 1788 Cardinalis
1164 1748 1476 1799 Olissiponem
1504 1749 1763 1801 proficisce-

142 1826 284 1870 retur,
320 1819 361 1859 ei
395 1818 658 1860 Cardinalis
693 1819 808 1859 dixit
843 1831 891 1859 se
928 1831 981 1859 eo
1016 1819 1117 1870 ipso
1153 1819 1226 1860 die
1256 1820 1441 1871 vesperi
1467 1819 1526 1860 ad
1556 1832 1641 1861 nos
1662 1833 1764 1863 esse

144 1896 390 1931 venturum
411 1896 461 1930 vt
482 1896 836 1931 sacrosanctum
857 1890 965 1942 Xpi.
990 1902 1174 1942 corpus,
1199 1891 1320 1942 quod
1343 1891 1389 1931 in
1410 1893 1581 1943 templo
1603 1899 1764 1933 nostro

142 1960 380 2010 habemus,
406 1967 544 2002 antea
574 1962 813 2013 salutaret,
845 1973 984 2013 quam
1015 1961 1172 2002 Evora
1203 1961 1477 2003 discederet.
1510 1962 1651 2004 Venit
1682 1965 1764 2015 igi-

143 2038 232 2084 tur,
257 2039 307 2072 vt
328 2033 649 2085 constituerat,
673 2040 718 2074 et
740 2033 968 2084 imprimis
988 2033 1210 2085 templum
1236 2034 1400 2085 petiuit
1429 2040 1487 2084 et,
1512 2034 1633 2086 Xpo.
1657 2035 1762 2087 Opt.

142 2103 267 2145 Max.
291 2105 506 2155 salutato,
541 2104 848 2156 precibusque
880 2105 953 2157 pie
988 2111 1031 2145 et
1060 2105 1278 2156 religiose
1311 2106 1543 2165 adhibitis,
1573 2106 1685 2147 inde
1707 2107 1766 2148 ad

143 2174 331 2216 ianuam
358 2175 607 2227 quamdam
639 2176 705 2216 ire
734 2176 899 2228 coepit,
935 2188 1052 2227 quae
1085 2176 1130 2216 in
1160 2176 1395 2217 hortulum
1425 2183 1621 2229 spectat.
1652 2178 1766 2219 Erat

146 2252 300 2287 autem
322 2246 368 2286 in
389 2247 524 2286 horto
548 2247 595 2287 P.
620 2246 889 2287 Ludouicus
911 2258 1017 2287 cum
1039 2247 1253 2287 omnibus
1275 2247 1371 2288 fere
1400 2248 1638 2300 fratribus,
1672 2249 1763 2301 qui,

146 2317 282 2358 simul
304 2324 442 2369 atque
464 2317 727 2370 Principem
750 2318 1047 2359 Cardinalcm
1068 2319 1299 2370 viderunt,
1320 2319 1545 2360 aduersus
1567 2321 1688 2361 hunc
1705 2321 1766 2361 lo-

145 2400 265 2439 cum,
289 2389 366 2429 ubi
387 2389 484 2440 ipse
507 2395 622 2439 erat,
647 2389 713 2429 ire
736 2396 1004 2440 coeperunt.
1026 2388 1089 2430 At
1111 2402 1223 2430 vero
1242 2390 1465 2443 Princeps
1487 2392 1764 2443 Cardinalis,

146 2459 222 2500 ubi
254 2460 358 2500 illos
386 2460 443 2500 ad
474 2472 522 2500 se
554 2461 794 2501 venientes
826 2461 1084 2513 conspexit,
1118 2461 1257 2502 Patre
1288 2461 1493 2503 'Rectore
1519 2464 1533 2483 ²
1563 2470 1607 2503 et
1636 2464 1765 2504 Mini-

145 2536 241 2571 stro
263 2529 291 2581 ⁵,
316 2531 394 2582 qui
415 2543 507 2571 vna
528 2543 632 2571 cum
655 2543 708 2571 co
737 2538 883 2582 erant,
916 2532 1226 2583 audientibus,
1258 2532 1445 2574 Patrem
1472 2533 1764 2576 Ludovicum

144 2600 406 2653 fratresque
440 2602 647 2643 intuens:
692 2602 760 2643 “O
801 2603 1048 2655 optimum,
1091 2604 1262 2655 inquit,
1305 2606 1529 2656 optimum
1569 2618 1767 2654 conuen-

145 2673 299 2721 tumt„
329 2672 487 2724 Itaque
519 2673 585 2713 eis
616 2672 803 2713 obuiam
832 2675 1061 2725 processit
1090 2686 1234 2726 usque
1265 2675 1322 2715 ad
1352 2677 1643 2729 peristylum,
1676 2689 1767 2730 quo

143 2741 314 2783 fratres
334 2744 604 2794 peruenturi
625 2750 773 2796 erant,
798 2745 992 2796 illosque
1015 2746 1177 2785 codem
1199 2746 1245 2785 in
1266 2747 1369 2787 loco
1405 2748 1633 2799 singulari
1660 2760 1767 2800 qua-

144 2813 251 2854 dam
273 2814 493 2855 comitate
515 2815 712 2867 excepit,
738 2822 891 2868 atque,
916 2817 1080 2856 leniter
1109 2816 1337 2869 arridens,
1372 2818 1500 2859 Patri
1528 2820 1767 2861 Ludouico

199 2973 207 2994 ¹
251 2973 426 3002 Henricus.

196 3021 210 3040 9-
252 3022 288 3048 Ρ.
306 3022 464 3050 Cornelio
480 3023 614 3051 Gomcs.
632 3024 716 3051 Vidc
733 3031 847 3058 supra,
863 3032 940 3059 pag.
955 3025 1015 3057 154,
1031 3030 1146 3053 annot.
1162 3027 1185 3053 1.

195 3068 209 3087 ⁵
252 3069 308 3097 Fr.
326 3069 499 3097 Lionellus
516 3071 555 3097 dc
572 3070 681 3098 Lima.
699 3071 786 3098 Vide
804 3072 891 3100 infra
906 3073 1040 3100 litteras
1056 3074 1193 3102 Antonii
1209 3075 1379 3103 Trancoso
1396 3076 1438 3103 l.u
1453 3075 1663 3110 Septembris
1676 3077 1774 3111 huius

147 3118 226 3144 anni
241 3117 352 3144 datas.

288 3174 343 3213 T.
365 3186 414 3212 1v.
1534 3183 1574 3217 18
