2020 3342
872 251 954 288 ΑΝ.
985 250 1075 288 15ὃὸ
1720 249 1783 286 151

162 353 306 387 tatem
327 347 563 398 postulant
581 347 776 396 admitti,
801 358 996 397 quorum
1018 357 1150 395 unus,
1170 357 1342 396 magno
1365 345 1601 396 religionis
1624 357 1785 385 accen-

163 428 243 457 sus
263 417 507 466 desiderio,
532 429 587 457 ac
610 418 799 468 proprio
816 417 1018 468 quodam
1034 423 1187 456 motus
1209 417 1445 463 instinctu,
1469 416 1568 455 Deo
1590 416 1720 455 uouit
1737 427 1786 455 se

164 487 212 527 in
247 500 350 528 eam
380 489 718 539 ingressurum,
756 489 834 528 ubi
866 488 1067 539 primum
1101 494 1268 527 nactus
1301 487 1439 527 fuerit
1475 487 1785 527 occasionem.

166 558 319 610 Atque
339 558 454 599 haec
477 559 532 599 de
553 571 602 598 re
625 559 845 599 literaria.

245 629 378 669 Nunc
406 630 574 669 addam
602 642 773 681 pauca,
805 642 925 681 quae
952 630 1184 681 prioribus
1213 628 1522 669 adscribenda
1555 628 1785 669 duximus.

165 699 390 751 Quamuis
418 700 539 740 enim
566 713 592 739 a
619 707 780 740 nostro
811 701 901 740 huc
931 700 1134 740 aduentu
1162 699 1505 740 confessionum
1536 698 1789 739 audienda-

164 782 267 811 rum
289 771 557 822 quotidiana
578 782 695 822 pene
715 771 853 811 fuerit
875 771 1133 822 occupatio,
1154 783 1209 810 ea
1224 777 1380 810 tamen
1402 782 1429 809 a
1446 770 1607 821 paucis
1628 769 1789 809 diebus

165 841 366 881 maxime
388 843 549 881 creuit:
573 853 722 892 neque
744 841 799 881 de
820 853 1013 881 numero
1034 847 1213 881 tantum
1234 840 1561 892 gauderemus,
1585 840 1674 880 nisi
1703 851 1789 890 par

166 912 360 962 fructus,
396 911 569 952 Christi
599 913 768 962 gratia,
806 920 1092 963 sequeretur.
1130 911 1261 952 Multi
1287 912 1471 952 fuerunt
1493 910 1785 962 deprehensi,

166 983 259 1035 qui,
280 983 587 1023 confessionis
604 990 743 1034 atque
760 983 1085 1023 Eucharistiae
1103 989 1397 1022 sacramenta
1416 982 1603 1033 saepius
1619 981 1788 1021 adeun-

164 1061 248 1104 tes,
273 1054 492 1105 capitalia
515 1054 653 1093 etiam
674 1061 883 1104 peccata,
907 1055 979 1093 uel
1000 1060 1124 1093 metu
1154 1054 1229 1093 uel
1249 1052 1424 1104 pudore
1446 1052 1680 1104 prohibiti,
1710 1050 1787 1091 ali-

167 1133 277 1176 quot
299 1136 447 1164 annos
473 1125 758 1164 reticuerint:
789 1124 868 1164 sed
897 1125 1072 1164 nostris
1099 1125 1283 1164 demum
1313 1124 1513 1164 confessi
1539 1122 1788 1162 sacerdoti-

164 1195 264 1245 bus,
288 1196 429 1235 ueluti
452 1195 554 1234 fidis
578 1202 714 1245 atque
736 1195 1009 1246 opportunis
1030 1195 1223 1234 medicis
1244 1195 1429 1246 putrida
1452 1196 1643 1233 uulnera
1666 1193 1788 1232 dete-

164 1272 346 1306 xerunt.
381 1265 594 1316 Quidam,
627 1267 909 1306 christianae
942 1265 1215 1317 disciplinae
1243 1266 1451 1316 ignarus,
1485 1265 1609 1304 facto
1637 1264 1786 1304 diuor-

164 1337 243 1384 tio,
268 1348 463 1377 onrem
485 1336 768 1387 deseruerat,
793 1346 931 1388 atque
954 1337 1031 1386 ita,
1056 1338 1154 1377 iure
1186 1336 1469 1376 matrimonii
1498 1347 1659 1375 crassa
1681 1346 1788 1386 qua-

163 1407 270 1447 dam
304 1408 571 1458 ignorantia
606 1409 772 1457 soluto,
809 1420 865 1447 ex
896 1409 1135 1448 uoluntate
1165 1416 1359 1458 uterque
1389 1407 1596 1455 uiuebat;
1627 1417 1787 1445 uerum

163 1490 281 1518 unus
303 1491 360 1518 ex
382 1479 553 1518 nostris
578 1479 790 1518 Patribus
811 1479 1047 1518 hominem
1074 1479 1129 1518 de
1151 1478 1399 1518 commisso
1432 1479 1607 1517 scelere
1633 1477 1787 1516 admo-

163 1561 292 1599 nens,
317 1549 466 1589 effecit
488 1557 535 1589 ut
559 1550 604 1589 in
626 1550 972 1589 sanctissimum
992 1549 1154 1589 foedus
1175 1549 1230 1589 de
1253 1550 1434 1599 integro
1456 1548 1674 1588 redirent.
1698 1547 1785 1588 No-

163 1619 266 1660 bilis
286 1620 514 1671 quaedam
537 1633 591 1659 ac
613 1621 742 1660 diues
765 1628 979 1660 matrona
1011 1632 1070 1660 ex
1096 1620 1246 1659 alieno
1275 1620 1376 1659 uiro
1403 1619 1547 1659 filium
1577 1630 1787 1669 suscepe-

163 1697 250 1741 rat,
274 1703 470 1742 eumque
492 1692 624 1741 quasi
642 1692 796 1731 mariti
814 1692 1051 1743 proprium
1069 1691 1308 1731 eduxerat.
1334 1691 1529 1730 Maritus
1545 1690 1700 1741 igitur,
1720 1689 1787 1728 rei

163 1762 370 1811 nescius,
407 1762 615 1812 spurium
643 1762 892 1802 haeredem
922 1762 1076 1802 facere
1104 1763 1398 1802 decreuerat:
1433 1763 1630 1801 alterum
1659 1772 1784 1811 uero,

163 1843 300 1883 quem
320 1844 378 1871 ex
399 1844 546 1872 vxore
569 1833 783 1881 habebat,
810 1833 1079 1883 legitimum,
1100 1833 1337 1873 Ecclesiae
1361 1833 1615 1872 redditibus
1633 1843 1787 1871 cumu-

163 1903 260 1942 lare
282 1903 534 1953 cogitabat.
562 1902 693 1953 Quod
716 1904 923 1955 iniquum
945 1904 1138 1944 credens
1154 1915 1289 1953 vxor,
1316 1904 1364 1943 P.
1382 1903 1610 1955 joannem
1632 1902 1784 1953 Bapti-

162 1978 282 2013 stam
304 1974 463 2013 adiens
485 1974 617 2025 eique
645 1974 874 2022 confessa,
905 1975 1063 2014 didicit
1091 1987 1210 2026 quae
1231 1975 1435 2014 humano
1469 1981 1606 2025 atque
1629 1973 1785 2012 diuino

162 2043 260 2084 iure
281 2044 380 2084 fieri
402 2045 658 2095 oportebat.
688 2045 848 2096 Itaque
878 2046 1152 2085 confessarii
1181 2045 1345 2085 edocta
1376 2045 1585 2094 consilio,
1616 2045 1784 2084 marito

162 2115 394 2165 persuasit
423 2122 471 2155 ut
498 2116 731 2166 legitimus
760 2116 985 2156 bonorum
1016 2116 1182 2156 haeres
1212 2116 1563 2166 relinqueretur,
1601 2116 1784 2166 spurius

162 2191 317 2225 autem
338 2186 551 2236 religioni
572 2186 879 2227 addiceretur.

241 2256 373 2295 Alter
394 2268 590 2296 onrem
612 2257 657 2296 in
680 2257 907 2297 adulterio
930 2258 1267 2308 deprehensam
1298 2258 1510 2297 occidere
1537 2257 1784 2296 constitue-

166 2331 258 2375 rat;
282 2326 361 2365 sed
392 2327 540 2366 eidem
567 2327 693 2367 Patri
724 2340 808 2368 sua
838 2336 1032 2379 peccata
1063 2328 1302 2378 confitens,
1335 2329 1504 2367 mitiori
1536 2328 1690 2367 animo
1721 2327 1783 2365 fa-

166 2401 283 2446 ctus,
306 2397 481 2436 illatam
503 2399 588 2437 sibi
610 2399 827 2438 iniuriam
849 2400 1067 2439 obliuioni
1088 2399 1292 2439 tradidit.
1320 2399 1543 2450 Pleraque
1565 2399 1654 2438 alia
1678 2409 1783 2438 con-

164 2465 380 2517 tigerunt,
405 2480 463 2507 ex
485 2469 650 2519 quibus
671 2469 729 2509 ad
751 2470 902 2509 Deum
923 2481 1017 2509 non
1039 2471 1259 2521 exiguam
1285 2470 1484 2519 laudem,
1518 2477 1561 2508 et
1593 2469 1651 2508 ad
1681 2480 1783 2520 pro·

163 2536 313 2577 ximos
335 2539 526 2578 multam
547 2540 792 2579 utilitatem
817 2541 1088 2590 prouenisse
1110 2540 1400 2580 confidimus.

242 2607 338 2647 Nec
359 2610 507 2649 solum
537 2610 660 2649 domi
690 2611 797 2650 huic
827 2611 1095 2651 sacerdotes
1127 2620 1354 2651 uacarunt
1385 2612 1578 2661 muneri,
1612 2610 1693 2650 sed
1724 2610 1783 2650 ad

162 2687 376 2718 carceres
397 2681 612 2719 accersiti
630 2681 946 2721 confessiones
964 2681 1210 2729 audiendO,
1232 2683 1552 2733 hortandoque
1569 2682 1780 2731 afflictos,

161 2748 275 2787 nulli
302 2749 546 2790 charitatis
576 2751 724 2790 officio
752 2751 1011 2792 defuerunt.
1044 2752 1294 2792 Praeterea
1324 2765 1443 2792 unus
1474 2766 1532 2792 ex
1561 2753 1783 2793 fratribus

164 2819 336 2858 nostris
357 2820 433 2859 illo
455 2821 572 2860 solet
593 2821 726 2870 itare,
750 2834 896 2874 eaque
919 2823 1131 2863 omnibus
1153 2823 1198 2862 in
1220 2835 1361 2863 unum
1383 2824 1563 2863 uocatis
1590 2823 1779 2874 profari,

159 2898 276 2938 quae
298 2889 356 2929 ad
378 2891 572 2931 salutem
596 2893 790 2943 prosint.
821 2893 871 2932 In
900 2894 1073 2944 aliquot
1103 2894 1241 2933 etiam
1260 2895 1528 2934 monialium
1546 2894 1782 2934 coenobiis

161 2963 204 2997 et
226 2959 460 3009 religiosis
482 2962 674 3002 aedibus
695 2963 739 3002 id
763 2963 810 3002 P.
833 2963 1038 3016 Joannes
1059 2964 1270 3015 Baptista
1290 2976 1429 3015 saepe
1445 2971 1640 3015 rogatus
1656 2964 1779 3004 fecit.

163 3027 215 3067 In
234 3036 397 3069 nostro
419 3042 529 3071 uero
551 3034 722 3084 templo
744 3034 988 3074 dominicis
1017 3046 1071 3074 ac
1093 3035 1221 3074 festis
1243 3034 1404 3074 diebus
1432 3035 1570 3074 habet
1600 3035 1782 3074 concio-
