2020 3342
880 225 964 262 AN.
996 225 1086 263 1556
1724 227 1794 263 479

165 333 219 361 ea
250 321 394 361 animi
426 321 628 372 equitate
656 321 852 361 tacendo
883 322 1071 373 perfert,
1104 329 1152 362 ut
1179 322 1236 362 ab
1267 320 1427 361 inferis
1454 328 1703 362 reuocatus
1727 323 1790 363 vi-

166 391 345 432 deatur.

157 515 160 517 .
246 461 319 502 Ad
340 462 456 502 haec
478 462 667 514 quidam
689 474 831 513 eques
851 469 895 502 et
917 474 1096 503 summo
1119 464 1222 503 loco
1244 469 1398 513 natus,
1422 463 1569 502 tribus
1591 462 1791 502 millibus

166 533 442 572 ducatorum
474 533 579 573 lusu
608 534 727 573 male
759 533 1040 584 profligatis,
1070 544 1267 585 peregre
1300 533 1533 584 proficisci
1560 533 1606 572 in
1636 533 1791 573 animo

165 604 489 651 constituerat,
513 603 716 654 quolibet
738 615 786 643 se
815 604 956 643 exitio
984 604 1176 655 dignum
1198 604 1424 653 iudicans,
1450 610 1493 643 et
1522 604 1568 643 in
1589 603 1792 654 patriam

165 684 401 725 nunquam
424 684 715 723 reuersurus,
738 674 932 714 fratrem
953 681 1109 714 tamen
1130 675 1379 726 quemdam
1400 675 1642 724 allocutus,
1668 673 1792 725 quod

162 744 332 784 mutari
352 756 445 784 non
463 751 661 794 poterat,
687 746 892 785 maximo
914 757 1018 785 cum
1049 746 1208 785 fenore
1229 745 1459 796 pensauit;
1483 756 1592 784 nam
1613 744 1790 784 confes-

162 815 289 854 sione
320 820 500 854 tantum
528 815 758 865 flagitium
789 815 935 865 diluit,
965 823 1009 855 et
1040 816 1083 855 id
1120 822 1188 855 est
1217 815 1447 866 pollicitus
1477 826 1617 866 saepe
1643 814 1789 854 factu-

160 897 278 925 rum.
301 885 436 925 Alius
457 886 640 925 iuuenis
661 894 705 925 et
726 887 914 926 minime
936 886 1148 926 obscuris
1168 887 1415 934 natalibus,
1436 886 1512 936 qui
1529 887 1575 926 in
1593 885 1790 925 decidua

161 963 205 995 et
226 956 430 996 instabili
451 956 587 996 huius
611 956 766 996 mundi
787 957 938 1007 gloria
961 968 1090 1008 spem
1112 968 1297 996 omnem
1325 958 1581 996 collocasse
1602 956 1791 996 Videba-

161 1034 252 1075 tur,
275 1026 366 1066 leui
386 1026 556 1066 iniuria
579 1033 788 1078 accepta.
819 1034 1058 1067 auctorem
1080 1027 1143 1067 rei
1176 1027 1388 1067 occidere
1412 1027 1786 1074 machinabatur3

161 1097 243 1137 sed
264 1109 289 1137 a
312 1097 514 1149 quodam
538 1110 595 1137 ex
617 1098 790 1138 nostris
817 1097 954 1137 Patre
977 1098 1241 1138 admonitus
1270 1098 1445 1137 remisit
1468 1096 1708 1137 offensam.

241 1167 350 1208 Vidi
372 1169 417 1207 in
435 1169 522 1208 hac
545 1169 658 1208 urbe
680 1169 930 1218 hominem,
951 1169 995 1208 in
1019 1176 1227 1208 extremo
1245 1169 1370 1208 vitae
1392 1180 1503 1208 suae
1522 1168 1790 1208 discrimine

160 1238 375 1289 positum,
401 1250 549 1289 neque
571 1241 820 1279 multorum
838 1251 1066 1279 annorum
1083 1240 1234 1290 spatio
1252 1239 1532 1288 confessum,
1552 1239 1642 1288 cui,
1667 1238 1791 1289 quod

160 1309 451 1360 potissimum
479 1317 580 1350 erat
608 1311 653 1349 in
686 1311 870 1350 homine
901 1310 1252 1361 deplorandum,
1283 1310 1564 1360 grauissime
1592 1321 1790 1360 peccare
1813 1312 1816 1315 “

161 1380 344 1419 animus
365 1387 480 1420 erat:
505 1380 701 1431 profecti
723 1388 829 1420 sunt
850 1381 909 1420 ad
930 1381 1165 1420 hominem
1186 1380 1331 1430 multi,
1357 1380 1433 1431 qui
1456 1381 1512 1419 ab
1534 1380 1790 1420 execrabili

160 1451 399 1502 proposito
429 1451 767 1502 pertraherent,
801 1451 1109 1501 declarantes,
1134 1451 1172 1490 si
1204 1451 1249 1490 in
1280 1461 1335 1489 eo
1365 1461 1455 1501 quo
1483 1451 1790 1501 permanebat

159 1527 283 1561 statu
304 1533 328 1560 e
348 1521 469 1561 viuis
497 1522 758 1570 excederet,
784 1533 888 1562 cum
918 1521 1224 1561 daemonibus
1254 1521 1299 1560 in
1321 1522 1537 1571 gehenna
1558 1521 1657 1561 fore
1689 1532 1786 1561 cru-

159 1591 390 1631 ciandum:
422 1603 589 1643 parum
619 1604 703 1632 sua
732 1593 955 1632 interesse
983 1592 1295 1642 respondebat
1326 1591 1372 1631 in
1398 1592 1680 1642 grauissima
1712 1593 1789 1632 illa

160 1663 387 1713 supplicia
406 1662 605 1702 detrudi:
626 1663 796 1702 accidit
810 1670 875 1713 vt,
895 1663 1049 1702 multis
1064 1662 1225 1702 diebus
1242 1662 1509 1711 transactis,
1526 1673 1618 1702 non
1632 1671 1789 1713 potue—

160 1733 219 1772 rit
240 1732 409 1772 adduci
430 1740 479 1772 vt
504 1733 563 1772 ad
585 1733 925 1773 confessionem
958 1732 1218 1772 accederet:
1249 1733 1397 1772 nostri
1428 1732 1615 1772 tandem
1637 1744 1690 1773 eo
1713 1734 1789 1773 de-

163 1803 290 1844 ducti
312 1804 548 1843 hominem
568 1803 669 1844 Deo
692 1805 1070 1844 reconciliarunt.

239 1874 404 1914 Mulier
426 1875 669 1926 quaedam,
695 1886 799 1914 curn
821 1886 986 1926 parum
1013 1875 1133 1914 inter
1161 1886 1240 1914 cos
1263 1875 1550 1925 conveniret,
1575 1874 1789 1924 digressa

160 1950 228 1984 est
249 1957 275 1984 a
297 1945 481 1996 marito,
505 1946 672 1996 laqueo
694 1946 839 1985 vitam
870 1945 1070 1995 finitura;
1102 1945 1203 1985 Viro
1227 1956 1408 1996 quoque
1436 1945 1493 1984 ob
1521 1946 1677 1995 legum
1700 1956 1790 1985 me-

159 2023 256 2056 tum
276 2015 540 2066 recedente;
565 2028 649 2067 per
670 2024 855 2056 nostros
873 2028 1003 2062 vero,
1028 2023 1239 2056 amanter
1257 2016 1507 2066 obiurgati,
1526 2016 1571 2055 in
1588 2017 1791 2067 gratiam

159 2086 345 2126 fuerunt
366 2087 559 2127 redacti.
584 2087 697 2138 Quis
716 2088 857 2138 digna
880 2088 1090 2127 oratione
1106 2094 1417 2138 prosequatur
1433 2098 1678 2126 numerum
1695 2088 1791 2126 lau-

158 2157 418 2197 dandarum
457 2158 709 2208 virginum,
745 2170 863 2209 quae
890 2164 934 2198 et
963 2158 1129 2197 mentis
1158 2164 1202 2197 et
1234 2157 1444 2208 corporis
1474 2157 1790 2208 integritatem

159 2228 295 2268 nullis
312 2240 564 2279 procorum
581 2228 810 2268 illecebris
826 2229 1094 2268 violandam
1113 2228 1297 2268 Christo
1316 2228 1670 2268 consecrarunt?
1687 2229 1790 2279 quis

159 2304 346 2338 enarret
367 2311 460 2349 eos,
485 2300 576 2349 qui,
603 2299 822 2350 pietatem
844 2299 1039 2338 sollicite
1067 2300 1287 2348 colentes,
1311 2310 1403 2338 non
1426 2299 1602 2338 faciunt
1624 2298 1790 2338 orandi

159 2369 316 2409 finem?
336 2365 446 2420 quid
468 2369 506 2408 si
523 2381 602 2409 eos
625 2381 906 2418 enumerem,
927 2370 1004 2420 qui
1022 2370 1080 2410 ad
1097 2376 1312 2409 sanctum
1329 2369 1502 2409 Christi
1525 2381 1693 2420 corpus
1717 2371 1789 2420 pie

160 2451 215 2479 ac
235 2438 356 2490 juste
376 2440 651 2480 sumendum
682 2440 927 2479 dominicis
961 2440 1122 2479 diebus
1144 2451 1199 2479 ac
1226 2439 1357 2479 festis
1387 2440 1433 2479 in
1455 2441 1679 2490 templum
1702 2441 1789 2480 hoc

157 2516 368 2550 nostrum
390 2510 768 2563 progrediuntur,
793 2511 871 2561 qui
892 2522 1102 2560 numero,
1125 2510 1171 2549 ni
1192 2509 1342 2559 fallor,
1367 2510 1554 2550 ducenti
1584 2510 1787 2550 referun-

154 2568 251 2620 tur?
271 2587 514 2632 praetereo
538 2582 615 2632 qui
636 2593 719 2632 per
742 2580 1085 2620 hebdomadam
1103 2580 1224 2620 idem
1246 2580 1457 2621 reddunt:
1481 2587 1728 2631 praetereo
1746 2588 1789 2621 et

158 2663 252 2699 eos,
278 2651 369 2702 qui,
402 2658 450 2690 ut
472 2651 613 2691 animi
636 2652 799 2691 sordes
823 2651 1031 2700 abluant,
1056 2651 1177 2690 hanc
1200 2658 1409 2691 nostram
1431 2652 1618 2691 domurn
1650 2663 1673 2691 e
1695 2654 1788 2690 lon-

155 2717 331 2773 ginquo
355 2729 530 2772 petunt.

164 2788 169 2792 ’
236 2792 349 2832 Illud
371 2804 512 2832 unum
543 2793 730 2833 videtur
750 2794 961 2833 hocloco
994 2793 1256 2843 dicendum,
1287 2792 1550 2839 valentinos
1580 2792 1788 2832 Societa-

159 2863 216 2903 tis
237 2862 349 2916 Jesu
370 2873 466 2903 tam
488 2875 589 2903 esse
611 2864 858 2913 studiosos,
884 2873 932 2903 vt
962 2863 1192 2913 omnibus,
1216 2874 1334 2914 quae
1361 2874 1453 2902 non
1481 2874 1660 2914 paucae
1680 2862 1787 2901 inci-

158 2935 268 2973 dere
290 2936 454 2983 solent,
489 2934 831 2974 calamitatibus
859 2941 1047 2974 nostros
1077 2934 1303 2974 interesse
1332 2934 1581 2984 postulent:
1616 2943 1789 2976 connu-

158 2999 248 3054 bia,
273 3016 392 3056 quae
414 3017 496 3056 per
518 3006 717 3045 diuortia
740 3005 1081 3054 rescinduntur,
1108 3004 1298 3044 Patrum
1316 3004 1546 3043 industria
1569 3003 1789 3043 resarciri
