2020 3342
820 249 904 287 AN.
934 248 1024 286 1556
1666 248 1728 286 161

196 346 330 399 Quod
352 346 411 388 ad
431 347 554 387 uitae
577 358 739 387 eorum
755 358 908 387 mores
926 346 1104 396 attinet,
1123 356 1264 385 unum
1281 345 1369 385 hoc
1392 345 1644 395 affirmabo,
1665 356 1736 385 me

114 419 263 459 nullos
285 417 394 458 alibi
412 429 617 469 unquam
638 417 710 457 his
730 417 902 458 uidisse
926 416 1244 456 modestiores
1268 415 1407 467 quue
1440 415 1495 456 de
1525 416 1737 456 omnibus

114 489 396 541 generaliter
416 488 627 539 dixerim,
651 488 835 528 tametsi
854 499 946 527 non
968 498 1128 527 omnes
1149 498 1294 538 aeque
1320 486 1408 526 hoc
1430 498 1611 538 semper
1632 485 1736 526 fide-

113 560 217 600 liter
237 565 494 611 praestant.
526 558 671 598 Nemo
693 564 848 598 tamen
870 558 1075 598 omnium
1096 563 1179 607 est,
1203 557 1249 597 in
1271 568 1361 609 quo
1382 569 1528 609 graue
1552 558 1735 609 aliquod

115 632 276 671 uitium
304 631 455 671 notari
486 630 646 680 possit.
680 629 972 670 Tractabiles
1002 629 1124 668 enim
1154 635 1276 679 sunt,
1313 634 1357 668 et
1387 629 1446 669 ad
1481 629 1650 678 omnia,
1688 635 1736 668 ut

114 702 257 753 pueri,
292 701 383 741 cito
414 699 662 741 imbuenda
693 699 1041 751 promptissimi.
1072 698 1187 740 Sunt
1215 706 1371 739 tamen
1399 711 1457 739 ex
1484 699 1737 740 maioribus

114 779 242 821 natu,
266 773 343 824 qui
363 772 650 823 singularem
682 771 931 822 quamdam
952 770 1076 810 uitae
1098 782 1209 810 suae
1240 770 1556 810 innocentiam
1578 782 1632 810 ac
1662 757 1738 821 pu·

114 844 300 884 ritatem
328 855 440 895 prae
471 843 574 883 aliis
606 842 692 882 sibi
723 842 974 882 uindicent:
1014 853 1072 882 ex
1108 842 1274 893 quibus
1311 853 1429 881 unus
1460 848 1542 891 est,
1582 841 1661 893 qui
1692 853 1740 881 se

115 916 496 956 concionatorem
517 915 616 954 fore
638 919 850 963 testatur,
874 913 980 953 licet
1001 919 1134 965 pater
1151 913 1264 961 eius,
1285 913 1458 964 alioqui
1478 913 1641 963 bonus,
1662 912 1738 952 ali·

114 993 184 1026 ter
205 985 422 1035 sentiens,
447 985 504 1025 ab
533 996 586 1024 eo
615 984 758 1024 animi
786 984 1026 1035 proposito
1056 995 1160 1024 eum
1187 984 1373 1035 saepius
1401 984 1637 1024 deterrere
1664 995 1740 1023 uo-

113 1057 263 1107 luerit,
289 1056 411 1108 quod
438 1067 676 1107 nunquam
707 1055 932 1096 hactenus
960 1055 1122 1107 potuit.
1146 1054 1235 1095 Hic
1257 1054 1369 1095 dicit
1399 1066 1464 1105 se,
1493 1060 1740 1106 postquam

115 1128 309 1168 idoneus
329 1138 410 1179 per
431 1126 590 1167 literas
611 1126 763 1177 fuerit,
793 1126 912 1166 istuc
938 1125 1134 1166 Romam
1164 1126 1222 1166 ad
1243 1125 1502 1176 Collegium
1530 1131 1738 1165 nostrum

115 1198 255 1239 studii
275 1209 417 1239 causa
438 1203 687 1238 uenturum
713 1208 831 1247 esse;
861 1197 960 1248 ipse
989 1198 1083 1237 iam
1111 1208 1339 1237 annorum
1368 1202 1436 1237 est
1457 1197 1560 1247 plus
1589 1197 1741 1236 minus

120 1270 179 1310 12:
204 1275 383 1310 tantum
403 1268 651 1320 unicuique
672 1273 886 1308 nostrum
913 1268 1101 1308 exhibet
1128 1268 1437 1318 reuerentiae,
1462 1274 1510 1307 ut
1537 1268 1575 1307 si
1603 1279 1737 1319 quem

116 1340 312 1381 audierit
332 1351 417 1380 nos
438 1339 591 1380 dicere
618 1339 872 1390 theatinos,
906 1339 1062 1379 statim
1089 1347 1274 1389 arguat,
1307 1345 1445 1391 atque
1474 1339 1589 1379 adeo
1619 1350 1740 1379 com-

116 1418 357 1452 moueatur
379 1422 433 1450 ac
451 1411 489 1450 si
505 1410 843 1462 blasphemiam
861 1411 1064 1462 aliquam
1081 1411 1366 1462 protulisset.
1386 1409 1519 1450 Alius
1536 1410 1738 1461 quidam,

116 1494 343 1523 annorum
371 1482 557 1522 circiter
591 1481 651 1529 14,
682 1487 813 1522 tanta
848 1493 953 1522 cum
987 1482 1232 1522 deuotione
1263 1493 1317 1522 ac
1352 1482 1524 1533 pietate
1560 1481 1742 1521 accedit

115 1559 279 1606 sponte
307 1565 391 1593 sua
419 1553 478 1593 ad
505 1553 858 1602 confessionem,
893 1559 1115 1604 tantaque
1143 1564 1249 1594 cum
1276 1553 1430 1593 cordis
1462 1553 1741 1592 contritione

114 1631 308 1677 peccata
331 1636 415 1664 sua
436 1624 625 1676 exponit
655 1630 705 1664 ut
726 1635 870 1664 senex
898 1623 1051 1675 potius
1081 1635 1220 1676 quam
1243 1635 1356 1676 puer
1384 1623 1546 1664 haberi
1574 1623 1738 1675 possit:

115 1696 208 1736 iam
235 1695 421 1746 saepius
452 1695 624 1735 factum
654 1695 912 1746 periculum
942 1696 988 1735 in
1018 1707 1072 1735 eo
1093 1701 1178 1745 est,
1207 1707 1319 1735 num
1342 1694 1594 1746 uapulandi
1616 1701 1740 1735 metu

116 1766 227 1807 illud
247 1777 296 1807 se
323 1766 488 1807 fecisse
509 1772 720 1817 negaret,
744 1766 867 1818 quod
896 1766 1081 1806 aliunde
1108 1766 1241 1806 nobis
1270 1766 1328 1806 ab
1357 1778 1410 1806 eo
1438 1765 1614 1806 factum
1641 1777 1742 1806 esse

116 1838 396 1878 innotuerat.
420 1836 581 1889 Neque
602 1837 745 1877 ullum
767 1837 918 1877 adhuc
940 1837 986 1876 in
1008 1849 1061 1877 eo
1080 1837 1376 1877 mendacium
1397 1836 1742 1888 deprehendere

117 1909 365 1961 potuimus;
394 1908 433 1948 si
468 1908 590 1948 enim
616 1908 816 1959 fecisset,
849 1908 1031 1949 silentio
1057 1919 1105 1948 se
1133 1920 1187 1949 ac
1218 1908 1457 1949 lachrimis
1492 1908 1583 1948 cito
1613 1919 1742 1948 reum

117 1992 219 2021 esse
239 1979 490 2021 indicabat.

197 2051 395 2103 Quidam
430 2051 547 2091 alius
581 2051 673 2091 iam
707 2051 944 2102 septennis
972 2063 1077 2091 cum
1109 2057 1356 2102 aegrotare
1391 2051 1635 2101 coepisset,
1668 2050 1742 2091 do-

118 2123 313 2163 ctrinam
343 2123 610 2174 Xpianam.,
643 2134 784 2174 quam
811 2134 920 2162 suos
948 2121 1073 2162 domi
1101 2122 1344 2173 docuerat,
1376 2122 1577 2163 interdiu
1605 2134 1744 2173 saepe

116 2194 356 2244 recitabat,
380 2205 437 2233 ne
458 2193 576 2233 forte
599 2193 968 2233 obliuisceretur:
994 2200 1302 2234 consueuerat
1320 2194 1444 2233 enim
1460 2193 1616 2234 dicere
1639 2204 1743 2233 cum

118 2277 258 2305 sanus
279 2271 414 2305 esset:
437 2264 551 2304 “heu
566 2264 638 2304 his
655 2275 742 2315 ego
753 2263 913 2304 diebus
930 2264 1060 2304 festis
1075 2264 1296 2305 obliuioni
1313 2265 1496 2305 tradam
1509 2277 1626 2317 quae
1640 2265 1742 2305 hac-

117 2342 249 2376 tenus
276 2335 456 2386 didicit„
488 2335 750 2376 doctrinam
779 2335 935 2387 itaque
959 2347 1141 2387 semper
1166 2347 1279 2387 prae
1296 2336 1510 2377 manibus
1528 2336 1743 2384 habebat3

117 2407 199 2448 sed
219 2419 324 2447 cum
345 2407 532 2462 morbus
562 2406 766 2458 quotidie
794 2407 946 2457 magis
972 2407 1338 2457 ingrauesceret,
1362 2419 1412 2447 se
1442 2407 1556 2447 nihil
1584 2407 1746 2448 timere

119 2478 315 2529 dicebat,
338 2479 479 2519 immo
501 2478 654 2529 potius
677 2477 795 2518 mori
816 2477 907 2517 cito
929 2477 1210 2528 desiderare,
1237 2490 1329 2530 quo
1352 2479 1488 2519 citius
1510 2479 1618 2519 hinc
1646 2490 1747 2518 coe-

117 2551 161 2590 lo
182 2550 286 2600 (sic)
308 2551 531 2600 euolaret,
557 2549 745 2600 suisque
776 2549 962 2589 interim
990 2549 1259 2601 parentibus
1288 2550 1588 2602 praedicebat
1610 2562 1667 2590 ne
1697 2561 1746 2590 se

118 2622 286 2662 uellent
316 2621 627 2673 superiniecta
661 2620 800 2660 humo
832 2616 1041 2672 sepeliri,
1073 2620 1154 2661 sed
1183 2622 1336 2672 magis
1371 2623 1563 2674 capsula
1592 2622 1747 2673 aliqua

118 2692 303 2733 includi:
335 2692 458 2744 quod
484 2699 646 2744 postea
676 2691 853 2732 factum
883 2691 982 2732 fuit.
1013 2691 1102 2732 Sed
1133 2693 1225 2733 iam
1257 2693 1312 2733 de
1338 2694 1472 2733 nobis
1501 2693 1745 2734 dicendum

121 2764 317 2804 uidetur.

199 2835 288 2875 Hic
309 2846 468 2875 sumus
490 2835 704 2886 quinque:
729 2834 819 2883 R.s‚
838 2834 1031 2885 scilicet,
1050 2834 1098 2875 Ρ.
1120 2835 1291 2876 Rector
1307 2836 1603 2885 Laurentius,
1625 2847 1638 2874 l
1678 2839 1743 2875 fies

122 2905 300 2956 Petrus,
329 2905 578 2955 Antonius,
608 2905 875 2946 Antoninus
905 2912 949 2945 et
977 2917 1064 2957 ego
1095 2904 1120 2956 ¹,
1154 2918 1351 2958 quorum
1384 2907 1633 2958 Vnicuique
1662 2918 1747 2958 pro

179 3065 188 3086 ¹
226 3066 259 3094 P.
277 3066 422 3100 Joannes
436 3065 644 3094 Laurentius
661 3067 887 3102 Cavallerius‚
903 3068 1039 3101 Rector,
1055 3068 1090 3095 P.
1106 3068 1230 3096 Petrus
1244 3069 1408 3102 Pradene,
1432 3069 1600 3097 Antonius
1621 3069 1659 3096 de
1681 3069 1746 3096 Ro-

265 3126 314 3163 T.
338 3137 388 3164 ιν.
1452 3139 1486 3164 11
