2020 3342
839 229 922 268 AN.
953 230 1044 269 1556
1672 233 1744 270 533

859 682 1051 737 DLIV

205 913 402 962 Angelus
418 914 674 962 Pullicinus,

246 977 315 1015 Ex
333 979 653 1017 commissione
676 981 719 1017 Ρ.
742 981 866 1019 Pauli
886 981 923 1019 d'
943 982 1143 1028 Achillis,

299 1043 420 1081 Patri
439 1044 605 1091 Jacobo
625 1045 817 1093 Laynez,
841 1046 1031 1085 Vicario.

344 1109 573 1154 Panormo.
595 1111 619 1147 5
637 1110 842 1149 Octobris
863 1112 955 1150 1556
975 1113 1000 1147 ¹.

846 1285 942 1327 IHS
963 1286 1047 1327 ΜΡ

207 1462 272 1502 La
296 1474 473 1503 somma
496 1464 649 1514 gratia
672 1471 714 1504 et
733 1477 862 1505 amor
884 1470 1044 1505 eterno
1067 1465 1110 1505 di
1134 1465 1188 1506 G.
1214 1466 1295 1506 X.“
1318 1467 1370 1506 N.
1395 1468 1438 1508 S.
1471 1468 1540 1508 sia
1572 1480 1754 1520 sempre

129 1540 171 1574 ct
194 1545 356 1574 cresca
375 1535 482 1574 nelli
504 1535 634 1575 cuori
655 1537 816 1576 nostr'i.
846 1536 1009 1577 Amen.

207 1604 349 1645 Molto
372 1605 472 1644 R.d0
502 1606 546 1645 in
569 1605 648 1646 X.⁰
673 1606 835 1647 Padre:
860 1607 893 1648 Il
923 1614 1076 1660 tempo
1098 1609 1176 1659 gia
1204 1621 1260 1649 ne
1288 1610 1524 1650 amonisce
1548 1611 1756 1650 scriuere

128 1676 218 1715 3113
240 1675 292 1715 R.
318 1675 365 1715 Ρ.
392 1675 466 1724 V„
487 1677 690 1717 secondo
713 1677 741 1717 il
763 1685 970 1718 costume
988 1678 1106 1719 della
1126 1686 1284 1720 nostra
1303 1680 1611 1732 Compagnia‚
1633 1688 1751 1722 tutto

129 1747 279 1797 quello
301 1747 385 1787 che
408 1747 453 1787 in
475 1748 625 1799 questi
647 1755 834 1800 quattro
858 1750 971 1789 mesi
999 1750 1077 1800 gia
1102 1752 1278 1802 passati
1300 1752 1342 1791 13
1371 1751 1529 1792 diuina
1553 1752 1694 1792 bonta
1718 1753 1754 1792 si

129 1823 153 1857 e
171 1820 249 1870 qui
270 1817 472 1869 degnata
494 1831 576 1870 per
592 1820 683 1869 noi,
704 1820 803 1860 suoi
821 1821 999 1861 minimi
1016 1822 1234 1873 operarii,
1254 1822 1336 1863 far’
1356 1835 1382 1862 3
1404 1823 1587 1874 magior
1603 1824 1754 1875 gloria

128 1900 211 1929 sua
233 1895 277 1929 et
297 1889 447 1929 utilita
470 1889 542 1929 del
565 1897 724 1930 nostro
742 1891 986 1942 prossimo.
1013 1891 1098 1932 Per
1121 1893 1193 1933 cio
1221 1894 1280 1932 m‘
1315 1894 1372 1932 ha
1404 1905 1543 1945 parso
1566 1900 1684 1935 tutta
1707 1896 1751 1934 13

128 1971 308 2000 summa
331 1960 404 2000 del
424 1960 565 2000 frutto
588 1961 828 2012 spirituale
851 1962 1032 2003 ridurre
1055 1975 1081 2003 3
1103 1970 1172 2003 tre
1195 1964 1299 2014 capi
1321 1976 1409 2004 con
1432 1972 1605 2016 quanto
1629 1977 1758 2017 mag-

126 2031 229 2082 gior
257 2031 437 2071 breuitii
468 2031 539 2071 far
575 2033 613 2072 si
651 2037 800 2083 potrii,
839 2033 1041 2074 secondo
1078 2035 1104 2074 l'
1138 2035 1302 2075 ordine
1333 2035 1453 2076 della
1489 2042 1623 2077 santa
1654 2037 1756 2077 obe-

127 2101 315 2142 dientia.

205 2172 262 2213 Et
283 2173 431 2224 prima
455 2175 750 2214 comenciaro
769 2175 888 2215 dalle
906 2176 1202 2227 confessioni,
1222 2177 1341 2217 dalle
1363 2178 1488 2230 quali
1510 2180 1757 2230 principal-

127 2250 277 2284 mente
315 2244 536 2295 prouiene
571 2245 702 2296 quasi
739 2251 854 2286 tutto
889 2246 918 2286 il
953 2246 1095 2287 frutto
1132 2248 1387 2299 spirituale.
1428 2249 1601 2290 Perche
1637 2251 1755 2290 oltra

127 2316 278 2366 quella
296 2316 585 2356 moltitudine
599 2316 639 2355 d'
657 2317 767 2367 ogni
789 2323 923 2367 stato,
945 2319 1028 2358 che
1046 2319 1442 2360 ordinariamente
1460 2322 1580 2360 nella
1597 2321 1755 2361 chiesa

126 2392 286 2426 nostra
321 2387 361 2426 si
396 2386 630 2433 confessa,
668 2388 990 2438 spetialmente
1024 2390 1142 2429 nelle
1179 2390 1292 2430 feste
1328 2391 1596 2443 principali,
1642 2403 1756 2432 sono

126 2457 255 2496 molti
276 2457 360 2497 che
383 2458 515 2508 quasi
538 2458 648 2509 ogni
671 2458 836 2508 giorno
859 2470 938 2510 per
967 2459 996 2499 il
1018 2459 1271 2501 medesimo
1295 2461 1451 2502 effetto
1473 2462 1719 2502 chiamano
1745 2464 1756 2503 i

126 2528 273 2567 nostri
299 2526 452 2568 Padri:
488 2540 561 2568 ma
589 2541 681 2568 non
716 2531 950 2580 possiamo
985 2542 1011 2570 3
1040 2531 1143 2571 tutti
1170 2532 1413 2581 sodisfare‚
1459 2533 1628 2584 perche
1653 2534 1759 2573 altri

126 2609 241 2637 sono
276 2599 497 2638 chiamati
535 2599 734 2647 dinanzi,
769 2613 794 2639 o
831 2612 911 2651 per
946 2602 988 2640 13
1021 2602 1288 2651 medesima,
1327 2615 1352 2642 o
1376 2615 1485 2643 uero
1523 2616 1604 2655 per
1634 2605 1753 2643 altra

124 2680 282 2718 causa,
306 2670 411 2709 altri
434 2681 548 2709 sono
572 2670 779 2720 impediti
802 2672 877 2711 nei
899 2673 1084 2723 negocii
1105 2673 1150 2713 di
1172 2685 1297 2714 casa.

204 2739 297 2780 Tra
318 2741 458 2792 quelli
480 2741 565 2780 che
587 2743 621 2780 s'
647 2742 801 2782 hanno
824 2743 1089 2794 confessati,
1114 2756 1228 2785 sono
1250 2746 1359 2786 stati
1382 2747 1536 2786 alcuni
1569 2748 1675 2795 (non
1703 2758 1756 2786 so

125 2821 173 2850 se
195 2810 225 2850 li
246 2810 492 2851 dobbiamo
515 2812 752 2852 chiamare
774 2814 1090 2854 concubinarii
1113 2827 1139 2855 ο
1173 2816 1341 2866 mariti)
1368 2817 1380 2856 i
1402 2818 1525 2868 quali
1548 2817 1756 2868 dispreg-

183 2945 192 2966 ἱ
231 2946 480 2982 Autographae
496 2948 621 2983 duplici
639 2949 728 2981 folio.
746 2950 852 2984 primo
866 2952 926 2978 sub
942 2959 972 2978 n.
992 2952 1050 2984 16¹2,
1067 2953 1177 2980 altero
1198 2960 1262 2980 non
1278 2953 1590 2982 numerata-Sunt
1604 2954 1758 2982 italicum

127 2995 319 3029 exemplum
342 2996 537 3024 litterarum
555 2997 696 3025 Arnoldi
722 2997 859 3031 Conchi,
885 3006 968 3033 quas
993 3000 1096 3027 latine
1121 3000 1268 3035 scriptas
1291 3001 1442 3029 dedimus
1464 3009 1579 3036 supra,
1603 3009 1679 3037 pag.
1695 3001 1757 3033 504,

128 3048 157 3068 n.
174 3048 231 3068 oxi
243 3049 287 3069 rv.
302 3042 368 3075 ubi.
386 3043 413 3070 si
430 3044 505 3078 quid
523 3050 584 3077 est,
603 3046 688 3080 quod
705 3046 935 3075 declaratione
953 3047 1114 3083 indigeat,
1128 3049 1197 3084 Jam
1214 3048 1426 3077 declaratum
1442 3054 1504 3078 est.
