2020 3342
854 241 938 278 AN.
974 240 1065 278 1556
1702 237 1769 274 117

150 340 275 382 haud
303 341 390 381 sibi
417 340 698 390 denegatum
718 338 1001 390 praesidium
1030 337 1220 385 inuenit,
1256 346 1365 375 nam
1394 334 1471 386 qui
1492 334 1538 374 in
1569 334 1771 384 propriis

149 411 404 463 largiendis
425 410 560 450 bonis
579 421 628 450 se
645 409 884 449 liberalem
917 407 1303 454 demostrauerat,
1333 405 1579 456 quominus
1605 403 1770 443 iisdem

149 482 289 522 rebus
308 481 528 531 tutandis,
552 480 609 520 ab
631 480 824 520 aemulis
845 479 891 518 in
913 478 1258 518 contentionem
1281 475 1458 527 positis,
1489 487 1538 515 se
1562 473 1769 514 defenso-

146 564 246 593 rem
273 552 577 603 praebuisset,
613 551 723 602 quin
758 550 856 590 fieri
891 549 1112 601 potuerit?
1140 555 1184 588 et
1218 558 1355 599 quem
1388 546 1771 597 amplificatorem

146 623 423 663 confidimus
445 622 582 673 (quod
603 633 652 661 re
669 621 769 672 ipsa
790 620 943 660 adhuc
964 626 1260 671 perspectum
1287 620 1389 667 est),
1416 629 1521 657 eum
1541 628 1634 656 non
1653 622 1772 656 tuta-

145 702 302 734 turum
324 699 459 745 parta
481 692 764 744 sperandum
790 691 909 731 erat?
942 690 1102 741 Itaque
1132 690 1178 730 id
1210 689 1507 740 impetratum
1541 693 1625 737 est,
1649 686 1772 738 quod

147 765 322 816 optimo
343 764 510 815 cuique
531 774 558 802 a
579 763 700 802 iusto
721 761 871 802 iudice
896 772 1135 812 nunquam
1167 759 1332 800 merito
1360 758 1641 809 denegatum
1670 757 1771 807 fuit;

146 837 256 877 licet
277 841 432 875 autem
453 846 537 886 pro
559 833 751 874 arbitrio
777 833 926 872 nostri
954 831 1013 871 ad
1046 831 1222 871 exitum
1251 841 1326 870 res
1349 830 1574 881 perducta
1601 839 1772 879 nequa-

148 918 290 959 quam
310 906 461 955 fuerit,
484 911 640 945 tamen
662 916 688 944 a
719 903 1060 944 resurrectione
1095 901 1283 942 Domini
1310 901 1447 940 finem
1477 900 1666 950 negotio
1693 899 1773 938 im-

147 978 350 1029 positum
370 977 425 1016 iri
447 982 682 1027 receptum
704 975 805 1025 fuit,
829 986 923 1014 non
944 986 1002 1013 ex
1033 984 1192 1013 eorum
1223 972 1409 1024 quidem
1435 970 1645 1020 scientia,
1677 970 1773 1021 qui-

149 1049 235 1088 bus
255 1049 294 1088 si
314 1059 397 1099 per
416 1047 626 1087 homines
646 1046 801 1097 potius
821 1057 962 1097 quam
982 1056 1064 1096 per
1086 1043 1236 1084 Deum
1254 1043 1318 1093 (ut
1334 1048 1378 1082 et
1398 1042 1554 1082 uerbis
1571 1047 1615 1081 et
1636 1041 1774 1080 rebus

148 1119 321 1159 inferre
342 1119 459 1158 uelle
486 1117 717 1168 uidentur,
754 1116 836 1156 sed
869 1116 916 1155 in
949 1115 996 1156 id
1030 1114 1309 1165 suspicionis
1344 1113 1548 1153 incidere
1569 1111 1727 1162 nolim)
1751 1124 1775 1151 e

147 1190 339 1230 ciuitate
360 1194 546 1229 nostros
567 1199 707 1239 quam
727 1187 927 1238 primum
960 1186 1256 1237 proficerent,
1290 1183 1372 1224 sed
1391 1195 1450 1224 ex
1481 1188 1592 1223 voto
1612 1188 1773 1222 nostro

145 1272 246 1301 rem
266 1259 596 1312 perficiendam
622 1269 739 1309 esse,
776 1258 853 1309 qui
887 1257 1086 1307 gloriam
1120 1255 1256 1296 modo
1286 1255 1375 1295 Dei
1410 1254 1691 1306 quaerimus:
1715 1265 1774 1293 ex

153 1344 242 1384 quo
264 1330 508 1382 dupliciter
528 1335 863 1381 prouenturam
885 1339 1127 1379 speramus
1147 1326 1409 1373 utilitatem,
1439 1331 1483 1365 et
1510 1325 1568 1365 ad
1588 1324 1770 1364 morda-

154 1413 233 1442 ces
250 1413 404 1450 canes,
428 1401 593 1452 quibus
613 1398 890 1440 deartuandi
910 1398 1156 1438 occasione
1178 1397 1374 1447 sublata,
1399 1407 1504 1436 cum
1526 1395 1636 1447 quid
1665 1395 1769 1435 diri-

154 1473 298 1525 piant,
321 1472 435 1512 nihil
456 1472 756 1522 relinquetur,
788 1469 906 1509 forte
942 1469 1168 1509 dilaniare
1201 1467 1438 1516 desistent,
1462 1467 1552 1506 nisi
1586 1466 1768 1506 dentem

148 1544 284 1584 dente
305 1543 521 1591 roserint;
544 1541 625 1581 sed
646 1541 755 1592 quid
776 1540 973 1580 iuuabit?
1007 1540 1160 1580 dicam
1185 1539 1231 1579 id
1264 1538 1386 1589 quod
1419 1537 1659 1588 Martialis,
1691 1536 1772 1576 sed

152 1614 413 1666 peregrinis
435 1620 539 1653 utar
563 1612 720 1652 verbis
741 1619 807 1666 χρὴ
825 1617 863 1650 τὸ
881 1616 985 1662 κρέας
1002 1615 1103 1665 ἔχειν,
1125 1616 1195 1657 {bg-s
1214 1612 1416 1660 πληρωθῆναι
1441 1609 1466 1649 ’;
1491 1615 1535 1648 et
1556 1608 1616 1648 ad
1643 1619 1770 1656 oues,

148 1697 267 1737 quae
286 1685 376 1724 huc
396 1685 536 1723 illhuc
558 1690 770 1723 errantes
801 1688 844 1722 et
866 1694 923 1722 ex
951 1694 1030 1721 ore
1065 1682 1252 1732 rapacis
1287 1681 1447 1731 erepti,
1473 1680 1532 1720 ad
1567 1679 1687 1718 ouile
1709 1679 1772 1718 di-

148 1762 398 1805 uertentes,
420 1754 662 1794 tutissimis
684 1753 818 1793 uallis
840 1754 1101 1803 cingentur,
1136 1763 1229 1791 non
1257 1763 1391 1791 secus
1422 1762 1476 1790 ac
1504 1750 1581 1802 qui
1603 1750 1650 1789 in
1671 1761 1773 1801 por-

142 1835 246 1867 tum
273 1826 469 1878 appulsi,
507 1825 771 1865 firmissima
807 1824 1013 1864 anchora
1050 1824 1187 1873 iacta,
1226 1829 1421 1862 cunctas
1456 1827 1772 1873 tempestates,

149 1897 425 1949 despiciunt:
447 1896 607 1947 quanti
627 1908 739 1936 uero
761 1895 1059 1935 emolumenti
1080 1906 1106 1933 a
1124 1894 1324 1934 Domino
1359 1893 1583 1943 recipient
1610 1891 1774 1931 Patres

146 1968 309 2019 nostri,
333 1968 410 2019 qui
431 1967 638 2018 perditas
658 1978 771 2006 oues
791 1966 1130 2017 recuperarint‚
1154 1976 1289 2005 nemo
1311 1971 1380 2004 est
1409 1963 1610 2003 nescius.
1637 1962 1775 2003 Faxit

147 2039 276 2079 Deus
316 2045 364 2078 ut
399 2045 693 2078 caeterorum
728 2037 987 2077 mictirisrni
1021 2036 1129 2084 (sic)
1164 2041 1444 2086 nostraeque
1481 2035 1526 2073 in
1562 2039 1774 2073 caeteros

148 2110 360 2161 eulogiae
381 2110 582 2160 gloriam
602 2108 791 2149 tandem
811 2109 867 2159 ei,
887 2108 1166 2159 quiquidem
1183 2105 1336 2157 gloria
1354 2107 1482 2146 solus
1501 2105 1670 2156 dignus
1689 2112 1773 2153 est,

148 2181 282 2221 nobis
302 2192 414 2221 uero
436 2192 491 2220 ac
512 2180 693 2220 cunctis
714 2179 1024 2219 immortalem
1052 2177 1384 2218 beatitudinem
1411 2177 1612 2228 pariant;
1641 2188 1773 2227 prac-

149 2252 306 2292 sertim
330 2258 485 2291 autem
506 2250 614 2290 Dux
634 2250 731 2301 ipse
748 2250 985 2301 quippiam
1002 2249 1213 2289 utilitatis
1231 2248 1463 2299 decerpet,
1483 2247 1653 2298 dignus
1670 2258 1773 2286 meo

149 2322 334 2374 quidem
356 2322 541 2371 iudicio,
564 2333 648 2372 pro
669 2333 759 2372 quo
781 2321 955 2372 absque
977 2321 1068 2360 ullo
1085 2320 1306 2371 temporis
1323 2319 1568 2358 interuallo
1589 2317 1773 2357 animae

155 2405 266 2433 suae
293 2394 490 2433 salutem
519 2405 545 2432 a
576 2392 779 2432 Domino
814 2391 1029 2442 precibus
1064 2390 1415 2438 contendamus,
1445 2389 1522 2440 qui
1558 2388 1772 2428 omnibus

145 2464 243 2504 fere
265 2464 552 2515 temporibus
575 2463 729 2502 omnia
751 2462 964 2502 omnibus
980 2461 1236 2502 concedere
1253 2461 1383 2510 solet,
1403 2466 1447 2500 et
1468 2472 1561 2500 non
1582 2461 1629 2499 in
1641 2470 1774 2499 suam

151 2546 236 2574 nos
257 2534 394 2574 modo
429 2533 746 2574 defensionem
780 2533 1016 2584 suscipere
1046 2544 1102 2572 ac
1138 2531 1399 2580 defendere,
1438 2542 1601 2570 uerum
1636 2529 1775 2569 etiam

149 2605 349 2645 caeteris
377 2616 452 2644 res
485 2610 671 2644 nostras
705 2603 1160 2643 commendationum
1192 2602 1377 2642 labores
1413 2613 1506 2641 non
1538 2611 1771 2648 recusare,

146 2674 375 2726 siquidem
395 2675 519 2715 Ill.11¹0
540 2674 777 2715 Cardinali
799 2673 812 2692 ²
834 2685 927 2713 non
947 2673 1219 2724 uulgaribus
1240 2684 1353 2712 sane
1369 2672 1523 2712 uerbis
1542 2682 1775 2711 commen-

204 2904 214 2924 ¹
257 2924 310 2933 .....
314 2912 414 2932 carne
429 2913 512 2940 opus
527 2909 590 2940 est,
612 2906 640 2933 si
662 2909 759 2933 satur
781 2912 853 2932 esse
874 2904 970 2932 velis.
991 2903 1192 2937 MAR‘IIALIS,
1215 2902 1321 2937 Epig.
1340 2903 1398 2930 lib.
1419 2903 1527 2935 xm,2,
1547 2902 1584 2929 In
1604 2902 1776 2929 detracto-

147 2959 232 2986 rem,
247 2961 281 2981 V.
295 2953 323 2980 6.

199 2999 213 3017 ²
252 2999 364 3027 Locus
378 3000 518 3028 relictus
530 3004 582 3027 est
599 3007 727 3027 vacuus
742 3007 803 3034 pro
814 2999 957 3027 nominis
970 2998 1201 3033 inscriptione.
1216 2998 1353 3033 Agitur,
1366 3003 1402 3026 ut
1424 3006 1466 3026 ex
1480 2997 1697 3032 praecedenti
1714 2997 1774 3024 ita-

153 3046 219 3074 lico
234 3048 388 3081 exemplo
402 3051 559 3082 apparet,
571 3047 612 3074 de
627 3046 749 3074 Carolo
765 3047 804 3074 de
820 3046 934 3081 Guise,
949 3045 1161 3080 Lotharingo
1176 3046 1232 3080 (de
1247 3045 1400 3080 Lorena)
1414 3045 1606 3073 Cardinale.
