2020 3342
796 229 818 250 s
882 240 964 279 AN.
1003 238 1092 279 1556
1215 255 1226 262 -
1726 240 1797 284 589

171 337 369 378 znterz'tu
404 337 695 378 vindicatum
729 340 827 386 est,·
862 340 901 376 et
940 337 1063 376 omni
1098 340 1267 376 conatu
1298 334 1343 390 id
1373 334 1510 375 modo
1541 342 1719 386 spectat
1751 346 1793 377 et

168 409 310 448 rectis
323 408 491 449 studiis
508 408 761 457 contendit,
779 413 826 447 ut
845 413 973 447 tanto
992 417 1114 446 nunc
1128 406 1285 455 uitam,
1302 405 1576 456 religionem
1590 417 1790 446 omnem-

166 490 254 530 que
290 490 481 530 operam
516 490 649 519 suam
687 478 874 518 Christo
911 477 1134 528 assertori
1169 475 1473 527 integriorem
1507 477 1789 516 constantio-

165 561 354 601 remque
383 550 596 601 probent,
628 554 802 601 quanto
833 549 932 588 eius
962 547 1282 588 sanctissimos
1303 545 1486 597 ductus,
1520 546 1789 598 improbiori

162 619 375 660 desertos
396 620 590 672 perfidia
612 632 667 660 ac
688 618 895 672 nequitia
909 618 1054 670 prius
1076 617 1452 670 repudiauerant.

242 691 412 732 Iisdem
446 703 558 731 uero
585 690 750 742 studiis
786 690 875 730 illis
910 696 1050 741 atque
1086 688 1316 729 industria
1350 687 1600 729 Societatis
1634 688 1785 729 Deum

158 761 458 802 uehementer
475 761 562 802 sibi
579 761 739 802 Esium
754 762 991 813 placatum
1007 760 1152 800 sensit
1172 772 1228 800 ac
1244 759 1513 811 propitium.
1532 759 1639 800 Duo
1656 771 1784 800 nam-

156 845 244 884 que
271 846 330 874 ex
356 833 531 873 nostris
558 832 745 885 quidem
775 832 883 872 illuc
914 837 1262 881 concesserunt,
1296 831 1374 871 ubi
1399 837 1587 882 praeter
1616 830 1782 882 rm'ros,

154 915 271 955 quos
291 904 353 944 ibi
373 904 554 945 fructus
576 906 816 955 ceperunt,
837 903 1004 953 ingens
1024 903 1196 954 populo
1218 902 1292 942 uel
1318 902 1677 953 permansionis,
1707 903 1780 942 uel

153 982 366 1016 maturae
387 982 431 1015 et
452 957 709 1027 frequentis
729 973 1013 1015 reuersionis
1034 985 1147 1013 suae
1169 972 1450 1013 desiderium
1475 973 1776 1025 reliquerunt.

151 1045 201 1086 Id
222 1047 358 1097 enim,
383 1053 570 1098 praeter
592 1046 799 1086 omnium
819 1055 949 1096 spem
978 1056 1033 1084 ac
1060 1044 1449 1095 expectationem,
1484 1054 1588 1084 cum
1613 1043 1779 1084 ordine

149 1117 441 1157 sacerdotali
456 1116 507 1156 in
527 1116 698 1156 melius
724 1119 924 1166 mutato,
951 1115 1138 1156 Christo
1170 1116 1359 1155 iuuante
1389 1120 1527 1166 atque
1556 1114 1776 1167 Episcopi

149 1188 433 1229 authoritate
455 1187 762 1238 suffragante,
786 1186 1133 1238 praestiterunt,
1158 1186 1204 1226 in
1227 1197 1316 1237 quo
1335 1185 1477 1226 cardo
1496 1186 1660 1226 salutis
1676 1187 1775 1227 eius

147 1259 350 1300 ciuitatis
372 1260 500 1299 uerti
517 1259 788 1309 videbaturj
808 1258 971 1309 grauis
991 1258 1113 1297 enlm
1130 1257 1177 1298 in
1194 1268 1377 1297 ornnem
1399 1258 1620 1309 populum
1635 1257 1771 1298 offen-

145 1331 293 1371 sionis
314 1337 358 1371 et
379 1332 608 1371 scelerum
629 1342 691 1370 ex
711 1341 761 1370 eo
784 1330 1004 1381 contagio
1022 1329 1257 1369 manabat.
1278 1327 1435 1368 Multa
1452 1328 1573 1368 enirn
1591 1329 1769 1380 Asculi,

143 1401 334 1453 Offidae,
358 1401 395 1443 F
399 1402 537 1454 irmii,
560 1402 607 1442 in
628 1401 784 1442 Monte
805 1401 1012 1452 Lupone,
1036 1400 1182 1441 Morri
1198 1403 1241 1440 et
1262 1400 1518 1451 Monticuli,
1542 1400 1769 1451 singulari

143 1473 349 1514 omnium
372 1484 484 1524 erga
502 1472 784 1514 Societatem
801 1474 1054 1522 uoluntate,
1072 1472 1247 1522 effecta
1264 1475 1391 1511 sunt.
1412 1471 1595 1523 Vbique
1612 1478 1767 1512 autem

140 1544 343 1585 nefanda
366 1545 629 1596 complures
650 1544 1037 1595 grauissimorum
1059 1544 1288 1583 scelerum
1308 1543 1547 1594 ergastula
1569 1555 1596 1583 a
1617 1543 1679 1594 15,
1696 1543 1763 1593 20,

139 1614 205 1666 30,
229 1622 274 1656 et
296 1628 322 1656 a
336 1615 562 1668 pluribus
583 1615 717 1656 annis
733 1615 943 1656 nonnulli
959 1615 1183 1667 perpessi,
1203 1614 1388 1654 Christo
1407 1614 1591 1655 vindice
1609 1615 1762 1665 soluti,

136 1685 183 1726 in
204 1676 405 1727 filiorum
426 1687 514 1727 Dei
534 1687 797 1727 libertatem
818 1686 1019 1726 restituti
1040 1691 1161 1726 sunt.

215 1756 305 1798 Sed
326 1758 442 1798 haec
465 1758 511 1798 in
541 1757 747 1798 finitimis
776 1763 820 1797 et
850 1757 1056 1797 externis
1083 1757 1540 1808 peregrinationibus
1568 1758 1760 1798 aestiuis

129 1825 223 1867 Dei
239 1839 433 1869 munere
454 1835 560 1869 acta
583 1835 703 1869 sunt.
730 1828 864 1880 Quod
890 1829 1119 1881 reliquum
1148 1834 1217 1869 est
1245 1829 1484 1881 epistolae,
1517 1829 1576 1869 ad
1605 1829 1757 1870 dome-

128 1899 245 1940 stica
266 1906 310 1940 et
332 1900 601 1941 Lauretana
623 1900 930 1941 conferemus.

203 1970 336 2012 Licet
357 1972 501 2012 multa
522 1972 690 2023 forent,
715 1983 834 2024 quae
855 1972 1046 2012 votiuae
1068 1972 1127 2012 ad
1147 1972 1320 2012 Beatae
1349 1972 1560 2024 Virginis
1589 1973 1752 2014 aedem

122 2043 517 2094 peregrinationis
545 2043 856 2095 frequentiam
884 2043 1160 2093 inhiberent,
1190 2043 1400 2084 continui
1431 2044 1657 2085 bellorum
1686 2051 1752 2086 tu-

119 2115 309 2166 multus,
332 2115 625 2166 pestilentiae
653 2115 917 2166 grassantis
937 2115 1137 2156 formido
1169 2121 1310 2166 atque
1341 2115 1561 2167 suspicio,
1593 2117 1749 2168 inopia

116 2181 489 2236 ingrauescentis
525 2199 740 2227 annonae
779 2193 824 2226 et
863 2185 1132 2237 difficultas;
1171 2186 1360 2227 fuerunt
1394 2193 1552 2227 tamen
1587 2199 1747 2228 omnes

116 2256 387 2297 sacerdotes
409 2258 557 2298 solitis
588 2259 889 2298 uehementer
916 2257 1333 2298 exercitationibus
1363 2259 1593 2310 occupati.
1625 2258 1744 2310 Quo-

114 2327 256 2379 niam,
280 2328 366 2368 etsi
386 2329 789 2380 infrequentiores
810 2333 1099 2369 concurrant
1112 2329 1383 2380 peregrini,
1410 2341 1495 2370 nec
1523 2330 1612 2370 nisi
1640 2331 1748 2370 rari

114 2398 377 2451 admodum,
402 2400 440 2440 si
461 2401 730 2453 superiores
747 2413 896 2441 annos
913 2407 1192 2453 spectemus;
1212 2402 1311 2441 sine
1328 2402 1621 2442 accuratiore
1637 2414 1739 2454 pec-

113 2475 329 2511 catorum
351 2472 660 2524 confessione,
687 2480 842 2513 tamen
866 2475 930 2521 (ut
953 2473 1030 2525 qui
1052 2473 1111 2513 ad
1138 2485 1242 2513 eam
1269 2473 1406 2513 modo
1436 2473 1646 2525 plerique
1681 2486 1740 2514 ex

109 2540 366 2594 longinquo
401 2543 633 2584 uentitare
669 2544 995 2595 consuescant)
1026 2545 1164 2597 pauci
1193 2544 1430 2585 recedunt.
1464 2545 1531 2586 Eo
1564 2552 1735 2597 autem,

106 2616 202 2652 tam
224 2612 339 2653 bene
361 2621 616 2667 sancteque
639 2628 666 2655 a
696 2617 859 2667 paucis
887 2616 1022 2656 annis
1052 2616 1289 2656 institutae
1318 2616 1735 2657 administrationis

103 2682 238 2724 hu-ius
261 2685 365 2736 loci,
391 2686 437 2725 in
468 2686 638 2726 diuinis
668 2687 829 2727 officiis
858 2693 902 2727 et
929 2688 977 2727 in
1011 2688 1160 2728 sacris
1194 2688 1484 2739 lectionibus,
1518 2694 1656 2740 atque
1688 2689 1734 2742 in

98 2754 260 2804 primis
284 2756 413 2796 circa
436 2768 606 2798 munus
626 2758 944 2809 poenitentiae
967 2758 1107 2810 (quod
1127 2765 1340 2799 nostrum
1362 2758 1459 2799 fere
1482 2760 1730 2810 collegium

101 2835 224 2866 nunc
246 2827 605 2878 sustinet)1'ama
626 2829 916 2880 percrebuit,
948 2836 996 2870 ut
1028 2842 1120 2870 non
1150 2842 1232 2881 per
1261 2829 1435 2870 Italiae
1462 2830 1728 2870 adiacentes

97 2896 262 2947 solum,
294 2899 376 2939 secl
404 2898 462 2939 ad
491 2899 771 2940 remotiores
802 2912 983 2953 quoque
1013 2902 1227 2942 nationes
1256 2902 1530 2953 peruaserit.
1560 2902 1605 2942 A
1635 2902 1723 2942 Mc-

98 2967 284 3009 diolano
305 2976 431 3011 certe
452 2972 573 3012 ultro
596 2972 805 3023 citroque
826 2973 972 3024 multi,
996 2974 1139 3014 solius
1160 2979 1352 3014 sanctae
1372 2973 1515 3013 huius
1545 2974 1722 3014 nouita-

97 3037 156 3079 tis
175 3039 401 3083 visendae
423 3042 591 3097 studio,
621 3050 898 3085 commeant.
923 3044 1164 3099 Principes
1189 3045 1288 3087 vz'rz'
1310 3044 1568 3101 nonpauci
1593 3045 1720 3095 vndi-
