2020 3342
262 202 339 239 008
776 202 1002 238 Lirrfflmss
1029 212 1385 244 QUADRIMEsTh‘FS

261 299 390 339 salus
411 311 503 338 non
525 299 691 338 minori
711 310 850 337 curae
872 298 934 337 illi
956 309 1057 337 esse
1080 298 1294 338 videatur
1316 305 1453 349 atque
1474 300 1678 350 propria.
1707 300 1891 340 Verun-

264 376 417 410 tamen
443 370 574 420 (quia
594 376 643 409 ut
665 369 739 408 ille
761 369 847 416 ait)
864 368 1052 419 publica
1074 369 1274 409 virtutis
1293 374 1377 420 per
1398 369 1525 409 mala
1544 371 1677 418 facta
1697 370 1776 410 vla
1797 375 1888 421 est,

262 453 356 481 non
376 440 542 479 desunt
563 439 639 490 qui
662 438 886 479 Societati
907 439 1154 479 detrahere
1183 446 1430 490 conentur;
1455 448 1561 480 sunt
1588 442 1665 491 qui
1693 442 1891 482 moliun-

262 518 337 551 tur
357 511 563 560 insidias,
588 517 633 550 et
654 511 780 550 faces
800 511 935 549 nobis
954 517 1175 562 perpetuo
1193 511 1436 558 intentant;
1458 512 1642 562 quando
1660 519 1816 553 autem
1838 524 1888 552 re

264 582 377 622 nihil
404 581 586 621 efficere
620 582 800 631 valent,
839 581 1098 621 maledictis
1127 589 1281 621 tamen
1311 588 1355 621 et
1383 582 1600 622 convitiis
1627 595 1711 623 nos
1745 584 1890 624 laces-

263 659 389 702 sunt3
419 658 684 703 quantoque
715 652 1005 692 manifestius
1040 653 1192 692 oleum
1220 660 1263 692 et
1294 665 1485 704 operam
1512 665 1560 692 se
1589 654 1784 704 perdere
1817 666 1889 694 co-

261 730 509 773 gnoscunt,
546 729 675 762 tanto
712 723 954 762 acerbiore
991 723 1194 763 invidiae
1227 724 1354 763 rabie
1384 724 1729 765 excruciantur.
1757 725 1890 766 Unde

262 804 305 834 et
327 794 514 846 quidam
535 793 810 845 Presbyter,
836 794 1167 844 grammatices
1198 794 1454 845 professor,
1479 795 1757 846 quibusdam
1790 807 1887 836 car·

263 866 478 914 minibus,
492 876 610 915 quae
627 865 816 904 scholae
835 865 986 904 valuis
1005 864 1145 904 affixa
1163 865 1353 905 inventa
1373 872 1494 915 sunt,
1514 866 1797 916 gravissima
1812 878 1889 906 no-

260 937 332 976 bis
351 936 476 975 mala
497 935 788 975 interminari
816 947 907 975 non
936 943 1003 975 est
1030 936 1233 985 veritus,
1260 942 1303 975 et
1331 936 1419 975 nisi
1455 948 1562 976 mox
1593 937 1700 976 hinc
1728 937 1889 988 fugam

262 1006 622 1058 arripuerimus,
659 1005 780 1056 fore,
813 1006 981 1057 inquit,
1012 1013 1061 1046 ut
1088 1006 1220 1046 brevi
1248 1017 1428 1046 summo
1457 1018 1562 1047 cum
1588 1007 1816 1048 dedecore
1846 1015 1890 1048 et

262 1078 455 1117 forsitan
476 1077 602 1117 vitae
623 1076 864 1128 dispendio
886 1076 1202 1118 detrudamur.
1223 1077 1265 1117 Is
1278 1084 1447 1127 autem,
1468 1079 1684 1129 quamvis
1705 1079 1804 1118 eius
1822 1079 1889 1119 rei

259 1157 500 1188 auctorem
529 1159 578 1187 se
605 1147 749 1187 fuisse
771 1148 1105 1197 dissimularet,
1136 1154 1292 1188 tamen
1319 1148 1397 1188 diu
1424 1149 1569 1189 latere
1602 1161 1694 1189 non
1725 1149 1886 1200 potuit.

258 1220 377 1260 Cum
400 1220 521 1259 enim
543 1219 730 1270 saepius
752 1225 916 1259 contra
938 1226 1268 1270 praeceptores
1291 1219 1508 1270 Collegii,
1533 1231 1587 1260 ac
1610 1220 1887 1271 praesertim

261 1290 522 1330 studiorum
555 1296 823 1330 exactorem
857 1290 1141 1341 mussitaret,
1176 1302 1229 1330 eo
1264 1291 1387 1341 quod
1414 1291 1460 1330 in
1488 1291 1715 1341 oratione,
1748 1302 1888 1342 quam

262 1373 344 1412 pro
362 1361 526 1402 studiis
543 1360 827 1401 renovandis
845 1361 892 1401 in
909 1361 1084 1401 scholis
1101 1373 1261 1402 coram
1279 1361 1514 1413 Episcopo
1537 1374 1591 1402 ac
1614 1362 1888 1414 primatibus

262 1432 468 1472 civitatis
487 1431 662 1481 habuit,
682 1432 827 1471 verba
845 1433 1069 1472 nonnulla
1085 1432 1326 1472 Laurentii
1343 1432 1524 1481 Vallae,
1546 1444 1664 1484 quae
1682 1433 1740 1473 ad
1755 1444 1886 1484 grae-

262 1516 344 1543 cae
361 1503 548 1553 linguae
566 1503 767 1542 dedecus
783 1502 1034 1551 faciebant,
1058 1503 1386 1553 improbasset,
1407 1504 1536 1552 haec,
1557 1504 1760 1555 inquam,
1782 1515 1888 1544 cum

260 1574 448 1624 saepius
468 1574 542 1613 ille
565 1579 730 1613 contra
759 1572 1016 1623 Collegium
1041 1585 1132 1613 una
1160 1585 1268 1613 cum
1290 1574 1387 1613 suis
1408 1574 1716 1614 familiaribus
1745 1574 1884 1614 iacta·

260 1651 341 1694 ret,
375 1644 512 1684 facile
542 1644 758 1694 cognitus
792 1650 861 1683 est
894 1644 1037 1683 fuisse
1066 1655 1302 1694 versuum,
1337 1655 1535 1695 quorum
1562 1645 1654 1684 iam
1684 1645 1887 1684 memini-

260 1727 376 1763 mus,
400 1721 578 1764 auctor;
613 1720 899 1766 quapropter
920 1715 1180 1766 Episcopus
1202 1727 1306 1754 eum
1327 1715 1373 1754 in
1394 1715 1583 1755 vincula
1605 1715 1772 1755 coniici
1800 1715 1890 1756 ius-

259 1787 331 1835 sit,
356 1785 435 1826 sed
457 1786 594 1837 paulo
616 1791 718 1836 post
739 1785 891 1825 Patris
914 1784 1111 1837 Philippi
1134 1786 1347 1837 precibus
1370 1786 1583 1825 eumdem
1605 1785 1789 1825 dimisit.
1814 1786 1886 1826 Ex

259 1858 330 1896 his
352 1856 560 1908 profecto
583 1868 720 1907 quam
744 1856 938 1896 charum
960 1857 1018 1896 sit
1040 1857 1226 1908 optimis
1248 1857 1504 1907 quibusque
1529 1857 1616 1896 hoc
1638 1855 1886 1897 Societatis

261 1928 516 1979 Collegium
538 1927 663 1967 haud
685 1927 926 1967 difficulter
949 1928 1106 1978 colligi
1128 1935 1293 1978 potest.

336 1999 451 2039 Illud
478 1999 617 2038 etiam
639 1999 823 2047 addam,
855 1999 977 2049 quod
998 1999 1361 2050 torpescentium
1392 2006 1581 2049 pectora
1611 2000 1669 2039 ad
1700 2000 1885 2050 pietatis

257 2070 461 2110 studium
483 2081 573 2109 non
597 2069 897 2109 mediocriter
926 2069 1165 2119 diligentia
1205 2069 1377 2109 aeditui
1410 2071 1557 2110 nostri
1588 2077 1631 2110 et
1658 2070 1809 2110 studio
1838 2071 1885 2110 in

259 2141 542 2192 apparandis
560 2141 798 2189 altaribus,
821 2146 959 2191 atque
977 2141 1093 2180 adeo
1111 2152 1195 2192 pro
1209 2148 1471 2192 temporum
1488 2141 1885 2181 vicissitudinibus

258 2211 499 2251 variandis
521 2212 679 2262 templi
702 2211 1003 2259 ornamentis,
1028 2211 1307 2261 excitantur,
1332 2218 1373 2251 et
1398 2213 1635 2262 paulatim,
1660 2212 1884 2252 suadente

256 2283 443 2331 eodem,
477 2289 811 2332 promoventur
833 2288 877 2320 et
899 2282 944 2321 in
966 2288 1091 2321 recte
1113 2289 1364 2333 sancteque
1394 2283 1585 2322 vivendi
1607 2294 1813 2323 amorem
1834 2283 1882 2322 il-

257 2353 488 2392 liciuntur:
514 2353 580 2392 sic
604 2351 613 2369 ¹
637 2353 867 2391 bonorum
888 2363 1108 2392 numerus
1129 2353 1246 2392 mire
1274 2354 1585 2403 locupletatur
1608 2361 1650 2392 et
1672 2360 1879 2394 ornatur.

259 2423 346 2474 Qui
369 2430 536 2463 octavo
559 2434 742 2474 quoque
765 2423 836 2462 die
864 2423 923 2462 ad
956 2423 1263 2463 confessionis
1292 2430 1335 2463 et
1366 2423 1539 2463 Christi
1568 2425 1778 2475 corporis
1812 2436 1879 2464 sa—

258 2500 547 2533 cramentum
583 2493 806 2533 accedere
841 2494 1003 2542 solent,
1037 2494 1129 2533 iam
1164 2501 1349 2534 centum
1385 2496 1778 2546 enumeravimus,
1809 2507 1881 2536 so-

257 2565 556 2604 lemnioribus
577 2576 689 2603 vero
711 2564 842 2603 festis
869 2565 970 2614 plus
1000 2565 1152 2604 minus
1179 2565 1426 2616 ducentos,
1463 2578 1547 2606 nec
1575 2578 1683 2606 raro
1712 2566 1880 2606 accidit

256 2642 304 2676 ut
327 2636 642 2675 nobilissimae
665 2635 868 2674 civitatis
886 2642 1128 2675 matronae
1143 2635 1316 2676 Christi
1335 2637 1562 2676 charitate
1581 2648 1808 2677 accensae
1826 2648 1880 2676 ac

256 2707 585 2755 inflammatae,
610 2706 843 2757 despectis
873 2706 1104 2746 maiorum
1134 2708 1471 2757 stemmatibus,
1504 2709 1716 2759 corporis
1747 2719 1882 2748 orna—

256 2786 305 2817 tu
326 2784 368 2818 et
390 2777 508 2817 fucis
530 2777 735 2827 abiectis,
760 2778 1076 2828 voluptatibus
1098 2778 1235 2828 longe
1257 2778 1444 2828 fugatis,
1476 2791 1524 2819 se
1550 2779 1710 2830 pietati
1742 2779 1877 2819 devo-

256 2856 410 2898 veant,
435 2855 478 2888 et
501 2849 833 2888 conscientiam
856 2861 989 2889 suam
1012 2849 1215 2900 perfecte
1236 2850 1292 2888 ab
1316 2850 1440 2889 omni
1463 2851 1597 2901 culpa
1616 2852 1687 2890 vel
1710 2852 1754 2890 in
1773 2863 1878 2902 pue—

311 3012 321 3030 l
374 3010 432 3038 Ms.
449 3011 490 3038 si.
