2020 3342
257 238 334 278 492
779 237 1004 275 LITTERAE
1032 247 1390 280 QUADRIMESTRES

261 335 408 376 creuit
430 337 475 376 in
497 347 582 375 nos
604 335 775 375 ciuium
798 345 943 381 amor,
968 339 1012 374 et
1033 344 1138 373 cum
1157 333 1283 373 illam
1299 339 1501 373 ueterem
1521 334 1775 384 exuissent,
1794 344 1886 373 me-

261 406 424 446 liorem
450 405 506 446 de
535 406 667 445 nobis
698 416 828 456 spem
856 410 899 444 et
928 404 1193 455 opinionem
1221 410 1550 455 conceperunt,
1584 410 1886 455 nostrumque

260 477 451 517 laudant
473 482 517 516 et
538 475 864 516 commendant
886 475 1159 515 institutum.
1184 474 1254 515 De
1275 475 1346 515 his
1367 475 1608 515 hactenus:
1628 486 1751 515 nunc
1772 486 1884 516 uero

264 558 402 599 quam
424 547 563 597 longe
586 557 887 597 progressum
909 546 968 585 sit
989 545 1034 585 in
1056 545 1342 597 spiritalibus
1368 545 1590 596 intellige.

339 617 511 657 Diuina
539 616 863 656 Eucharistiae
891 622 935 656 et
963 616 1270 656 confessionis
1299 621 1617 667 sacramenta,
1650 626 1769 668 quae
1805 627 1881 656 no·

262 688 346 728 stri
367 687 719 728 accuratissime
741 687 1019 736 ministrant,
1044 688 1195 738 magis
1223 687 1269 727 in
1291 687 1389 727 dies
1420 699 1474 726 ac
1496 687 1648 738 magis
1674 686 1886 738 frequen-

262 765 433 799 tantur.
461 758 722 798 conciones
743 758 897 807 etiam,
922 769 977 797 ac
999 769 1242 798 sacrarum
1260 758 1520 798 litterarum
1537 758 1773 807 lectiones,
1793 769 1885 797 non

262 830 481 880 exiguam
510 829 724 868 omnibus
753 828 1108 868 admirationem
1137 829 1359 877 excitant,
1388 828 1554 880 quibus
1581 828 1823 868 maleuolis
1843 834 1887 868 et

263 899 602 940 detractoribus
629 899 907 948 hominibus,
932 899 1009 950 qui
1039 910 1145 939 curn
1173 899 1340 950 ubique
1361 899 1569 939 locorum
1590 899 1697 949 sint,
1726 899 1773 938 in
1798 899 1887 939 hac

260 977 414 1010 tamen
436 970 548 1010 urbe
570 970 712 1009 multo
743 969 931 1009 liberius
958 975 1250 1020 grassantur,
1279 970 1428 1009 omnis
1455 969 1761 1010 maledicendi
1789 969 1888 1010 adi-

260 1048 335 1081 tus
375 1047 419 1081 et
454 1040 695 1091 ingressus
725 1040 1061 1080 intercluditur.
1100 1039 1295 1091 Reliqua
1330 1052 1441 1080 uero
1483 1039 1834 1080 misericordiae
1877 1038 1886 1059 ¹

259 1124 400 1164 opera
423 1123 477 1151 ea
498 1111 788 1152 solicitudine
809 1117 1100 1161 exercentur,
1132 1117 1180 1151 ut
1208 1110 1325 1150 m'lzz'l
1351 1110 1558 1162 amplias
1580 1110 1593 1130 ²
1621 1111 1796 1162 requiri
1831 1122 1886 1151 ac

261 1183 518 1223 desiderari
547 1187 691 1233 posse
720 1182 955 1222 uideatur.
993 1183 1242 1233 Pacheres
1271 1186 1314 1222 et
1343 1166 1613 1222 calamitosi
1644 1181 1887 1222 consolan-

259 1258 340 1295 tur
362 1253 389 1304 ⁵,
420 1255 669 1294 multorum
700 1253 836 1293 saluti
860 1253 1131 1303 consulitur,
1155 1253 1319 1305 quibus
1350 1253 1439 1293 nisi
1467 1253 1656 1293 Patrum
1684 1253 1888 1293 studium

260 1337 315 1366 ac
337 1325 577 1375 diligentia
599 1324 906 1373 subuenisset,
931 1324 1084 1364 adhuc
1106 1324 1151 1364 in
1172 1324 1375 1364 tenebris
1397 1331 1439 1364 et
1464 1325 1664 1376 caligine
1686 1322 1701 1342 ⁴
1722 1324 1886 1364 iacuis-

260 1402 376 1436 sent.
413 1396 536 1436 Vnde
545 1396 611 1447 fit
639 1399 691 1435 nt
721 1395 989 1446 Episcopus
1016 1395 1148 1435 urbis
1178 1395 1368 1446 eiusque
1407 1395 1637 1444 Vicarms,
1666 1395 1749 1446 qui
1771 1406 1889 1435 com-

262 1467 410 1507 missa
432 1466 593 1518 officia
615 1466 978 1517 religiosissime
999 1466 1361 1513 administrant,
1390 1465 1585 1506 illorum
1605 1471 1766 1517 opera,
1787 1476 1888 1506 con·

261 1537 384 1578 siliis
411 1541 454 1578 et
475 1536 809 1577 monitionibus
839 1540 1054 1576 utantur.
1085 1537 1170 1579 His
1191 1537 1328 1577 rebus
1352 1537 1541 1588 ingenui
1572 1537 1703 1577 multi
1725 1548 1779 1576 ac
1809 1548 1885 1576 no-

262 1609 376 1649 biles
404 1609 738 1658 adolescentes,
770 1608 889 1648 inter
920 1619 1038 1659 quos
1059 1607 1260 1659 quinque
1290 1619 1499 1648 summae
1527 1607 1695 1648 indolis
1717 1614 1760 1648 et
1791 1607 1890 1658 spei

261 1681 392 1732 (quos
414 1679 538 1731 apud
559 1686 603 1719 te
624 1678 981 1719 commendandi
1001 1680 1177 1719 nullum
1198 1677 1333 1719 uideo
1356 1678 1402 1718 in
1428 1679 1803 1730 praesentiarum
1824 1679 1885 1718 lo-

260 1751 380 1802 cum)
418 1750 622 1802 quietum
655 1750 860 1790 animum
896 1750 1142 1790 traducere
1169 1761 1263 1790 non
1298 1756 1509 1801 possunt,
1546 1750 1693 1790 donec
1724 1750 1771 1790 in
1800 1749 1887 1790 fra-

260 1828 383 1862 trum
412 1821 426 1841 ⁵
453 1832 644 1861 numero
676 1821 1054 1870 conscribantur,
1085 1832 1284 1872 quorum
1312 1819 1507 1860 admissi
1539 1820 1630 1860 iam
1659 1820 1735 1860 alii
1767 1826 1888 1870 sunt,

261 1894 339 1933 alii
360 1893 422 1943 (ut
445 1892 597 1944 spero)
619 1892 835 1943 perbreui
858 1895 1068 1943 tempore
1089 1891 1407 1932 admittentur:
1432 1892 1618 1932 interim
1645 1892 1761 1932 haec
1782 1902 1889 1943 spes

261 1975 423 2004 eorum
444 1963 569 2004 fouet
592 1975 646 2003 ac
667 1963 811 2003 nutrit
832 1959 1026 2013 an'imos,
1051 1975 1170 2014 quae
1188 1963 1324 2003 efficit
1342 1971 1390 2003 ut
1411 1963 1528 2003 alios
1549 1963 1690 2003 etiam
1711 1968 1888 2003 motum

260 2035 316 2075 iri
338 2034 659 2075 adolescentes
681 2045 936 2085 speremus,
960 2040 1008 2073 ut
1029 2040 1237 2074 nostram
1254 2034 1441 2074 uiuendi
1462 2034 1693 2074 rationem
1710 2034 1887 2074 imiten-

259 2112 347 2156 tur,
372 2105 667 2156 studioseque
696 2105 928 2155 laborent‚
958 2112 1006 2145 ut
1027 2105 1177 2144 nostri
1199 2116 1338 2156 quam
1360 2105 1562 2145 maxime
1590 2105 1764 2145 similes
1785 2116 1887 2145 esse

260 2176 521 2225 uideantur,
546 2176 669 2227 quod
690 2176 904 2227 permulti
925 2175 1016 2215 iam
1041 2175 1166 2215 haud
1190 2175 1386 2215 obscure
1408 2175 1721 2216 declararunt.

341 2246 460 2287 Hinc
478 2246 533 2286 ad
552 2246 792 2286 literarum
810 2246 963 2286 studia
985 2246 1276 2297 progrediar,
1297 2246 1462 2298 quibus
1479 2257 1572 2286 non
1589 2251 1767 2297 parum
1785 2245 1889 2286 ado-

264 2318 537 2358 lescentium
560 2317 762 2367 ingenia,
791 2328 835 2356 et
865 2317 924 2356 ad
952 2317 1289 2368 capessendam
1318 2317 1551 2366 uirtutem,
1582 2323 1625 2357 et
1656 2316 1715 2357 ad
1741 2317 1889 2357 bonas

260 2389 419 2428 literas
439 2387 728 2437 ediscendas,
754 2388 1107 2438 diligentissime
1129 2388 1422 2428 adiuuantur.
1448 2387 1583 2438 Quod
1604 2398 1889 2439 magnopere

264 2460 486 2510 probatur
509 2459 566 2498 ab
597 2459 683 2509 his,
718 2458 796 2510 qui
825 2469 995 2509 pueros
1022 2470 1114 2498 non
1144 2458 1289 2498 literis
1317 2459 1466 2498 solum
1496 2458 1685 2507 erudiri,
1716 2457 1797 2498 sed
1828 2457 1887 2498 ad

260 2531 479 2570 uirtutem
502 2529 745 2569 informari
766 2529 1047 2569 desiderant:
1072 2529 1159 2568 hoc
1183 2535 1389 2580 tempore
1411 2529 1523 2569 satis
1545 2535 1614 2569 est
1636 2534 1802 2569 auctus
1824 2528 1887 2569 di·

261 2601 544 2652 scipulorum
566 2612 801 2650 numerus,
826 2599 949 2651 quod
980 2607 1309 2650 argumentum
1334 2600 1524 2651 praebet
1545 2599 1644 2640 fore
1666 2600 1712 2639 in
1736 2605 1884 2651 poste-

262 2683 364 2712 rum
386 2672 659 2720 auctiorem;
686 2683 794 2711 nam
820 2671 891 2710 his
909 2670 1069 2710 diebus
1092 2670 1303 2711 Perusini
1321 2671 1447 2711 ciues
1465 2682 1555 2711 una
1575 2682 1679 2711 cum
1696 2670 1891 2721 integra

316 2854 325 2874 ¹
366 2854 524 2888 pietatis.
542 2854 725 2880 Pomxcuz

318 2903 331 2921 ⁶-’
371 2909 437 2928 non
453 2902 595 2928 videam
612 2909 700 2935 quae
721 2903 842 2929 maior.
860 2902 907 2928 ID.

315 2948 329 2968 ³
364 2950 494 2982 posset.
514 2948 718 2982 Paupevnm
734 2950 766 2975 et
782 2949 1073 2975 calamitosorum
1090 2948 1321 2975 consolationi
1333 2951 1378 2975 el.
1394 2947 1444 2974 ΙΙ).

315 2997 328 3016 ²·
365 2997 591 3030 peccatorum
611 2995 739 3022 addidit
755 2996 934 3022 Polaticus.

316 3043 329 3063 5
370 3044 573 3070 nostrorum
587 3043 715 3070 addidit
730 3042 905 3070 Polancus.
