2020 3342
271 249 340 286 122
780 248 1007 286 LITTERAE
1032 257 1390 291 QUADmMESTREs

266 345 380 385 dore
403 344 580 396 primas
602 345 649 385 in
669 345 758 384 hac
779 344 968 384 ciuitate
995 343 1216 393 obtinent,
1250 342 1442 382 insuetis
1469 348 1683 383 nostram
1711 341 1897 384 Acade-

264 415 406 455 miam
427 415 641 455 laudibus
676 414 939 454 extulerint.
976 413 1089 453 Erat
1124 413 1244 453 inter
1274 418 1488 453 caeteros
1521 413 1712 464 quidam
1732 419 1895 465 tanta'e

265 486 336 525 uir
357 485 671 534 authoritatis,
691 490 893 536 quantae
914 485 1066 524 nullus
1087 490 1157 523 est
1177 484 1266 523 hac
1290 484 1336 523 in
1366 483 1555 524 ciuitate
1586 483 1638 533 (is
1660 470 1771 524 tunc
1792 485 1893 536 qui-

260 557 368 596 dem
388 556 589 606 uiuebat,
614 567 735 595 nunc
755 567 868 595 uero
885 555 977 595 iam
999 567 1022 594 e
1040 554 1158 594 uiuis
1179 554 1412 604 excessit),
1433 554 1524 605 qui,
1544 555 1715 606 templo
1732 566 1891 606 egres-

263 637 356 676 sus,
381 626 491 677 quid
511 626 702 665 sentiret
723 626 836 665 satis
863 626 935 665 his
955 625 1110 665 verbis
1137 624 1386 676 quemdam
1420 637 1479 664 ex
1514 625 1686 665 nostris
1713 625 1893 676 profes-

260 697 448 736 soribus
465 697 704 748 alloquens
718 696 989 745 declarauit3
1017 696 1071 735 “ii
1088 695 1266 746 (inquit)
1287 701 1392 735 sunt
1411 695 1604 745 fructus,
1624 707 1740 746 quos
1756 707 1892 746 prae-

262 770 392 808 clara
426 768 544 807 haec
584 773 743 807 vestra
777 765 955 817 profert
991 766 1274 814 academia„.
1312 764 1523 805 Prorex¹
1554 777 1668 805 vero
1704 765 1893 806 fabulae

263 838 497 889 grauitate
520 838 657 877 simul
675 849 729 877 ac
749 837 930 876 facetiis
952 836 1015 876 ita
1037 836 1346 879 detinebatur.
1370 842 1419 875 ut
1443 848 1469 875 a
1493 836 1749 887 lachrymis
1776 848 1893 876 non-

264 920 503 960 nunquam
526 908 607 948 Vix
628 908 896 948 abstineret.

339 979 444 1032 Jam
465 990 579 1018 vero
603 984 826 1030 quantum
848 978 893 1017 in
921 978 1112 1017 huiusce
1136 977 1340 1017 ciuitatis
1371 977 1635 1017 hominibus
1667 977 1892 1028 spiritalis

261 1050 498 1100 profectus
515 1061 596 1101 per
613 1049 785 1089 Christi
801 1048 1000 1088 famulos
1017 1048 1295 1098 excreuerit,
1316 1054 1544 1099 quantum
1561 1048 1725 1098 pietas,
1745 1060 1871 1099 quan
1887 1072 1890 1076 .

261 1127 359 1161 tum
379 1120 575 1171 relligio,
598 1120 845 1160 dicendum
866 1125 949 1159 est.
973 1119 1161 1159 Nobiles
1183 1120 1372 1170 multae,
1401 1119 1629 1170 imprimis
1659 1119 1890 1170 Virgines,

262 1204 320 1231 ex
347 1191 550 1241 assidua,
588 1197 685 1231 tum
716 1190 1043 1241 confessionis,
1080 1196 1178 1230 tum
1208 1190 1337 1230 verbi
1372 1189 1462 1229 Dei
1496 1189 1889 1241 frequentatione,

262 1262 525 1302 mundanos
567 1262 807 1312 negligere
847 1272 1176 1313 nunquamque
1212 1261 1438 1300 morituro
1481 1272 1653 1311 sponso
1698 1259 1891 1301 Christo

262 1333 518 1373 adhaerere
548 1333 823 1372 didicerunt.
860 1332 985 1372 Inter
1016 1343 1131 1383 quas
1167 1331 1396 1383 quaedam
1433 1331 1573 1371 etiam
1610 1331 1711 1382 ipsa
1744 1331 1890 1371 nobili

259 1404 481 1454 prosapia
502 1403 762 1454 progenita,
792 1413 964 1452 sponso
992 1402 1168 1452 relicto,
1202 1401 1523 1452 virginitatem
1551 1401 1687 1441 simul
1714 1407 1759 1441 et
1785 1402 1890 1441 reli-

260 1474 447 1524 gionem
467 1474 609 1514 uouit.
634 1473 708 1513 Ad
736 1473 853 1513 haec
889 1472 1161 1524 quammulti
1195 1472 1479 1512 laboriosum
1514 1483 1755 1524 graueque
1783 1472 1891 1512 dae-

260 1545 411 1584 monis
432 1545 592 1595 iugum
609 1544 908 1595 deponenteS,
932 1545 1033 1584 leue
1055 1555 1291 1595 suaueque
1319 1543 1494 1584 Christi
1512 1555 1629 1583 onus
1659 1543 1890 1584 sustinere

258 1622 529 1667 coeperunt.
555 1615 699 1655 Multa
721 1615 903 1666 quidem
927 1621 1032 1654 sunt
1054 1614 1324 1666 quotidiana
1352 1615 1582 1665 exempla,
1610 1626 1728 1665 quae
1756 1626 1891 1666 aper-

259 1686 319 1726 tis
339 1687 385 1726 id
404 1686 588 1726 indiciis
610 1692 854 1726 testantur:
879 1686 960 1725 sed
981 1686 1089 1726 dum
1105 1697 1250 1725 vnum
1265 1685 1468 1725 breuiter
1486 1697 1686 1736 expono,
1706 1685 1887 1735 audire,

257 1769 450 1808 quaeso,
474 1769 531 1797 ne
553 1768 768 1807 grauere,
794 1756 895 1796 Rde
925 1755 1077 1796 Pater.
1102 1756 1341 1796 Venerant
1361 1768 1455 1796 non
1483 1755 1638 1796 multis
1665 1763 1773 1796 ante
1793 1756 1890 1796 die-

255 1828 342 1868 bus
363 1829 635 1868 concionem
658 1827 901 1867 auditurae
918 1826 1181 1878 impudicae
1208 1826 1438 1878 quaedam
1465 1827 1698 1866 mulieres:
1724 1833 1771 1867 at
1793 1838 1889 1878 quo

252 1899 426 1950 animo,
451 1905 499 1939 tu
522 1900 619 1950 ipse
653 1899 841 1939 uideris.
878 1898 1179 1938 Accedebant
1213 1899 1335 1938 enim
1372 1898 1582 1937 vestibus
1618 1909 1733 1937 auro
1759 1908 1889 1948 gem-

256 1970 434 2020 misque
457 1970 687 2010 distinctis
708 1970 991 2019 succinctae,
1016 1981 1071 2009 ac
1101 1969 1344 2020 torquibus
1366 1970 1485 2008 mira
1519 1975 1618 2008 arte
1640 1969 1810 2008 dolatis
1831 1980 1888 2009 ac

254 2039 526 2080 fabrefactis
561 2048 775 2087 ornatae;
814 2040 1059 2091 cognoscis
1093 2051 1254 2079 earum
1289 2050 1556 2089 accessum3
1595 2045 1641 2078 at
1677 2039 1828 2090 qualis
1865 2052 1890 2079 e

255 2112 426 2161 templo
457 2112 697 2151 recessus?
733 2122 872 2162 quam
906 2121 1122 2161 egressus
1157 2110 1213 2149 ab
1249 2110 1468 2160 ingressu
1504 2109 1733 2149 diuersus!
1771 2116 1889 2161 quot

256 2193 480 2232 operuere
503 2183 682 2221 vultum
703 2182 972 2232 lachrymis!
1007 2187 1118 2232 quot
1146 2180 1341 2220 emisere
1367 2180 1572 2231 gemitus
1599 2187 1643 2220 et
1665 2180 1884 2232 suspiria!

255 2252 435 2302 quoties
456 2253 768 2292 admissorum
799 2254 1027 2292 scelerum
1057 2263 1287 2291 memores
1308 2258 1500 2301 pectora
1532 2250 1762 2291 tutudere!
1794 2263 1888 2303 quo

253 2322 510 2362 studiosius
532 2329 669 2362 antea
687 2334 869 2362 comam
899 2322 1253 2373 componebant,
1293 2334 1346 2361 eo
1383 2328 1492 2361 tunc
1523 2322 1740 2361 libentius
1761 2334 1888 2364 eam-

256 2393 360 2432 dem
381 2393 680 2433 vellicabant:
704 2393 812 2444 quid
829 2394 944 2433 tum?
964 2399 1015 2433 vt
1034 2393 1217 2444 publice
1234 2392 1456 2432 merendo
1485 2393 1737 2432 multorum
1758 2404 1886 2436 men-

256 2468 325 2502 tes
341 2464 578 2514 uitiarant,
605 2464 668 2503 ita
689 2464 873 2514 publica
890 2463 1175 2515 poenitentia
1205 2464 1376 2503 multos
1401 2464 1518 2503 alios
1552 2469 1658 2503 sunt
1680 2462 1740 2503 ad
1760 2474 1884 2503 eam-

254 2533 361 2573 dem
381 2534 672 2574 adhortatae.
696 2533 911 2574 Nondum
931 2535 1087 2586 itaque
1109 2535 1323 2575 concioni
1353 2533 1456 2573 finis
1484 2534 1730 2585 impositus
1764 2539 1881 2584 erat,

254 2603 439 2655 iamque
459 2604 545 2643 sibi
567 2610 755 2656 torques
776 2605 1093 2645 detraxerant:
1116 2616 1234 2656 quae
1256 2616 1331 2645 res
1353 2605 1440 2654 his,
1461 2604 1539 2656 qui
1558 2604 1768 2654 aderant,
1787 2616 1883 2644 non

257 2674 541 2714 mediocrem
561 2676 713 2714 attulit
735 2675 1104 2726 admirationem,
1129 2687 1184 2715 ac
1206 2675 1339 2715 nobis
1360 2686 1590 2715 summam
1612 2675 1658 2714 in
1678 2674 1880 2714 Domino

252 2744 492 2795 laetitiam,
523 2745 643 2796 quod
664 2745 904 2785 uideamus
931 2756 1120 2786 manum
1147 2745 1336 2786 Domini
1372 2757 1466 2785 non
1504 2757 1606 2785 esse
1644 2745 1885 2786 abbreuia-

251 2821 363 2863 tam,
401 2815 492 2854 imo
528 2827 640 2855 uero
675 2828 758 2856 sua
799 2816 846 2856 in
881 2827 1042 2856 omnes
1075 2816 1316 2856 affluenter
1352 2816 1647 2867 benigneque
1682 2827 1877 2856 munera

255 2885 485 2925 conferre.

309 3044 316 3061 ¹
358 3043 504 3076 Joannes
520 3044 560 3071 de
581 3044 689 3078 Vega.
