2020 3342
823 253 905 292 ΑΝ.
935 253 1026 291 1556
1670 255 1731 293 171

114 351 239 392 aliud
260 352 333 392 hic
354 352 529 403 passim
551 352 607 392 ab
628 351 841 392 omnibus
861 351 1097 393 ferebatur
1126 352 1191 403 (et
1212 352 1414 393 maxime
1436 352 1493 392 ab
1523 352 1609 402 hiS,
1632 353 1725 404 qui-

113 423 199 462 bus
230 423 397 474 vulgus
427 434 519 463 non
547 423 828 463 mediocrem
857 423 994 463 fidem
1024 423 1309 473 adhibebat),
1346 435 1484 475 quam
1517 435 1601 463 nos
1632 435 1731 462 sen-

113 493 276 533 suales
298 492 307 512 ¹
329 505 431 534 esse
448 499 491 534 et
507 495 585 546 qui
605 494 811 534 redditus
828 506 1172 546 quaereremus:
1194 495 1498 546 praecipuum
1519 502 1731 534 nostrum

116 564 317 604 studium
342 564 387 604 in
416 565 503 604 hoc
534 555 832 615 collocatum,
864 571 911 605 vt
939 565 1151 605 mollibus
1186 564 1504 614 indueremur,
1535 565 1658 604 laute
1689 571 1734 604 et

116 634 306 686 opipare
327 636 636 687 epularemur;
658 636 781 675 vnde
802 635 1007 686 inopiam
1034 642 1077 676 et
1103 636 1240 676 huius
1270 635 1472 675 ciuitatis
1499 635 1734 675 miseriam

116 705 222 756 (qua
244 705 290 744 hi
312 705 439 745 ciues
460 707 661 746 maxime
683 706 1022 757 opprimuntur)
1045 718 1102 746 ex
1123 706 1257 746 nobis
1278 707 1550 757 prouenisse
1579 706 1735 745 clami-

117 775 291 815 tabant.
315 775 415 827 Quo
444 775 580 816 fiebat
607 783 658 816 vt
686 777 898 816 omnibus
927 788 1135 817 essemus
1163 777 1292 826 odio,
1321 776 1550 828 paucique
1581 776 1736 816 admo-

115 845 223 886 dum
245 852 413 896 essent,
438 847 515 898 qui
536 858 621 886 nos
642 847 788 887 toruis
810 847 955 887 oculis
976 859 1069 887 non
1092 847 1392 899 respicerent.
1416 846 1492 886 Ad
1513 846 1628 887 haec
1650 857 1737 886 nos

110 917 288 968 plebem
308 918 528 957 seducere
551 930 640 958 non
661 918 944 958 verebantur
964 918 1009 958 in
1032 930 1083 958 os
1103 924 1315 958 nostrum
1332 918 1487 958 dicere
1509 917 1537 958 ²:
1562 917 1672 969 quin
1693 923 1737 957 et

115 988 203 1039 ipsi
222 989 454 1039 monachi,
478 989 647 1029 nedum
668 989 919 1040 seculares,
942 989 1076 1029 nobis
1103 1001 1284 1029 summo
1317 994 1488 1029 conatu
1519 989 1737 1029 resistere

117 1071 352 1111 nunquam
373 1059 671 1111 desistebant,
696 1072 722 1100 a
743 1060 908 1111 quibus
930 1066 1094 1100 contra
1110 1060 1241 1111 vulgi
1257 1071 1468 1100 rumores
1483 1072 1567 1099 nos
1584 1059 1736 1099 defen-

117 1130 292 1170 dendos
320 1142 414 1171 non
443 1131 704 1170 absurdum
737 1135 841 1171 erat
874 1132 1165 1182 sperandum
1199 1130 1227 1168 ⁵.
1264 1131 1331 1170 Illi
1362 1142 1475 1181 ergo
1510 1130 1738 1182 imprimis

116 1200 168 1241 R.
193 1201 242 1241 Ρ.
262 1201 450 1241 Rectori
466 1200 495 1252 ⁴,
516 1202 852 1254 frequentanda
870 1213 972 1242 esse
989 1208 1284 1242 sacramenta
1300 1202 1526 1242 ecclesiae
1543 1200 1734 1241 suaden-

116 1272 165 1322 ti,
189 1272 372 1323 magnis
393 1258 570 1313 viribus
592 1273 876 1313 restiterunt.
901 1273 1021 1324 Quid
1043 1273 1166 1325 quod
1197 1279 1240 1313 et
1271 1273 1384 1324 ipsis
1414 1272 1540 1312 tertii
1561 1272 1738 1312 ordinis

116 1342 324 1383 habitum
345 1344 635 1394 gestantibus
656 1344 870 1384 foeminis
886 1344 1241 1394 interdixerunt,
1264 1356 1322 1384 ne
1338 1344 1428 1383 huc
1446 1343 1505 1383 ad
1521 1342 1738 1383 confiten-

116 1413 222 1454 dum
245 1415 550 1455 accederent?
573 1415 697 1466 Quid
711 1415 901 1466 plura?
923 1414 937 1433 ⁵
958 1415 1030 1455 Ab
1058 1415 1222 1455 iisdem
1244 1415 1399 1466 palam
1420 1414 1630 1466 superbi,
1656 1414 1738 1465 hy-

116 1486 325 1536 pocritae
346 1486 654 1537 nominamur,
679 1487 845 1538 quibus
866 1487 1022 1527 uerbis
1044 1498 1128 1526 nos
1150 1498 1177 1526 a
1198 1486 1482 1538 quotidianis
1503 1485 1739 1526 exercitiis

117 1557 379 1608 perturbari
409 1569 545 1608 posse
573 1558 865 1608 existimant3
888 1558 969 1598 sed
1000 1564 1125 1597 recte
1154 1557 1446 1597 meminimus
1474 1556 1596 1608 quod
1623 1556 1739 1596 dixit

117 1627 370 1679 Apostolus
392 1627 420 1666 ⁶.
445 1628 501 1668 δι’
517 1629 649 1668 Deus
664 1634 756 1680 pro
780 1629 912 1669 nobis
933 1629 1039 1680 quis
1060 1633 1224 1669 contra
1248 1629 1362 1668 nos?
1385 1628 1486 1679 Quo
1516 1628 1588 1678 fit,
1612 1634 1663 1668 vt
1683 1639 1738 1667 eo

117 1699 284 1739 maiori
303 1700 480 1740 laetitia
502 1700 773 1751 afficiamur,
798 1712 888 1752 quo
909 1701 1076 1741 maiori
1097 1712 1182 1740 nos
1205 1700 1307 1740 aliis
1324 1700 1535 1740 uidemus
1557 1710 1658 1740 esse
1675 1699 1739 1738 lu‘

117 1769 283 1811 dibrio:
306 1782 391 1810 nec
412 1771 499 1811 hoc
522 1771 707 1822 quidem
724 1778 793 1811 est
809 1772 1148 1821 admirandum;
1168 1783 1275 1811 nam
1293 1778 1401 1811 tunc
1418 1771 1644 1822 spiritalis
1665 1770 1741 1810 do-

118 1853 218 1882 mus
238 1841 421 1882 firmum
442 1846 511 1881 est
533 1842 796 1891 aedificium
826 1842 859 1893 ⁷,
883 1854 989 1882 cum
1010 1854 1151 1894 supra
1171 1842 1352 1882 firmam
1382 1841 1706 1881 tribulationes
1726 1838 1740 1857 ⁸

120 1918 299 1964 petram
326 1913 499 1953 iactum
527 1920 609 1953 est.
641 1913 794 1965 Atque
825 1914 872 1954 in
899 1914 988 1954 hoc
1017 1914 1104 1954 Dei
1136 1925 1253 1965 opus
1286 1925 1387 1953 esse
1422 1913 1738 1963 cognoscitur.

118 1984 251 2035 Quod
272 1982 286 2002 ⁹
308 1996 485 2032 omnes,
509 1996 626 2036 quas
647 1997 852 2037 vnquam
874 1985 1030 2025 adiere
1052 1984 1215 2024 Patres
1238 1984 1502 2034 Societatis‚
1527 1984 1741 2024 ciuitates

118 2061 361 2095 testantur:
386 2056 541 2095 omnia
562 2055 684 2095 em'm
709 2054 737 2074 ¹⁰
758 2056 954 2106 collegia
970 2068 995 2095 a
1018 2055 1422 2107 persecutionibus
1443 2061 1739 2106 sumpserunt

118 2125 313 2166 initium.
337 2126 516 2166 Verum
542 2132 706 2177 postea
733 2126 963 2167 Dominus
992 2127 1219 2178 disposuit
1249 2126 1404 2166 omnia
1435 2126 1664 2175 suauiter,
1695 2133 1739 2165 et

119 2198 267 2238 malas
289 2198 344 2238 de
364 2198 498 2238 nobis
521 2204 772 2250 conceptas
794 2210 818 2238 e
839 2198 1070 2238 mentibus
1092 2198 1332 2238 hominum
1355 2197 1598 2248 opiniones
1619 2198 1740 2236 euul-

119 2268 189 2308 sit.
216 2268 349 2319 Quod
369 2269 502 2309 nobis
524 2281 609 2309 usu
637 2269 822 2310 venisse
850 2269 951 2321 quis
973 2281 1065 2309 non
1092 2269 1238 2309 videt?
1259 2268 1494 2320 Siquidem
1516 2268 1593 2307 vbi
1624 2268 1742 2308 veri-

120 2345 262 2379 tatem
297 2346 550 2391 coeperunt
584 2340 824 2391 indagare,
858 2347 901 2381 et
930 2352 1028 2380 rem
1058 2346 1108 2380 vt
1138 2352 1239 2380 sese
1270 2340 1462 2379 haberet
1492 2350 1745 2389 cognosce-

119 2421 182 2461 re,
207 2411 426 2463 quicquid
447 2411 540 2451 odii
560 2411 606 2451 in
627 2423 712 2452 nos
729 2412 1057 2462 conflauercmt
1078 2411 1119 2461 ¹¹,
1140 2412 1468 2463 deposuerunt:
1491 2416 1535 2450 et
1552 2422 1641 2462 quo
1658 2421 1744 2450 nos

220 2595 401 2624 delicatos.
416 2596 603 2624 Pommcns.

221 2644 310 2676 quod
322 2643 461 2678 plebem
477 2645 728 2671 seduceremus
742 2643 872 2671 addidit
890 2643 1068 2671 PoIancus.

223 2692 442 2725 sperandum
459 2694 547 2719 erat.
562 2691 751 2719 PorAxcus.

224 2738 248 2764 P
274 2738 429 2773 Philippo
445 2738 600 2767 Cassino.

222 2784 388 2813 Demum.
404 2785 588 2814 Pomm-eos.

223 2831 317 2860 Rom.
334 2840 407 2867 v111,
423 2841 455 2860 V.
471 2834 516 2861 31.

222 2879 259 2908 fit
267 2880 562 2915 fundamentum.
576 2881 763 2909 POLAxcus.

221 2927 471 2962 afflictionum.
486 2929 535 2956 10.

223 2974 417 3010 Quodfere.
434 2976 482 3003 Io.

221 3029 286 3056 que
296 3024 566 3058 propemodum.
581 3024 630 3052 10.

223 3073 464 3108 conceperant.
478 3071 527 3100 Io.

169 2643 187 3088 —0‘22—1020100120

157 3021 167 3090 ..—
