2020 3342
234 259 304 300 242
742 260 790 299 1⁴1
804 272 965 299 rrERAE
993 268 1352 304 QUADRIMESTRES

375 594 654 622 Praecedentium
668 594 786 622 fratris
803 593 998 629 Hieronymi
1015 594 1054 621 de
1070 593 1215 628 Ripalda
1230 594 1422 622 litterarum
1434 594 1547 622 versio
1562 593 1671 621 latina
1690 593 1714 620 ¹.

975 768 1124 838 Jesus.

315 929 415 972 R.d0
445 930 489 970 in
514 929 698 970 Christo
721 928 847 969 Patri
868 928 927 968 M.
958 928 1139 979 Ignatio
1170 927 1226 967 de
1254 927 1448 979 Loyola,
1476 927 1747 978 Praeposito
1771 927 1857 968 Ge-

234 1001 382 1042 nerali
403 1001 650 1042 Societatis
669 1000 794 1053 Jesu,
820 1000 1017 1039 salutem
1038 1005 1082 1039 et
1103 999 1371 1050 obsequium
1395 999 1439 1038 in
1462 998 1679 1039 Domino.

315 1072 478 1113 Gratia
501 1077 544 1112 et
565 1083 659 1122 pax
685 1070 859 1111 Christi
880 1077 967 1111 etc.

316 1143 546 1194 Quoniam
568 1153 648 1192 per
666 1153 769 1181 eam
786 1142 1047 1193 epistolam,
1063 1152 1201 1193 quam
1223 1147 1421 1192 quatuor
1438 1141 1605 1180 abhinc
1623 1139 1858 1180 mensibus

233 1214 293 1254 ad
314 1220 358 1254 te
380 1214 603 1264 misimus,
628 1212 1051 1252 obseruandissime
1068 1212 1220 1262 Pater,
1240 1212 1464 1263 scriptum
1483 1218 1551 1251 est
1567 1222 1704 1263 quem
1721 1211 1858 1251 finem

233 1285 478 1325 habuerint
499 1284 564 1324 illi
585 1283 747 1334 morbi,
772 1283 938 1334 quibus
958 1283 1045 1323 hoc
1067 1283 1315 1334 collegium
1347 1282 1711 1334 opprimebatur,
1741 1281 1857 1321 haec

233 1355 278 1396 id
298 1367 421 1396 nunc
445 1366 698 1407 exposcere
721 1354 917 1404 uidetur,
937 1359 985 1393 ut
1003 1365 1121 1405 quae
1140 1353 1263 1405 apud
1283 1364 1369 1393 nos
1385 1359 1491 1403 post
1509 1354 1706 1392 salutem
1728 1352 1859 1392 resti-

233 1432 381 1467 tutam
399 1433 534 1478 gesta
556 1426 662 1476 sint,
686 1425 930 1475 breuitate,
956 1436 1048 1476 qua
1070 1425 1287 1475 solemus,
1312 1424 1587 1464 scribamus.

312 1497 478 1538 Statim
500 1503 638 1549 atque
660 1496 877 1536 ualetudo
898 1495 1091 1536 Patrum
1115 1496 1171 1536 ab
1194 1496 1267 1535 his
1287 1495 1463 1536 morbis
1492 1495 1557 1535 ita
1585 1494 1859 1534 confirmata

233 1576 302 1610 est
323 1575 372 1609 ut
388 1576 593 1621 possent,
618 1568 735 1608 citra
758 1568 1017 1619 periculum
1040 1567 1095 1607 de
1117 1567 1299 1617 integro
1322 1566 1369 1606 in
1393 1578 1471 1606 eos
1488 1565 1736 1616 incidendi,
1755 1565 1858 1605 soli-

233 1646 436 1680 tassuas
469 1638 829 1679 exerestanones
864 1637 1097 1689 prosequss
1127 1649 1219 1689 qua
1247 1637 1725 1687 &nebantcfiugenfia
1752 1641 1858 1677 sunt

233 1711 517 1763 prosequuta
548 1709 803 1761 etpcrindc
839 1715 977 1760 atque
1013 1708 1175 1759 nostrh
1209 1708 1385 1748 unibus
1423 1707 1766 1758 redintegrathffi
1800 1708 1857 1748 ad

232 1782 461 1822 iuuandos
482 1781 720 1833 proximos
748 1780 996 1820 accinxere
1023 1791 1139 1830 sese,
1162 1779 1227 1819 ita
1256 1784 1481 1819 renouata
1511 1784 1581 1818 est
1610 1779 1859 1818 multorum

232 1853 472 1904 diligentia
496 1853 542 1892 in
562 1851 913 1903 frequentandis
936 1850 1242 1890 confessionis
1264 1862 1318 1890 ac
1340 1849 1681 1890 communionis
1702 1861 1857 1889 sacra-

231 1925 398 1965 mentis
420 1924 603 1975 aliisqui
625 1923 810 1975 pietatis
831 1922 1064 1974 operibus,
1090 1922 1136 1961 in
1165 1921 1331 1973 quibus
1359 1922 1597 1972 aliquanto
1625 1921 1856 1960 remissio-

230 2007 306 2036 res
326 1995 510 2035 fuerant
528 2007 586 2034 ex
603 2006 658 2034 eo
676 1993 799 2045 quod
819 1993 883 2033 uti
899 2005 992 2033 non
1005 1998 1212 2044 possent,
1231 1998 1280 2032 ut
1299 1998 1450 2042 antea,
1470 1992 1661 2031 Patrurn
1679 1998 1859 2031 nostro-

232 2078 334 2107 rum
355 2078 510 2118 opera.
543 2065 816 2116 Complures
837 2064 993 2113 etiam,
1026 2063 1103 2114 qui
1125 2063 1180 2103 de
1198 2075 1326 2103 more
1347 2062 1580 2102 habebant
1600 2062 1859 2113 Collegium

232 2144 443 2178 nostrum
464 2137 679 2186 inuisere,
705 2148 761 2176 ac
781 2134 1101 2175 nobiscum·de
1122 2134 1260 2174 rebus
1289 2134 1348 2174 ad
1370 2135 1567 2173 salutem
1599 2134 1860 2174 animarum

231 2208 567 2259 perfinenffibus
598 2206 1009 2257 conoqui,nosnffs
1041 2204 1861 2247 enan]lumerarfis,exercstanunnis

233 2280 472 2328 interesse,
506 2284 548 2318 et
578 2278 634 2317 ob
670 2278 839 2317 multas
877 2276 1226 2327 occupationes,
1264 2275 1429 2325 quibus
1456 2275 1506 2313 in
1538 2275 1742 2325 aegrotis
1768 2287 1860 2315 ser-

232 2349 784 2397 ustnuhschsnnebannng
815 2347 1034 2386 recedere
1064 2346 1859 2397 uelinsauuaticogebantur‚hoe

233 2421 326 2460 iam
348 2421 528 2461 sublato
563 2419 909 2470 impedimento,
950 2429 1128 2457 morem
1163 2417 1410 2468 pristinum
1446 2423 1489 2456 et
1512 2423 1793 2457 reuocarunt
1815 2423 1860 2457 et

236 2492 449 2532 retinent.

313 2563 451 2603 Pater
473 2561 745 2602 Emmanuel
769 2560 833 2610 (Vt
855 2572 879 2600 a
903 2559 1206 2600 concionibus
1227 2570 1407 2599 sumam
1435 2558 1693 2610 exordium)
1726 2559 1783 2599 ab
1803 2570 1858 2599 eo

234 2640 442 2685 tempore
478 2632 707 2684 aliquibus
740 2631 983 2671 dominicis
1016 2641 1070 2670 ac
1101 2629 1230 2669 festis
1266 2630 1426 2669 diebus
1450 2630 1493 2669 in
1519 2631 1688 2681 templo
1710 2630 1860 2670 Diuae

236 2705 429 2755 Mariae,
454 2716 507 2743 ac
530 2703 575 2742 in
605 2703 708 2742 aliis
730 2702 1008 2753 quibusdam
1040 2700 1224 2752 oppidis
1254 2700 1498 2751 Compluto
1528 2701 1695 2741 uicinis
1722 2701 1861 2741 habet

291 2887 300 2907 ¹
340 2886 588 2920 Autographac
605 2886 636 2911 in
652 2884 776 2918 duplici
794 2883 884 2916 folio,
902 2891 955 2910 nn.
971 2882 1022 2909 282
1037 2886 1068 2909 et
1088 2883 1148 2908 233.
1161 2882 1259 2909 --Eas
1274 2890 1333 2916 pro
1358 2891 1449 2910 more
1474 2883 1660 2917 castigavit
1685 2883 1862 2915 Polancus.

237 2942 375 2968 nosque,
391 2941 429 2960 ne
446 2933 579 2960 obscuri
597 2931 724 2963 siamus,
742 2932 819 2958 dum
842 2932 964 2957 breves
987 2937 1058 2956 esse
1085 2930 1328 2961 contendimus,
1353 2938 1462 2964 primo
1483 2938 1552 2964 eas,
1576 2931 1693 2965 quales
1716 2931 1861 2966 Ripalda

236 2982 384 3015 scripsit,
401 2981 547 3013 edemus,
562 2980 695 3006 ilnlz‘cis
707 2979 832 3005 litteris
847 2978 1077 3004 describentes
1093 2984 1177 3010 quae
1194 2985 1212 3003 a
1228 2977 1376 3004 Polanco
1388 2979 1442 3004 vel
1455 2978 1647 3005 cancellata
1661 2979 1860 3007 velmutata

236 3034 323 3062 sunu
340 3029 414 3055 dein
431 3028 548 3062 quales
563 3034 579 3054 e
596 3027 733 3054 Polanci
749 3026 903 3053 manibus
919 3032 1060 3052 evasere
1077 3029 1109 3050 et
1126 3026 1167 3051 ab
1184 3025 1255 3058 ejus
1270 3025 1431 3059 librariis,
1448 3030 1482 3053 ut
1498 3026 1531 3053 in
1546 3025 1729 3054 societatis
1744 3026 1859 3054 domos

239 3077 465 3106 iniurientur,
485 3074 713 3107 transcriptae
732 3073 836 3099 sucre.
1264 3072 1265 3076 ’
