2020 3342
251 265 321 306 612
759 262 984 304 LITTERAE
1011 273 1367 309 QUADRIMESTRES

979 717 1177 773 DLXI

324 953 358 991 F
362 953 587 992 ranciscus
607 952 842 999 Costerus‚

371 1019 439 1057 Ex
457 1017 774 1055 commissione
794 1017 846 1079 15.
867 1017 1012 1055 Patris
1031 1017 1252 1056 Leonardi
1271 1017 1440 1064 Kessel,

419 1084 540 1122 Patri
558 1083 724 1130 Jacobo
743 1082 943 1130 Laynez‚
964 1082 1158 1121 Vicario.

468 1149 665 1195 Colonia,
687 1148 731 1186 13
750 1148 1006 1186 Decembris
1029 1148 1119 1186 1556
1139 1149 1172 1184 ¹.·

1015 1270 1125 1346 nfis

332 1430 431 1471 Pax
452 1430 625 1471 Christi
645 1436 732 1470 etc.

331 1502 603 1542 Reuerende
624 1501 671 1541 in
697 1500 880 1542 Christo
903 1500 1054 1540 Pater:
1079 1501 1282 1551 Tempus
1298 1512 1384 1541 nos
1401 1508 1571 1552 monet,
1590 1507 1639 1542 ut
1656 1513 1776 1553 quae
1794 1500 1882 1541 hoc

253 1585 409 1614 mense
431 1572 682 1613 Nouembri
707 1578 841 1623 gesta
869 1577 990 1620 sunt,
1020 1571 1308 1612 obedientiae
1339 1572 1626 1613 satisfacturi
1654 1571 1712 1611 ad
1741 1571 1799 1612 V.
1824 1571 1879 1612 R.

252 1644 611 1696 perscribamus.

331 1715 465 1766 Quod
486 1722 535 1755 ut
558 1714 846 1756 commodius
868 1715 963 1766 fiat,
988 1715 1111 1755 hunc
1135 1714 1347 1754 ordinem
1372 1714 1584 1754 seruabo:
1608 1719 1658 1754 ut
1685 1713 1883 1765 primum

252 1799 276 1826 a
299 1786 652 1827 Coloniensibus
672 1786 846 1826 nostris
867 1785 1110 1826 exordium
1132 1796 1326 1837 sumam,
1360 1785 1437 1837 qui
1465 1785 1617 1826 adhuc
1645 1796 1769 1825 nouo
1790 1784 1882 1824 iam

252 1860 398 1898 electo
430 1858 668 1909 Antistite,
701 1858 845 1898 fratre
875 1858 1094 1897 nimirum
1125 1857 1355 1897 demortui
1387 1856 1415 1907 ²,
1449 1857 1494 1896 in
1530 1855 1617 1896 fide
1651 1855 1882 1897 catholica

251 1936 461 1981 perstant
482 1928 513 1980 ⁵,
536 1936 826 1980 augeturque
848 1928 1165 1968 confitentium
1186 1935 1230 1968 et
1251 1928 1695 1968 communicantium
1726 1938 1882 1967 nume-

251 2013 331 2041 rus
352 2001 398 2040 in
419 2000 516 2040 dies
538 2000 689 2050 magis
708 2000 967 2051 magisque,
991 2006 1038 2039 ut
1060 2011 1153 2039 non
1174 1999 1404 2039 immerito
1427 2010 1649 2050 magnam
1671 2009 1803 2049 spem
1827 1997 1883 2037 de

253 2072 449 2113 Colonia
466 2077 627 2111 nostra
645 2072 1012 2122 conceperimus.
1032 2070 1179 2110 Fauet
1196 2070 1329 2110 nobis
1346 2076 1441 2110 tota
1460 2069 1754 2110 Uniuersitas
1778 2080 1884 2109 curn

253 2143 555 2184 Senatoribus
578 2143 789 2183 omnibus
817 2148 860 2182 et
890 2148 986 2182 tota
1016 2142 1217 2193 ciuitate,
1243 2148 1291 2181 ut
1313 2153 1405 2181 non
1428 2141 1624 2181 obscure
1645 2141 1783 2181 factis
1803 2140 1885 2181 de-

253 2214 548 2255 monstrauit.
572 2214 821 2254 Constituit
842 2225 1043 2264 namque
1061 2213 1355 2253 Uniuersitas
1374 2212 1447 2263 (ad
1465 2213 1551 2252 hoc
1573 2212 1618 2252 in
1639 2211 1885 2252 concilium

256 2288 439 2334 coacta>
463 2285 744 2336 Magistrum
764 2285 992 2337 Joannem
1014 2283 1149 2324 Riedt
1170 2282 1185 2301 ‘⁴
1207 2283 1551 2334 Collegiiillius,
1570 2282 1692 2334 quod
1713 2292 1884 2322 nouum

254 2363 442 2408 uocant,
469 2368 549 2396 seu
572 2356 713 2396 trium
736 2367 1029 2406 coronarum,
1053 2354 1316 2404 Rectorem,
1340 2361 1388 2394 ut
1409 2355 1453 2394 in
1476 2354 1587 2394 illud
1608 2354 1731 2394 circa
1761 2353 1882 2394 Nati·

255 2428 417 2468 uitatis
447 2427 724 2467 Dominicae
753 2426 1071 2466 solemnitates
1097 2425 1365 2476 migremus.
1395 2425 1561 2475 Adque
1582 2425 1782 2476 idipsum
1808 2423 1884 2464 Se-

255 2506 395 2539 natus
424 2499 577 2549 (cuius
605 2504 704 2538 erat
726 2497 960 2547 conferre)
989 2497 1052 2537 illi
1080 2497 1272 2537 contulit
1360 2495 1483 2536 Nihil
1510 2507 1595 2536 nos
1622 2501 1882 2536 remoratur

312 2661 320 2679 ¹
362 2659 609 2692 Autographae
625 2658 657 2685 in
675 2658 888 2685 Germaniae
903 2657 1086 2692 Epistolae
1103 2658 1247 2690 mixtae,
1261 2656 1385 2691 duplici
1402 2655 1481 2684 folio
1497 2656 1577 2684 olim
1591 2663 1621 2685 n.
1640 2656 1703 2691 248,
1721 2663 1807 2685 nunc
1828 2663 1883 2684 au-

256 2710 323 2732 tem
340 2705 378 2731 N.
394 2705 652 2732 2.—Menstruae
668 2709 757 2739 sunt,
770 2705 827 2732 sed
841 2704 1140 2739 quadrimestrium
1158 2703 1327 2730 defectum
1340 2703 1619 2737 supplent-Eas
1640 2704 1711 2731 fere
1731 2704 1884 2737 integras

257 2762 296 2780 ex
312 2753 510 2790 apographo
526 2753 630 2779 edidit
643 2753 714 2787 jam
728 2752 878 2786 ΗΑΝεΕΝ,
895 2753 915 2779 l.
932 2760 971 2786 c.,
989 2759 1066 2785 pag.
1080 2751 1207 2779 282284.

311 2802 324 2819 ·-’
362 2800 549 2827 “Antonius
564 2800 603 2826 de
621 2800 877 2834 Schauenburg,
894 2799 1042 2833 Adolphl
1056 2799 1113 2833 ΙΙΙ,
1131 2798 1291 2833 defuncti,
1309 2799 1425 2833 frater,
1445 2799 1479 2826 26
1495 2798 1649 2826 Octobris
1666 2799 1733 2827 1556
1753 2805 1884 2833 promo-

261 2854 315 2875 tus
331 2848 473 2881 suerat.„
488 2847 640 2880 HANSEN,
658 2848 678 2874 1.
695 2855 735 2880 c.,
750 2855 828 2881 pag.
844 2847 905 2881 282,
922 2850 1039 2873 annot.
1057 2846 1087 2874 3.

313 2897 327 2915 ⁵
364 2895 429 2928 Sic3
445 2895 534 2928 apud
550 2894 687 2921 HAxsux
700 2896 913 2928 persistunt,
928 2895 992 2927 vel,
1010 2894 1163 2928 suggerit
1181 2895 1262 2929 ipse,
1276 2896 1475 2928 praestant.

314 2944 328 2963 4
365 2942 477 2969 Reidt.
493 2941 553 2975 10„
571 2942 655 2969 zbid.

312 2990 325 3009 ὕ
363 2989 411 3016 De
428 2989 481 3015 his
495 2989 660 3016 videndus
675 2988 825 3023 HANSEN,
841 2989 861 3015 l.
877 2995 917 3023 c.,
933 2996 1010 3022 pag.
1026 2988 1077 3015 273
1091 2988 1323 3016 zea-“Rheni
1336 2988 1510 3022 ingressus
1522 2988 1564 3015 ad
1579 2987 1804 3016 Februarium
1817 2986 1884 3014 1557

259 3039 385 3066 dilatus
400 3042 450 3063 est
464 3036 563 3071 (Vide
581 3036 674 3070 Melz,
691 3036 896 3063 Geschichte
918 3037 976 3062 des
998 3036 1238 3071 Gymnasmms
1253 3043 1296 3062 an
1310 3035 1502 3068 Marzessen,
1520 3036 1640 3069 Progr.
1658 3038 1735 3069 1556,
1750 3042 1829 3071 pag.
1851 3033 1883 3063 10

261 3091 292 3114 et
309 3084 421 3119 seq.).„
436 3083 473 3111 Io
491 3106 497 3117 ,
514 3084 596 3112 ibid.
613 3091 691 3118 pag.
706 3084 766 3116 283,
782 3089 895 3111 annot.
913 3085 936 3117 1;
953 3083 1029 3111 vide
1045 3083 1147 3110 etiam
1164 3090 1241 3119 pag.
1253 3083 1314 3117 286,
1330 3089 1446 3111 annot.
1460 3084 1485 3110 3.
