2020 3342
846 288 930 331 Ax.
962 287 1053 332 1556
1691 288 1762 332 275

141 390 415 440 vellutatum
437 388 767 440 nominamus):
791 388 907 429 haec
930 395 1035 429 sunt
1058 388 1191 429 elatis
1218 400 1276 429 ex
1298 400 1440 429 aurea
1456 394 1585 429 veste
1601 388 1761 430 fasciis

142 463 282 503 certis
302 462 349 502 in
369 461 482 502 locis
510 460 742 509 distincta,
773 471 969 511 quorum
998 460 1207 500 fimbriae
1237 471 1296 499 ex
1322 459 1397 500 filo
1422 459 1637 500 inaurato
1666 460 1761 512 pul-

142 534 402 574 cherrimae
424 538 545 573 sunt.
569 531 759 572 Praeter
786 531 871 572 has
899 543 1059 572 omnes
1088 536 1258 581 vestes,
1291 536 1385 570 tres
1415 542 1597 583 quoque
1625 531 1762 572 datae

142 611 249 645 sunt
270 604 329 644 ad
361 604 590 656 pulpitum
620 602 871 654 tegendum
904 608 1040 654 atque
1072 601 1357 642 ornandum:
1384 613 1475 642 vna
1497 614 1554 642 ex
1573 602 1762 654 bomby-

143 675 248 716 cina
270 680 400 715 veste
422 674 512 714 atri
534 673 720 724 coloris,
745 673 876 713 cuius
899 684 981 713 ora
1002 672 1161 713 fasciis
1181 684 1240 712 ex
1267 672 1416 712 serico
1439 684 1546 712 raso
1568 673 1761 713 circum·

143 745 251 786 data
273 751 363 786 est:
387 746 533 785 altera
562 757 620 785 ex
648 744 910 784 holoserico
938 743 1102 784 viridis
1129 743 1299 784 coloris
1329 744 1461 783 cuius
1492 745 1764 784 extremitas

143 829 201 857 ex
221 822 352 856 veste
373 827 514 856 aurea
538 815 689 855 limbis
711 822 779 855 est
803 821 989 855 ornata:
1020 815 1157 854 tertia
1188 826 1300 855 vero
1332 826 1390 854 ex
1420 826 1474 855 eo
1501 815 1764 856 holoserico

142 899 392 940 purpureo,
416 887 540 939 quod
560 898 701 938 supra
723 886 839 937 dixi,
863 886 1020 926 multis
1039 886 1149 926 item
1169 885 1276 925 latis
1297 897 1356 926 ex
1378 897 1520 926 aurea
1549 892 1680 926 veste
1701 887 1764 927 fa-

142 959 266 1010 sciis,
290 958 435 999 variis
457 958 502 998 in
524 959 639 998 locis
660 963 888 998 exornata
911 964 1049 1008 atque
1071 957 1306 997 distincta.

221 1030 482 1082 Episcopus
509 1028 764 1080 Targensis
787 1027 813 1079 ¹,
838 1028 915 1080 qui
944 1028 1032 1069 hoc
1062 1034 1271 1079 tempore
1300 1027 1483 1068 Eborac
1512 1028 1766 1081 episcopali

144 1112 335 1142 munere
364 1100 588 1152 fungitur,
621 1099 788 1152 quique
816 1105 859 1139 te
889 1100 1054 1151 ipsum,
1081 1098 1219 1139 Pater
1245 1098 1370 1147 R.de,
1400 1099 1613 1139 Lutetiae
1643 1099 1766 1140 Pari-

145 1172 322 1213 siorum
342 1171 578 1223 cognouit,
609 1177 763 1222 atque,
794 1177 843 1211 ut
872 1170 1087 1221 arbitror,
1119 1176 1273 1210 tecum
1302 1170 1572 1210 nonnullam
1607 1170 1767 1211 habuit

145 1243 543 1293 consuetudinem,
575 1253 747 1293 magno
779 1253 865 1282 nos
893 1253 1055 1282 omnes
1085 1247 1129 1281 et
1150 1241 1378 1292 singulari
1406 1253 1565 1282 amore
1586 1242 1766 1282 vniuer-

148 1326 340 1367 samque
361 1313 645 1354 Societatem
678 1318 887 1353 nostram
919 1313 1262 1363 complectitur:
1292 1313 1530 1364 quocirca,
1561 1324 1667 1353 cum
1693 1313 1768 1353 ali-

145 1386 257 1438 quid
278 1385 412 1427 nobis
431 1385 712 1425 sacrandum
734 1390 819 1435 est,
843 1383 1148 1424 libentissimo
1171 1384 1326 1424 animo
1354 1389 1542 1436 praesto
1572 1390 1662 1424 est:
1692 1396 1766 1424 ne-

148 1469 236 1509 que
257 1458 350 1497 vllo
372 1455 509 1496 modo
530 1456 705 1507 patitur
725 1460 773 1495 ut
798 1466 868 1505 ea,
892 1466 1010 1506 quae
1031 1455 1264 1495 sacranda
1285 1455 1390 1501 sint,
1415 1455 1474 1496 ad
1501 1467 1550 1496 se
1577 1455 1767 1496 domum

148 1529 431 1579 deferantur,
455 1527 536 1567 sed
556 1527 710 1578 potius
732 1527 829 1578 ipse
852 1525 909 1565 ad
930 1537 1016 1566 nos
1037 1526 1136 1566 eius
1158 1526 1225 1566 rei
1249 1527 1403 1577 gratia
1433 1527 1576 1568 venit.
1608 1526 1768 1579 Itaque

146 1600 361 1641 omnibus
381 1599 428 1639 in
448 1598 603 1649 rebus,
626 1598 673 1638 in
694 1597 861 1649 quibus
881 1597 1015 1637 nobis
1037 1609 1228 1648 operam
1258 1609 1392 1638 suam
1422 1610 1538 1650 opus
1565 1610 1666 1639 esse
1697 1610 1768 1639 su-

147 1671 371 1724 spicatur,
393 1670 519 1711 nullo
542 1675 680 1722 pacto
702 1674 751 1709 vt
781 1669 1045 1720 requiratur
1076 1674 1309 1720 expectat,
1342 1670 1422 1710 sed
1454 1670 1587 1710 nobis
1617 1670 1769 1721 potius

149 1754 334 1784 omnem
355 1753 546 1794 operam
565 1741 867 1792 laboremque
889 1751 1023 1780 suum
1044 1741 1302 1791 pollicetur.

228 1814 358 1854 Haec
380 1819 502 1863 sunt,
525 1812 665 1853 Pater
685 1811 967 1862 venerande,
991 1823 1110 1863 quae
1138 1811 1250 1852 mihi
1280 1812 1368 1853 hoc
1398 1819 1607 1865 tempore
1638 1813 1697 1853 ad
1726 1819 1768 1853 te

148 1885 392 1926 scribenda
423 1890 698 1925 occurrunt:
729 1883 957 1935 reliquum
988 1889 1057 1923 est
1087 1889 1135 1923 ut
1166 1883 1371 1924 omnium
1400 1890 1626 1935 nostrum,
1659 1895 1768 1936 quo-

147 1968 250 1998 rum
271 1956 409 1997 Pater
430 1955 476 1995 in
496 1955 617 2007 Xpo.
641 1966 706 2006 es,
731 1955 777 1995 in
798 1953 1014 2006 precibus
1036 1954 1126 1994 tuis
1147 1954 1413 2007 sanctisque
1440 1955 1682 1996 sacrificiis
1701 1967 1768 1995 re-

147 2028 370 2069 corderis.
393 2027 528 2068 Vale.

228 2099 398 2149 Ebora,
420 2104 554 2156 §exto
575 2098 677 2138 idus
699 2097 810 2138 Maii
831 2109 953 2138 anno
980 2096 1094 2138 1556.

224 2171 362 2224 Jussu
384 2168 537 2210 Patris
560 2168 777 2220 Cornelii,

997 2313 1034 2354 F
1038 2325 1286 2355 RANCIScus
1315 2313 1555 2356 MoRALEs.

230 2600 292 2640 In
306 2600 465 2652 primo
487 2597 726 2651 exemplo:

230 2670 582 2723 superscriptio
605 2670 655 2710 z'n
676 2674 850 2722 quarta
866 2671 1079 2722 pagina:
1106 2670 1137 2723 †
1158 2671 1218 2712 ΑΙ
1239 2684 1351 2724 muy
1370 2671 1472 2713 R.d0
1507 2684 1564 2713 en
1590 2672 1671 2714 X.⁰
1697 2685 1772 2725 pa-

150 2743 231 2784 dre
269 2743 311 2783 el
347 2741 492 2794 padre
531 2741 676 2783 Micer
714 2742 919 2793 IgnaciO,
962 2743 1229 2794 praeposito
1267 2743 1376 2795 (sic)
1414 2745 1605 2795 general
1641 2744 1696 2785 de
1730 2745 1774 2785 la

153 2814 340 2866 Comp.²²
361 2813 417 2854 de
437 2813 587 2866 Jesus,
611 2825 667 2853 en
688 2813 852 2854 Roma.

234 2884 345 2926 Alia
368 2895 532 2925 mann:
555 2884 670 2924 1556.
695 2883 865 2926 Ebora.
891 2884 1267 2936 Quadrimestres
1292 2885 1340 2926 10
1360 2885 1484 2938 Maji.
1507 2885 1539 2938 †

213 3119 225 3139 ἱ·
262 3117 464 3145 Emmanuel
482 3116 634 3145 Sanchez
650 3117 706 3145 vel
722 3116 860 3145 Santos.
876 3116 963 3145 Vide
980 3125 1093 3152 supra,
1109 3126 1186 3152 pag.
1204 3119 1264 3153 154,
1279 3122 1392 3147 annot.
1406 3119 1432 3146 2.
