2020 3342
879 292 960 331 Ax.
992 294 1082 332 1556
1723 296 1792 332 297

172 385 394 427 famulatu
416 387 554 438 (proh
575 388 731 437 dolor)
754 395 796 429 et
818 389 1109 441 tepidissimi,
1143 398 1186 431 et
1214 404 1240 431 a
1268 404 1380 432 vera
1411 392 1533 433 deuii
1563 393 1789 444 religione

171 457 358 508 saepius
385 458 533 498 solent
560 460 908 511 comprehendi,
942 470 986 501 et
1009 463 1137 502 multi
1160 462 1217 502 ab
1240 462 1590 514 inquisitoribus
1617 464 1786 515 puniri,

171 526 230 567 ad
250 528 374 578 quod
396 540 561 569 munus
589 530 754 571 iterum
782 532 1044 573 obeundum
1066 533 1332 584 praedictus
1353 534 1596 585 inquisitor
1617 535 1790 586 expetit

171 608 272 638 sese
301 599 572 651 accingere,
606 602 727 652 quod
762 608 806 642 et
841 603 991 643 differt
1026 604 1224 644 aduersa
1261 604 1474 645 detentus
1506 606 1789 657 valetudine,

170 680 261 720 qua
283 676 510 721 cessante,
536 672 710 712 deferet
732 673 777 712 in
799 674 1015 715 comitem
1036 674 1221 716 Patrem
1242 674 1546 726 praedictum.
1570 675 1704 717 Alter
1726 676 1788 716 in-

169 751 307 791 super
341 741 460 782 illius
494 744 674 793 collega
710 744 802 795 (qui
836 756 918 785 nos
956 746 1129 786 intimis
1164 746 1313 797 diligit
1344 746 1626 797 visceribus,
1657 753 1701 787 et
1732 760 1790 787 ex

169 811 342 852 nostris
362 813 500 864 elegit
521 814 596 854 hic
617 814 702 855 sibi
724 815 1077 868 confessarium,
1101 818 1179 869 qui
1205 825 1249 857 et
1269 817 1449 869 Hispali
1469 817 1789 869 inquisitorem

167 882 307 922 etiam
335 893 481 934 agens
501 890 545 924 et
574 887 842 936 generalem
872 886 1230 940 Archiepiscopi
1260 888 1503 929 Vicarium
1534 889 1589 929 de
1618 889 1790 929 nostris

165 951 251 992 fuit
282 964 421 1004 quam
452 955 623 1006 optime
650 957 858 1006 meritus)
896 958 1130 999 desiderat
1164 965 1208 999 et
1235 960 1464 1000 instanter
1491 960 1604 1011 petit
1634 972 1788 1012 quem·

166 1023 291 1075 piam
312 1036 369 1065 ex
397 1027 593 1077 nostris,
625 1027 703 1079 qui
730 1027 819 1079 ipsi
846 1029 892 1068 in
920 1029 1081 1070 eodem
1112 1030 1333 1078 visitandi
1363 1030 1511 1071 dictos
1540 1031 1789 1083 neophitos

167 1106 358 1136 munere
386 1097 541 1138 socius
575 1100 771 1149 existat,
804 1099 1116 1141 instructurus
1149 1101 1289 1142 etiam
1314 1102 1417 1142 illos
1447 1103 1495 1143 in
1526 1101 1633 1143 fidei
1667 1102 1788 1142 rudi-

166 1166 347 1217 mentis,
371 1174 507 1218 prout
534 1175 577 1209 et
599 1170 752 1221 coepit
772 1176 815 1210 et
837 1178 1145 1223 prosequetur
1174 1171 1510 1213 Santanderius
1532 1172 1685 1214 Pater.
1717 1174 1789 1214 Ex

167 1248 258 1287 quo
281 1238 466 1289 quidem
486 1239 532 1279 in
561 1239 763 1280 Domino
791 1241 889 1281 fore
916 1253 1179 1294 speramus,
1208 1250 1258 1283 vt
1285 1250 1328 1284 et
1358 1243 1599 1285 Altissimo
1620 1245 1785 1295 gloria,

163 1308 292 1358 genti
312 1310 579 1360 praedictae
599 1311 854 1363 spiritualis
874 1324 967 1365 non
989 1314 1338 1367 qualiscumque
1363 1315 1612 1367 profectus,
1636 1315 1787 1356 Socie-

164 1378 248 1419 tati
269 1386 457 1421 nostrae
478 1382 655 1422 Vtilitas
677 1388 720 1423 et
746 1384 1023 1434 auctoritas,
1057 1391 1107 1425 vt
1138 1385 1354 1426 videlicet
1385 1386 1432 1426 in
1462 1397 1577 1437 agro
1599 1386 1788 1427 Domini

163 1449 352 1491 liberius
379 1450 425 1491 in
452 1452 540 1492 hoc
568 1464 715 1505 regno
746 1455 988 1506 copiosum
1018 1468 1176 1496 semen
1205 1463 1421 1508 spargat,
1455 1457 1787 1510 vberioresque

161 1519 338 1561 fructus
359 1522 405 1562 in
426 1523 670 1565 animabus
697 1526 940 1577 recolligat
973 1527 1315 1578 proximorum,
1347 1528 1453 1568 inde
1482 1529 1786 1580 proculdubio

160 1592 450 1642 proueniant.
473 1593 634 1647 Neque
656 1598 790 1648 parui
820 1599 1041 1638 momenti
1072 1610 1174 1639 esse
1204 1599 1526 1640 existimamus
1557 1605 1606 1640 vt
1633 1598 1784 1640 Socie-

160 1662 269 1703 tatis
302 1663 593 1715 professores
629 1668 977 1722 ministeriaque
1012 1670 1310 1722 inquisitores
1339 1671 1414 1711 hic
1444 1671 1562 1711 tanti
1590 1670 1781 1722 faciant,

160 1745 337 1786 nosque
365 1735 481 1776 adeo
507 1744 701 1789 paterno
734 1739 925 1780 foueant
954 1740 1145 1791 affectu,
1183 1741 1369 1793 quando
1399 1748 1467 1782 tot
1496 1741 1708 1782 homines
1739 1743 1784 1782 in

159 1804 248 1845 hac
270 1806 382 1847 vrbe
404 1813 448 1848 et
470 1808 727 1860 Collegium
758 1818 969 1852 euertere
999 1818 1210 1853 nostrum
1239 1824 1500 1865 nomenque
1526 1813 1679 1854 delere
1700 1826 1784 1865 pro

160 1876 338 1918 viribus
359 1879 448 1919 nisi
469 1886 598 1931 sunt;
623 1882 837 1934 quodque
868 1883 913 1923 id
935 1890 978 1923 et
1000 1895 1121 1924 nunc
1143 1885 1384 1936 perplures
1410 1884 1654 1925 indefessis
1676 1884 1783 1925 affe-

159 1953 284 1988 ctent
305 1950 496 2014 animis,
520 1963 612 1992 non
642 1954 804 2004 paucis
832 1955 1121 2004 argumentis
1149 1955 1436 2007 experImur;
1461 1955 1541 1996 sed
1563 1957 1685 1997 oculi
1705 1968 1783 1996 no-

161 2019 247 2059 stri
270 2020 328 2060 ad
349 2020 600 2063 Dominum
621 2023 770 2064 Deum
792 2032 1022 2076 nostrum,
1047 2038 1073 2066 a
1095 2038 1184 2078 quo
1212 2032 1256 2066 et
1285 2027 1621 2078 protectionem
1642 2033 1686 2067 et
1708 2039 1784 2068 au·

159 2090 323 2131 xilium
343 2099 614 2144 recepturos
635 2106 720 2135 nos
741 2095 839 2136 sine
861 2096 998 2136 dubio
1020 2108 1276 2148 speramus

236 2161 334 2202 Iam
349 2163 537 2204 tandem
553 2165 611 2205 ad
629 2177 697 2217 ea,
714 2178 832 2218 quae
851 2167 974 2207 domi
992 2174 1113 2217 sunt,
1129 2180 1201 2208 me
1215 2176 1503 2219 conuertam,
1521 2181 1641 2221 quae
1654 2169 1786 2210 breui

158 2233 362 2274 conabor
384 2235 620 2286 explicare
641 2248 870 2278 sermone.
904 2237 1071 2279 Sumus
1103 2239 1148 2279 in
1178 2241 1553 2291 praesentiarum
1583 2241 1785 2293 quinque

157 2305 442 2356 sacerdotes,
466 2318 662 2358 quorum
683 2308 859 2360 primus
882 2316 950 2350 est
972 2309 1021 2349 Ρ.
1044 2310 1186 2361 Rojas
1208 2311 1301 2363 (qui
1319 2312 1480 2363 paucis
1498 2318 1605 2353 ante
1621 2312 1783 2353 diebus

156 2374 205 2415 P.
227 2375 532 2418 Franciscum
554 2390 580 2418 a
602 2379 775 2430 Borgia
796 2392 880 2432 pro
903 2381 1179 2433 quibusdam
1202 2394 1294 2422 non
1316 2383 1452 2434 parui
1472 2384 1695 2424 momenti
1715 2395 1782 2423 re-

157 2446 243 2487 bus
278 2447 410 2489 adiit:
448 2460 553 2489 eum
588 2457 743 2491 autem
780 2451 912 2492 breui
946 2453 1205 2494 rediturum
1239 2441 1523 2505 speramus):
1561 2455 1680 2495 alter
1714 2460 1783 2495 est

156 2516 206 2557 P.
231 2517 445 2570 Queralt,
471 2532 607 2572 quem
638 2533 661 2562 e
692 2522 987 2563 Barchinona
1017 2523 1066 2564 Ρ.
1099 2524 1223 2575 Mag.
1249 2525 1417 2566 Strada
1440 2526 1585 2566 misit:
1618 2527 1782 2567 tertius

156 2595 225 2629 est
246 2588 294 2629 Ρ.
318 2590 443 2642 Mag.
468 2590 628 2632 Pisias:
660 2594 777 2634 alius
803 2595 1093 2636 Licentiatus
1124 2595 1388 2637 Santander
1420 2597 1490 2647 (de
1521 2609 1611 2649 quo
1640 2609 1781 2650 supra

154 2660 370 2711 memini):
394 2662 603 2713 Vltimus,
630 2670 673 2704 et
696 2665 901 2705 omnium
923 2666 1162 2717 minimus,
1196 2667 1294 2718 ipse
1325 2679 1442 2708 sum.
1474 2667 1662 2720 Omnes,
1694 2668 1781 2709 Dei

152 2731 321 2781 gratia,
345 2733 557 2774 valemus
577 2741 621 2774 et
642 2735 952 2777 incumbimus
981 2749 1065 2789 pro
1096 2749 1178 2777 suo
1211 2738 1406 2790 quisque
1427 2740 1602 2780 talento
1633 2740 1782 2780 solitis

153 2802 285 2842 nobis
312 2803 596 2845 ministeriis.
634 2805 844 2856 Quatuor
880 2808 1019 2848 etiam
1054 2808 1224 2849 fratres
1258 2810 1502 2850 nobiscum
1538 2816 1665 2860 sunt,
1703 2811 1780 2862 qui

153 2873 410 2915 ministerio
432 2875 595 2916 domus
616 2877 880 2919 intendunt:
906 2879 1146 2920 studemus
1175 2892 1357 2931 omnes,
1387 2888 1437 2921 vt
1468 2893 1526 2921 ex
1556 2883 1781 2932 praescri·

153 2944 243 2994 ptis
270 2944 402 2985 nobis
431 2947 631 2997 regulis,
670 2960 786 2999 quas
820 2961 1090 3001 possumus,
1128 2950 1425 2992 mediocriter
1461 2953 1777 2992 obseruemus:

153 3016 398 3066 proficiunt
434 3029 594 3058 omnes
627 3018 713 3059 Dei
747 3021 902 3071 gratia
938 3022 984 3061 in
1020 3022 1205 3073 spiritu,
1243 3029 1288 3063 et
1324 3023 1549 3074 optimum
1586 3024 1778 3075 quisque

155 3085 345 3126 effundit
366 3087 575 3138 odorem,
600 3089 1002 3143 aedificationique
1023 3099 1092 3133 est
1115 3094 1330 3134 omnibus
1360 3106 1464 3133 cum
1486 3094 1650 3146 quibus
1673 3105 1776 3134 con-
