2020 3342
299 227 366 264 146
805 228 1031 265 LITTERAE
1057 239 1414 272 QUADRmEsrm-:s

294 324 423 373 gium
445 325 641 374 singulis
664 324 839 374 diebus,
862 330 912 364 vt
934 325 1098 364 saltem
1116 324 1319 375 aliquam
1337 324 1594 364 rhetorices
1611 325 1686 364 vel
1708 325 1920 366 humani-

295 394 404 434 tatis
432 395 676 434 lectionem
707 395 912 434 audiant.
944 394 1086 434 Immo
1115 406 1221 434 cum
1248 406 1340 434 non
1369 401 1630 445 teneantur,
1661 406 1766 435 cum
1795 396 1916 446 aliis,

294 466 372 515 qui
393 465 677 504 rhetoricam
700 465 913 514 audiunt,
937 464 1310 516 frequentissime
1332 465 1595 516 disputant,
1619 471 1663 505 et
1691 467 1917 517 composi-

291 536 439 575 tiones
461 535 766 585 corrigendas
786 535 1080 586 praeceptori
1101 535 1307 575 tradunt.
1331 534 1536 575 Maxima
1555 535 1816 576 afficiuntur
1837 536 1916 576 ho-

293 607 438 646 mines
467 606 790 656 admiratione,
826 611 870 645 et
904 606 1153 656 praecipue
1189 617 1350 645 eorum
1377 613 1609 657 parentes,
1639 607 1914 658 praesertim

292 688 397 716 cum
417 676 607 716 videant
628 677 729 716 illos
750 687 900 727 pauco
920 677 1142 727 temporis
1160 677 1310 727 spatio
1329 682 1507 716 tantam
1525 677 1570 716 in
1585 678 1732 717 literis
1749 678 1917 719 fecisse

291 748 653 799 promotionem3
682 759 792 787 nam
820 759 878 787 ex
906 747 976 786 his
1005 747 1147 798 aliqui
1175 747 1404 798 superiori
1431 759 1553 787 anno
1583 749 1916 798 grammatices

289 819 520 870 principia
555 819 851 869 ignorabant:
889 829 1032 868 quare
1067 818 1256 857 minime
1290 818 1426 858 nobis
1462 819 1630 858 mirum
1665 820 1818 859 visum
1847 825 1918 860 est

290 890 413 941 quod
436 890 592 940 aliqui,
617 889 705 928 hac
726 889 851 928 fama
879 889 1006 938 moti,
1036 888 1171 936 filios
1205 888 1281 939 qui
1311 888 1450 928 etiam
1478 889 1655 939 logices
1685 890 1915 941 principia

290 960 454 1000 audire
476 966 742 1010 coeperant,
768 958 826 999 ad
847 970 932 999 nos
953 959 1178 1006 miserint,
1203 966 1252 999 vt
1274 971 1354 999 eos
1381 960 1653 1000 doceremus
1674 961 1772 1011 illa,
1797 972 1915 1012 quae

288 1030 625 1070 humanitatem
647 1036 874 1081 spectant.

367 1102 644 1141 Excitantur
670 1102 919 1152 plurimum
953 1102 1222 1142 scholastici
1257 1102 1433 1142 crebris
1461 1102 1771 1153 orationibus;
1804 1114 1914 1143 nam

287 1172 483 1222 singulis
504 1172 665 1211 diebus
687 1172 933 1212 dominicis
955 1173 1122 1224 aliquis
1139 1185 1197 1212 ex
1214 1173 1283 1222 iis,
1309 1173 1387 1224 qui
1403 1173 1686 1213 rhetoricam
1702 1173 1910 1223 audiunt,

287 1243 426 1282 habet
460 1243 739 1292 orationem3
776 1255 868 1294 qua
903 1243 1054 1293 finita,
1093 1244 1211 1283 solet
1244 1244 1449 1295 reliquos
1484 1243 1541 1283 ad
1581 1244 1912 1295 disputandum

286 1325 561 1364 prouocare:
586 1314 631 1352 in
660 1313 732 1353 his
756 1320 911 1353 autem
943 1314 1337 1365 disputationibus
1367 1315 1471 1354 illos
1502 1315 1753 1365 plurimum
1779 1314 1911 1366 profi-

286 1395 390 1423 cere
413 1384 846 1433 animaduertimus3
870 1384 916 1423 in
939 1385 1136 1424 caeteris
1164 1396 1275 1424 uero
1306 1385 1535 1425 classibus
1562 1385 1741 1425 fructus
1771 1386 1912 1426 etiam

286 1462 481 1506 apparet
503 1466 596 1494 non
618 1455 832 1505 exiguus:
867 1455 997 1494 missi
1029 1456 1152 1495 enim
1182 1462 1287 1495 sunt
1318 1467 1375 1495 ex
1404 1455 1490 1505 his,
1523 1456 1600 1506 qui
1630 1456 1676 1495 in
1706 1457 1911 1496 secunda
1944 1471 1950 1476 ¹

286 1532 417 1565 erant
439 1527 589 1565 classe
611 1526 701 1565 hoc
724 1537 861 1576 anno,
892 1526 951 1565 ad
972 1526 1171 1577 primam
1199 1526 1374 1577 aliquot
1404 1527 1605 1577 optimae
1633 1527 1732 1578 spei
1760 1527 1911 1567 adole-

286 1602 482 1646 scentes,
504 1596 582 1647 qui
603 1596 675 1636 his
697 1598 859 1647 paucis
877 1597 1039 1636 diebus
1057 1597 1122 1646 (vt
1139 1597 1251 1636 mihi
1269 1597 1453 1648 quidem
1469 1597 1671 1648 videtur)
1689 1608 1911 1648 magnam

284 1667 494 1706 fecerunt
515 1667 561 1706 in
588 1667 733 1706 literis
763 1668 1117 1718 promotionem,
1150 1680 1258 1707 nam
1289 1667 1504 1708 adferunt
1535 1668 1784 1720 aliquando
1815 1670 1910 1709 lon-

284 1738 505 1788 gissimas
527 1738 778 1788 orationes,
804 1749 920 1789 quas
941 1739 1029 1788 ipsi
1051 1750 1134 1778 suo
1160 1746 1308 1778 marte
1331 1747 1706 1790 composuerunt.

364 1809 434 1848 De
455 1809 592 1848 rebus
613 1821 727 1848 vero
749 1809 1015 1849 domesticis
1037 1810 1149 1849 nihil
1170 1817 1239 1849 est
1270 1810 1392 1861 quod
1414 1810 1631 1859 scribam,
1664 1822 1774 1850 nam
1794 1810 1910 1850 nihil

285 1880 576 1919 immutatum
599 1886 681 1919 est.
714 1879 934 1930 Superest
954 1886 1004 1920 vt
1034 1892 1119 1920 nos
1139 1881 1185 1920 in
1216 1881 1320 1931 tuis,
1350 1880 1404 1920 R.
1438 1881 1590 1931 Pater,
1616 1882 1906 1922 orationibus

283 1949 617 2001 sacrificiisque
639 1951 929 2002 aliorumque
950 1957 1137 2002 patrum
1159 1962 1212 1990 ac
1236 1951 1430 1991 fratrum
1452 1952 1493 1991 in
1518 1952 1637 2003 Xpo.
1673 1963 1906 1994 commen-

284 2021 418 2060 datos
440 2022 630 2061 habeas.

362 2091 570 2136 Patauio,
595 2105 717 2132 nono
739 2093 958 2132 calendas
980 2093 1136 2132 'Martii
1163 2092 1276 2132 1556.

492 2163 619 2203 Tuus
641 2164 859 2203 minimus
880 2175 935 2203 ac
957 2163 1176 2214 indignus
1200 2164 1342 2213 filius,

1424 2307 1686 2348 ALomans.

357 2517 708 2568 Superscmptm
729 2518 777 2557 sn
800 2522 971 2569 quarta
986 2518 1194 2569 pagina:
1215 2518 1274 2558 Al
1296 2520 1436 2559 molto
1458 2519 1558 2559 R.d0
1577 2521 1623 2560 in
1645 2520 1728 2560 X.0
1750 2520 1899 2562 Padre

278 2588 307 2627 il
320 2587 367 2627 P.
389 2588 446 2627 M.
467 2588 647 2639 ignatio
661 2589 715 2628 de
732 2588 925 2640 Loyola,
944 2588 1216 2640 Praeposito
1234 2590 1452 2640 generale
1471 2590 1587 2630 della
1607 2591 1899 2642 Compagnia

277 2658 321 2698 di
346 2658 503 2704 Giesi1;
528 2660 573 2698 in
594 2659 759 2710 Roma,
784 2672 809 2699 a
831 2659 921 2700 Sta
936 2660 1084 2700 Maria
1107 2660 1226 2700 della
1249 2659 1435 2702 Strada.

356 2729 466 2769 Αῖίιι
484 2741 645 2769 mmm:
671 2729 784 2769 1556.
810 2729 1020 2770 Patauio.
1046 2730 1424 2781 Quadrimestres
1440 2731 1487 2770 21
1512 2732 1770 2773 Februarii.

370 2800 628 2850 Vestigium
650 2811 780 2840 cerae
801 2800 968 2851 sigilli.
