2020 3342
263 187 337 225 550
781 187 1003 224 LITTERAE
1029 197 1385 230 QUADRIMESTRES

265 284 364 324 fuit.
391 284 504 324 Cum
526 290 679 324 autem
711 284 871 335 paucis
898 290 1004 323 ante
1033 283 1193 323 diebus
1223 283 1279 323 D.
1313 283 1539 335 Jacobum
1570 283 1812 323 Leichium
1835 295 1894 324 ex

266 367 386 394 nouo
409 355 700 394 Coronarum
722 354 917 404 collegio
939 354 1158 393 iusserint
1180 354 1412 403 emigrare
1445 353 1473 404 ¹3
1502 354 1636 394 nobis
1669 353 1779 394 illud
1801 359 1893 394 tra-

268 425 471 464 dendum
492 427 628 475 plane
651 424 938 464 confidimus.
965 424 1093 463 Haec
1115 424 1171 464 de
1192 423 1381 464 Senatu.

346 495 570 544 Tlieologi
599 506 759 534 omnes
789 501 834 534 et
856 494 1078 534 Rectores
1106 495 1353 535 bursarum
1380 507 1486 535 cum
1506 507 1667 535 eorum
1697 496 1890 547 collegis

268 577 438 616 magno
474 578 559 605 nos
586 566 738 605 studio
766 572 809 605 et
844 566 1165 605 beneuolentia
1194 571 1549 617 prosequuntur3
1590 566 1748 606 nescio
1783 567 1893 618 quid

267 638 497 685 praeclari
533 636 856 686 Vniuersitati,
882 648 1024 687 opera
1054 648 1109 676 ac
1137 636 1378 687 diligentia
1413 643 1700 687 nostrorum,
1738 649 1894 678 acces-

268 719 426 747 surum
448 715 705 758 sperantes.
730 706 885 757 Quare
907 714 950 746 et
972 708 1175 758 prompti
1195 719 1250 747 ac
1273 708 1467 747 libenter
1489 709 1624 759 plane
1653 708 1712 748 ad
1740 709 1894 749 lectio-

266 790 372 828 nes,
398 790 502 817 cum
524 778 782 817 studiorum
810 778 1114 818 humanitatis
1141 790 1196 818 ac
1226 779 1488 829 literarum,
1519 785 1615 819 tum
1642 777 1896 819 Sacrosan-

269 855 370 888 ctae
392 849 529 888 etiam
551 849 835 899 Tlicologiae
856 849 1158 888 enarrandas
1180 860 1266 888 nos
1285 849 1585 889 admiserunt.
1606 849 1697 890 Sed
1713 861 1767 890 ea
1785 862 1897 890 con-

269 919 460 969 ditione,
486 926 533 959 ut
556 920 601 959 10
618 920 838 959 facultate
856 920 1478 971 Theologica‘promotz'ones
1503 921 1850 972 susciperemus
1865 920 1894 959 ².

269 990 485 1030 Alienum
514 991 636 1030 enim
664 1003 689 1030 a
720 990 1053 1030 consuetudine
1085 1003 1186 1030 esse
1213 991 1364 1038 aiunt,
1396 1003 1489 1031 non
1516 992 1743 1043 promotis
1771 998 1895 1043 pote-

269 1068 436 1101 statem
470 1061 622 1101 facere
660 1062 705 1102 in
741 1062 914 1101 scholis
949 1062 1064 1101 alios
1100 1062 1309 1102 docendi.
1344 1062 1658 1114 Quapropter,
1691 1063 1896 1103 consiliis

270 1132 527 1172 amicorum
548 1132 912 1183 acquiescentes,
937 1133 1255 1183 superioribus
1276 1133 1435 1172 diebus
1459 1145 1541 1184 pro
1562 1134 1895 1174 bacalaureatu

268 1203 607 1254 respondimus
631 1203 782 1253 hodie,
806 1209 854 1242 ut
875 1214 1027 1254 spero,
1051 1204 1109 1243 ad
1124 1203 1478 1254 professionem
1495 1203 1508 1221 ³
1525 1204 1813 1245 admittendi.

351 1274 390 1313 A
425 1274 547 1313 bona
584 1274 772 1325 insuper
801 1280 933 1325 parte
964 1274 1150 1325 ciuium,
1189 1275 1518 1326 cuiuscumque
1540 1275 1728 1315 tandem
1749 1288 1802 1316 ea
1838 1276 1897 1316 sit

269 1345 548 1390 conditionis
583 1356 637 1384 ac
674 1345 870 1395 ordinis,
908 1345 1123 1396 omnique
1155 1345 1364 1385 studiosa
1398 1346 1636 1386 iuuentute
1671 1346 1896 1387 afficimur

269 1426 448 1455 summo
470 1416 660 1463 honore.
685 1415 753 1455 Ex
776 1427 865 1467 quo
887 1416 1022 1455 facile
1051 1416 1333 1467 colligimus,
1364 1427 1454 1468 quo
1475 1416 1521 1456 in
1542 1428 1626 1457 nos
1655 1417 1897 1458 Colonien-

270 1497 344 1526 ses
368 1487 459 1526 sint
477 1486 647 1526 animo.

348 1557 433 1597 His
455 1558 667 1597 omnibus
689 1569 800 1597 uero
822 1564 866 1597 et
895 1558 941 1598 id
969 1559 1150 1598 accedit
1177 1559 1321 1599 diuini
1351 1559 1584 1610 beneficii,
1615 1560 1737 1611 quod
1765 1560 1897 1600 nobis

268 1628 397 1668 deest
419 1628 543 1676 011111;
568 1629 675 1668 licet
696 1628 950 1668 redditibus
973 1630 1132 1680 nullis,
1166 1637 1245 1670 aut
1275 1631 1435 1681 paucis
1465 1631 1716 1671 admodum
1743 1631 1896 1671 adhuc

270 1699 496 1739 iuuemur.

350 1770 539 1811 Interim
567 1771 688 1811 hanc
723 1783 807 1811 nos
837 1772 1094 1812 excolimus
1126 1773 1309 1812 uineam
1341 1785 1395 1813 ea
1429 1773 1632 1823 ratione,
1670 1785 1761 1825 qua
1794 1785 1896 1825 pos-

269 1852 442 1891 sumus,
468 1842 636 1892 populo
659 1842 998 1892 concionando,
1019 1843 1289 1883 confitentes
1312 1844 1568 1894 audiendo,
1597 1850 1641 1884 et
1668 1844 1897 1884 iuuentuti

269 1912 441 1963 aliquid
465 1912 830 1963 interpretando.
861 1913 913 1953 R.
947 1913 995 1953 P.
1020 1913 1293 1954 Leonardus
1316 1913 1328 1932 ‘²
1350 1914 1538 1954 domum
1567 1921 1611 1954 et
1641 1915 1760 1955 filios
1786 1927 1896 1955 suos

268 1984 403 2033 regit.
429 1982 597 2023 Sumus
621 1989 775 2023 autem
796 1984 933 2024 modo
956 1983 1232 2025 Sacerdotes
1254 1997 1357 2032 sex,
1388 1992 1431 2025 et
1452 1986 1559 2026 laici
1581 1985 1756 2036 decem,
1783 1992 1827 2025 et
1849 1986 1895 2026 hi

268 2065 440 2105 magna
472 2066 529 2093 ex
560 2060 691 2105 parte
721 2054 910 2094 nobiles.
941 2054 1132 2095 Praeter
1164 2057 1247 2095 hos
1275 2060 1344 2096 est
1374 2054 1388 2074 ⁵
1413 2056 1550 2096 modo
1581 2057 1627 2096 10
1657 2057 1895 2097 exercitiis

269 2125 486 2164 dominus
526 2125 769 2165 cuiusdam
808 2129 965 2165 terrae
998 2124 1012 2143 ⁶
1052 2138 1195 2177 prope
1236 2126 1545 2178 Neomagum,
1588 2139 1725 2179 quem
1764 2127 1897 2167 nobis

271 2196 618 2246 adiungendum
653 2207 845 2247 prorsus
876 2196 1162 2236 confidimus.
1187 2197 1317 2237 Multi
1353 2198 1493 2238 ctiam
1522 2198 1624 2238 aliis
1655 2204 1733 2238 aut
1763 2198 1898 2238 nobis

270 2266 486 2313 adscribi,
510 2272 589 2305 aut
611 2267 669 2306 ad
701 2267 923 2307 exercitia
952 2267 1131 2307 admitti
1162 2269 1438 2318 permultum
1468 2268 1758 2319 desiderant,
1789 2281 1896 2320 quo-

270 2350 371 2378 rum
395 2338 610 2388 precibus
634 2337 682 2377 R.
708 2337 756 2377 P.
788 2338 1061 2378 Leonardus
1083 2351 1261 2379 morem
1288 2345 1492 2390 gereret,
1523 2339 1612 2379 nisi
1632 2340 1723 2380 loci
1754 2351 1896 2391 angu-

270 2409 357 2448 stia
381 2409 718 2459 prohiberetur.
743 2408 827 2448 His
849 2409 1061 2449 omnibus
1082 2416 1129 2449 ut
1151 2410 1266 2449 bene
1288 2410 1364 2459 sit,
1390 2417 1522 2450 curat
1544 2410 1757 2450 dominus
1778 2410 1892 2450 Leo-

273 2479 468 2527 nardus3
493 2485 537 2518 et
559 2485 801 2530 praeterea
824 2479 1142 2520 confessiones
1164 2480 1429 2531 frequenter
1452 2481 1594 2531 audit,
1619 2488 1662 2520 et
1690 2481 1898 2521 infirmos

256 2562 408 2600 »saepe
431 2550 601 2589 inuisit.
628 2550 783 2590 Vicini
805 2551 976 2600 nostri,
1001 2557 1043 2590 et
1065 2552 1196 2591 multi
1218 2552 1314 2601 alii,
1339 2552 1457 2591 inter
1488 2563 1603 2602 quos
1636 2560 1704 2592 est
1726 2558 1769 2592 et
1803 2563 1897 2592 ma-

271 2628 340 2660 ter
362 2632 485 2669 mea,
511 2621 704 2671 singulis
727 2620 887 2660 diebus
911 2608 1153 2660 dominicis
1183 2622 1529 2662 communicare
1551 2629 1763 2673 pergunt.
1797 2622 1898 2674 Ego

329 2758 336 2776 ¹
378 2757 426 2783 De
441 2758 493 2783 his
509 2758 673 2790 quaedam
690 2757 779 2790 apud
796 2757 944 2787 HANSEN.
964 2759 984 2783 l.
1001 2765 1029 2784 c.

325 2807 338 2824 ‘2
377 2805 423 2831 ad
437 2805 571 2837 gradus
587 2805 706 2830 solitos
722 2808 1024 2838 promoveremur.
1042 2805 1226 2832 POLANcus.

327 2853 339 2869 3
377 2853 605 2879 doctoralum.
624 2852 671 2879 Io.

326 2901 339 2919 >²
377 2900 412 2927 P.
429 2899 624 2926 Leonardus
638 2899 765 2927 Kessel.

327 2948 340 2966 5³
378 2949 556 2974 versatur.
572 2948 764 2975 POLANcus.

329 2994 343 3014 ⁶
379 2995 512 3030 oppidi.
529 2995 576 3022 ID.
