<?xml version="1.0" encoding="UTF-8"?>
<!DOCTYPE html PUBLIC "-//W3C//DTD XHTML 1.0 Transitional//EN"
    "http://www.w3.org/TR/xhtml1/DTD/xhtml1-transitional.dtd">
<html xmlns="http://www.w3.org/1999/xhtml" xml:lang="en" lang="en">
 <head>
  <title>
</title>
<meta http-equiv="Content-Type" content="text/html;charset=utf-8" />
  <meta name='ocr-system' content='tesseract 3.04.00' />
  <meta name='ocr-capabilities' content='ocr_page ocr_carea ocr_par ocr_line ocrx_word'/>
</head>
<body>
  <div class='ocr_page' id='page_1' title='image "./litteraequadrime16lain_0490.png"; bbox 0 0 2020 3342; ppageno 0'>
   <div class='ocr_carea' id='block_1_1' title="bbox 253 227 1371 274">
    <p class='ocr_par' dir='ltr' id='par_1_1' title="bbox 253 227 1371 274">
     <span class='ocr_line' id='line_1_1' title="bbox 253 227 1371 274; baseline -0.001 -10"><span class='ocrx_word' id='word_1_1' title='bbox 253 227 323 264; x_wconf 75' lang='grc'>484</span> <span class='ocrx_word' id='word_1_2' title='bbox 760 227 987 265; x_wconf 82' lang='lat' dir='ltr'>LITTERAE</span> <span class='ocrx_word' id='word_1_3' title='bbox 1014 236 1371 274; x_wconf 67' lang='lat' dir='ltr'>QUADmMESTREs</span> 
     </span>
    </p>
   </div>
   <div class='ocr_carea' id='block_1_2' title="bbox 237 321 1878 2719">
    <p class='ocr_par' dir='ltr' id='par_1_2' title="bbox 248 321 1878 872">
     <span class='ocr_line' id='line_1_2' title="bbox 332 321 1878 376; baseline -0.001 -12"><span class='ocrx_word' id='word_1_4' title='bbox 332 323 406 364; x_wconf 90' lang='lat' dir='ltr'>Ad</span> <span class='ocrx_word' id='word_1_5' title='bbox 427 324 542 364; x_wconf 90' lang='lat' dir='ltr'>haec</span> <span class='ocrx_word' id='word_1_6' title='bbox 565 325 878 376; x_wconf 85' lang='lat' dir='ltr'>amplissimus</span> <span class='ocrx_word' id='word_1_7' title='bbox 898 323 1106 374; x_wconf 87' lang='lat' dir='ltr'>Praesul,</span> <span class='ocrx_word' id='word_1_8' title='bbox 1127 323 1390 364; x_wconf 89' lang='lat' dir='ltr'>Cardinalis</span> <span class='ocrx_word' id='word_1_9' title='bbox 1412 323 1666 373; x_wconf 81' lang='lat' dir='ltr'>Burgensis</span> <span class='ocrx_word' id='word_1_10' title='bbox 1691 321 1716 373; x_wconf 87' lang='lat'>¹,</span> <span class='ocrx_word' id='word_1_11' title='bbox 1740 328 1878 374; x_wconf 87' lang='lat' dir='ltr'>atque</span> 
     </span>
     <span class='ocr_line' id='line_1_3' title="bbox 252 392 1877 446; baseline -0.001 -12"><span class='ocrx_word' id='word_1_12' title='bbox 252 395 390 434; x_wconf 90' lang='lat' dir='ltr'>etiam</span> <span class='ocrx_word' id='word_1_13' title='bbox 411 394 710 446; x_wconf 87' lang='lat' dir='ltr'>Imperatoris</span> <span class='ocrx_word' id='word_1_14' title='bbox 731 394 952 446; x_wconf 86' lang='lat' dir='ltr'>Legatus‚</span> <span class='ocrx_word' id='word_1_15' title='bbox 975 394 1185 435; x_wconf 89' lang='lat' dir='ltr'>Marchio</span> <span class='ocrx_word' id='word_1_16' title='bbox 1207 394 1262 434; x_wconf 87' lang='lat' dir='ltr'>de</span> <span class='ocrx_word' id='word_1_17' title='bbox 1284 392 1443 434; x_wconf 87' lang='lat' dir='ltr'>Sarria</span> <span class='ocrx_word' id='word_1_18' title='bbox 1466 392 1493 443; x_wconf 78' lang='lat'>²,</span> <span class='ocrx_word' id='word_1_19' title='bbox 1523 393 1561 433; x_wconf 89' lang='lat' dir='ltr'>si</span> <span class='ocrx_word' id='word_1_20' title='bbox 1589 393 1699 444; x_wconf 89' lang='lat' dir='ltr'>quid</span> <span class='ocrx_word' id='word_1_21' title='bbox 1721 400 1807 444; x_wconf 90' lang='lat' dir='ltr'>est,</span> <span class='ocrx_word' id='word_1_22' title='bbox 1830 394 1877 434; x_wconf 87' lang='lat' dir='ltr'>in</span> 
     </span>
     <span class='ocr_line' id='line_1_4' title="bbox 252 464 1876 517; baseline -0.001 -12"><span class='ocrx_word' id='word_1_23' title='bbox 252 477 341 517; x_wconf 89' lang='lat' dir='ltr'>quo</span> <span class='ocrx_word' id='word_1_24' title='bbox 363 466 559 517; x_wconf 86' lang='lat' dir='ltr'>spiritali</span> <span class='ocrx_word' id='word_1_25' title='bbox 581 466 837 506; x_wconf 90' lang='lat' dir='ltr'>ministerio</span> <span class='ocrx_word' id='word_1_26' title='bbox 859 465 1114 517; x_wconf 80' lang='lat' dir='ltr'>indigeant,</span> <span class='ocrx_word' id='word_1_27' title='bbox 1139 464 1226 505; x_wconf 91' lang='lat' dir='ltr'>etsi</span> <span class='ocrx_word' id='word_1_28' title='bbox 1247 476 1356 505; x_wconf 91' lang='lat' dir='ltr'>suos</span> <span class='ocrx_word' id='word_1_29' title='bbox 1384 465 1578 516; x_wconf 90' lang='lat' dir='ltr'>quisque</span> <span class='ocrx_word' id='word_1_30' title='bbox 1606 464 1876 505; x_wconf 78' lang='lat' dir='ltr'>sacerdotes</span> 
     </span>
     <span class='ocr_line' id='line_1_5' title="bbox 251 534 1872 588; baseline -0.001 -12"><span class='ocrx_word' id='word_1_31' title='bbox 251 536 434 586; x_wconf 82' lang='lat' dir='ltr'>habeat,</span> <span class='ocrx_word' id='word_1_32' title='bbox 453 537 587 576; x_wconf 88' lang='lat' dir='ltr'>nobis</span> <span class='ocrx_word' id='word_1_33' title='bbox 604 543 758 576; x_wconf 90' lang='lat' dir='ltr'>tamen</span> <span class='ocrx_word' id='word_1_34' title='bbox 776 537 926 588; x_wconf 88' lang='lat' dir='ltr'>magis</span> <span class='ocrx_word' id='word_1_35' title='bbox 944 543 1149 577; x_wconf 89' lang='lat' dir='ltr'>utuntur.</span> <span class='ocrx_word' id='word_1_36' title='bbox 1168 535 1286 576; x_wconf 87' lang='lat' dir='ltr'>Nam</span> <span class='ocrx_word' id='word_1_37' title='bbox 1307 534 1406 575; x_wconf 56' lang='grc' dir='ltr'>ΚΛΜ</span> <span class='ocrx_word' id='word_1_38' title='bbox 1429 535 1692 575; x_wconf 86' lang='lat' dir='ltr'>Cardinalis</span> <span class='ocrx_word' id='word_1_39' title='bbox 1708 546 1872 587; x_wconf 89' lang='lat' dir='ltr'>nepos,</span> 
     </span>
     <span class='ocr_line' id='line_1_6' title="bbox 249 605 1875 659; baseline 0 -13"><span class='ocrx_word' id='word_1_40' title='bbox 249 608 347 659; x_wconf 86' lang='lat' dir='ltr'>ipse</span> <span class='ocrx_word' id='word_1_41' title='bbox 370 608 509 648; x_wconf 87' lang='lat' dir='ltr'>etiam</span> <span class='ocrx_word' id='word_1_42' title='bbox 531 620 557 648; x_wconf 91' lang='lat' dir='ltr'>a</span> <span class='ocrx_word' id='word_1_43' title='bbox 579 609 771 648; x_wconf 89' lang='lat' dir='ltr'>secretis</span> <span class='ocrx_word' id='word_1_44' title='bbox 792 608 973 659; x_wconf 89' lang='lat' dir='ltr'>Legati,</span> <span class='ocrx_word' id='word_1_45' title='bbox 996 619 1131 648; x_wconf 90' lang='lat' dir='ltr'>suam</span> <span class='ocrx_word' id='word_1_46' title='bbox 1154 607 1496 647; x_wconf 84' lang='lat' dir='ltr'>confessionem</span> <span class='ocrx_word' id='word_1_47' title='bbox 1517 618 1543 646; x_wconf 90' lang='lat' dir='ltr'>a</span> <span class='ocrx_word' id='word_1_48' title='bbox 1565 605 1613 646; x_wconf 89' lang='lat' dir='ltr'>P.</span> <span class='ocrx_word' id='word_1_49' title='bbox 1640 605 1840 646; x_wconf 89' lang='lat' dir='ltr'>Rectore</span> <span class='ocrx_word' id='word_1_50' title='bbox 1861 605 1875 624; x_wconf 75' lang='lat'><strong>⁵</strong></span> 
     </span>
     <span class='ocr_line' id='line_1_7' title="bbox 248 677 1872 730; baseline -0.001 -12"><span class='ocrx_word' id='word_1_51' title='bbox 248 685 427 718; x_wconf 86' lang='lat' dir='ltr'>tantum</span> <span class='ocrx_word' id='word_1_52' title='bbox 442 678 591 718; x_wconf 88' lang='lat' dir='ltr'>audiri</span> <span class='ocrx_word' id='word_1_53' title='bbox 607 680 868 729; x_wconf 89' lang='lat' dir='ltr'>uoluerunt,</span> <span class='ocrx_word' id='word_1_54' title='bbox 888 690 1153 730; x_wconf 88' lang='lat' dir='ltr'>magnaque</span> <span class='ocrx_word' id='word_1_55' title='bbox 1170 678 1302 718; x_wconf 91' lang='lat' dir='ltr'>nobis</span> <span class='ocrx_word' id='word_1_56' title='bbox 1321 677 1637 717; x_wconf 81' lang='lat' dir='ltr'>familiaritate</span> <span class='ocrx_word' id='word_1_57' title='bbox 1650 677 1872 727; x_wconf 90' lang='lat' dir='ltr'>deuincti,</span> 
     </span>
     <span class='ocr_line' id='line_1_8' title="bbox 248 747 1876 801; baseline -0.001 -12"><span class='ocrx_word' id='word_1_58' title='bbox 248 748 431 789; x_wconf 86' lang='lat' dir='ltr'>Patrem</span> <span class='ocrx_word' id='word_1_59' title='bbox 455 756 664 790; x_wconf 86' lang='lat' dir='ltr'>nostrum</span> <span class='ocrx_word' id='word_1_60' title='bbox 684 750 869 801; x_wconf 86' lang='lat' dir='ltr'>saepius</span> <span class='ocrx_word' id='word_1_61' title='bbox 890 755 1151 799; x_wconf 87' lang='lat' dir='ltr'>accersunt,</span> <span class='ocrx_word' id='word_1_62' title='bbox 1176 755 1219 788; x_wconf 92' lang='lat' dir='ltr'>et</span> <span class='ocrx_word' id='word_1_63' title='bbox 1247 748 1500 788; x_wconf 79' lang='lat' dir='ltr'>maximam</span> <span class='ocrx_word' id='word_1_64' title='bbox 1527 759 1584 787; x_wconf 87' lang='lat' dir='ltr'>ex</span> <span class='ocrx_word' id='word_1_65' title='bbox 1611 747 1711 788; x_wconf 89' lang='lat' dir='ltr'>eius</span> <span class='ocrx_word' id='word_1_66' title='bbox 1741 747 1876 799; x_wconf 88' lang='lat' dir='ltr'>spiri-</span> 
     </span>
     <span class='ocr_line' id='line_1_9' title="bbox 253 821 1284 872; baseline -0.001 -12"><span class='ocrx_word' id='word_1_67' title='bbox 253 821 368 860; x_wconf 89' lang='lat' dir='ltr'>tuali</span> <span class='ocrx_word' id='word_1_68' title='bbox 389 821 748 861; x_wconf 90' lang='lat' dir='ltr'>conuersatione</span> <span class='ocrx_word' id='word_1_69' title='bbox 770 821 959 872; x_wconf 88' lang='lat' dir='ltr'>capiunt</span> <span class='ocrx_word' id='word_1_70' title='bbox 979 821 1284 872; x_wconf 87' lang='lat' dir='ltr'>uoluptatem.</span> 
     </span>
    </p>

    <p class='ocr_par' dir='ltr' id='par_1_3' title="bbox 241 890 1876 2079">
     <span class='ocr_line' id='line_1_10' title="bbox 325 890 1875 944; baseline -0.001 -12"><span class='ocrx_word' id='word_1_71' title='bbox 325 892 422 932; x_wconf 90' lang='lat' dir='ltr'>Iam</span> <span class='ocrx_word' id='word_1_72' title='bbox 461 892 682 933; x_wconf 81' lang='lat' dir='ltr'>militibus</span> <span class='ocrx_word' id='word_1_73' title='bbox 721 904 860 944; x_wconf 88' lang='lat' dir='ltr'>quam</span> <span class='ocrx_word' id='word_1_74' title='bbox 905 892 1111 932; x_wconf 83' lang='lat' dir='ltr'>maximo</span> <span class='ocrx_word' id='word_1_75' title='bbox 1156 891 1262 932; x_wconf 89' lang='lat' dir='ltr'>usui</span> <span class='ocrx_word' id='word_1_76' title='bbox 1300 902 1473 941; x_wconf 60' lang='lat' dir='ltr'>summ,</span> <span class='ocrx_word' id='word_1_77' title='bbox 1523 902 1581 930; x_wconf 84' lang='lat' dir='ltr'>ex</span> <span class='ocrx_word' id='word_1_78' title='bbox 1620 890 1714 941; x_wconf 87' lang='lat' dir='ltr'>his,</span> <span class='ocrx_word' id='word_1_79' title='bbox 1755 901 1875 942; x_wconf 88' lang='lat' dir='ltr'>quae</span> 
     </span>
     <span class='ocr_line' id='line_1_11' title="bbox 246 961 1876 1015; baseline -0.001 -13"><span class='ocrx_word' id='word_1_80' title='bbox 246 969 516 1014; x_wconf 87' lang='lat' dir='ltr'>sequuntur,</span> <span class='ocrx_word' id='word_1_81' title='bbox 542 964 765 1014; x_wconf 79' lang='lat' dir='ltr'>colligere</span> <span class='ocrx_word' id='word_1_82' title='bbox 798 964 990 1015; x_wconf 91' lang='lat' dir='ltr'>poteris:</span> <span class='ocrx_word' id='word_1_83' title='bbox 1026 963 1195 1003; x_wconf 88' lang='lat' dir='ltr'>etenim</span> <span class='ocrx_word' id='word_1_84' title='bbox 1233 961 1361 1002; x_wconf 85' lang='lat' dir='ltr'>Patri</span> <span class='ocrx_word' id='word_1_85' title='bbox 1396 967 1556 1001; x_wconf 91' lang='lat' dir='ltr'>nostro</span> <span class='ocrx_word' id='word_1_86' title='bbox 1591 961 1759 1001; x_wconf 85' lang='lat' dir='ltr'>milites</span> <span class='ocrx_word' id='word_1_87' title='bbox 1778 961 1876 1001; x_wconf 89' lang='lat' dir='ltr'>fere</span> 
     </span>
     <span class='ocr_line' id='line_1_12' title="bbox 246 1032 1875 1085; baseline -0.001 -13"><span class='ocrx_word' id='word_1_88' title='bbox 246 1032 305 1072; x_wconf 91' lang='lat' dir='ltr'>ad</span> <span class='ocrx_word' id='word_1_89' title='bbox 330 1032 404 1072; x_wconf 78' lang='lat'>150</span> <span class='ocrx_word' id='word_1_90' title='bbox 431 1033 632 1074; x_wconf 79' lang='lat' dir='ltr'>confessi</span> <span class='ocrx_word' id='word_1_91' title='bbox 659 1040 779 1085; x_wconf 89' lang='lat' dir='ltr'>sunt,</span> <span class='ocrx_word' id='word_1_92' title='bbox 813 1045 1011 1085; x_wconf 88' lang='lat' dir='ltr'>quorum</span> <span class='ocrx_word' id='word_1_93' title='bbox 1046 1033 1123 1073; x_wconf 89' lang='lat' dir='ltr'>alii</span> <span class='ocrx_word' id='word_1_94' title='bbox 1155 1033 1303 1083; x_wconf 89' lang='lat' dir='ltr'>ludos,</span> <span class='ocrx_word' id='word_1_95' title='bbox 1341 1032 1419 1072; x_wconf 91' lang='lat' dir='ltr'>alii</span> <span class='ocrx_word' id='word_1_96' title='bbox 1452 1032 1762 1083; x_wconf 90' lang='lat' dir='ltr'>concubinas,</span> <span class='ocrx_word' id='word_1_97' title='bbox 1796 1032 1875 1072; x_wconf 91' lang='lat' dir='ltr'>alii</span> 
     </span>
     <span class='ocr_line' id='line_1_13' title="bbox 247 1102 1874 1155; baseline -0.001 -12"><span class='ocrx_word' id='word_1_98' title='bbox 247 1104 338 1144; x_wconf 85' lang='lat' dir='ltr'>alia</span> <span class='ocrx_word' id='word_1_99' title='bbox 359 1111 552 1155; x_wconf 88' lang='lat' dir='ltr'>peccata</span> <span class='ocrx_word' id='word_1_100' title='bbox 576 1105 895 1145; x_wconf 87' lang='lat' dir='ltr'>deseruerunt.</span> <span class='ocrx_word' id='word_1_101' title='bbox 920 1104 1098 1145; x_wconf 92' lang='lat' dir='ltr'>Verum</span> <span class='ocrx_word' id='word_1_102' title='bbox 1132 1115 1191 1144; x_wconf 85' lang='lat' dir='ltr'>ex</span> <span class='ocrx_word' id='word_1_103' title='bbox 1211 1104 1283 1143; x_wconf 90' lang='lat' dir='ltr'>his</span> <span class='ocrx_word' id='word_1_104' title='bbox 1313 1103 1542 1152; x_wconf 89' lang='lat' dir='ltr'>omnibus,</span> <span class='ocrx_word' id='word_1_105' title='bbox 1576 1102 1664 1143; x_wconf 92' lang='lat' dir='ltr'>duo</span> <span class='ocrx_word' id='word_1_106' title='bbox 1694 1103 1772 1143; x_wconf 91' lang='lat' dir='ltr'>illa</span> <span class='ocrx_word' id='word_1_107' title='bbox 1798 1114 1874 1143; x_wconf 85' lang='lat' dir='ltr'>ex-</span> 
     </span>
     <span class='ocr_line' id='line_1_14' title="bbox 248 1174 1874 1227; baseline 0 -13"><span class='ocrx_word' id='word_1_108' title='bbox 248 1175 422 1226; x_wconf 92' lang='lat' dir='ltr'>plicare</span> <span class='ocrx_word' id='word_1_109' title='bbox 456 1176 645 1216; x_wconf 90' lang='lat' dir='ltr'>minime</span> <span class='ocrx_word' id='word_1_110' title='bbox 680 1176 1065 1227; x_wconf 87' lang='lat' dir='ltr'>praetermittam.</span> <span class='ocrx_word' id='word_1_111' title='bbox 1100 1175 1309 1226; x_wconf 85' lang='lat' dir='ltr'>Quorum</span> <span class='ocrx_word' id='word_1_112' title='bbox 1342 1175 1540 1226; x_wconf 91' lang='lat' dir='ltr'>primum</span> <span class='ocrx_word' id='word_1_113' title='bbox 1578 1180 1662 1225; x_wconf 89' lang='lat' dir='ltr'>est,</span> <span class='ocrx_word' id='word_1_114' title='bbox 1685 1174 1874 1214; x_wconf 90' lang='lat' dir='ltr'>Patrem</span> 
     </span>
     <span class='ocr_line' id='line_1_15' title="bbox 244 1245 1873 1298; baseline 0 -13"><span class='ocrx_word' id='word_1_115' title='bbox 244 1245 585 1298; x_wconf 79' lang='lat' dir='ltr'>Hieronymum</span> <span class='ocrx_word' id='word_1_116' title='bbox 605 1245 619 1265; x_wconf 72' lang='lat'><strong>⁴</strong></span> <span class='ocrx_word' id='word_1_117' title='bbox 639 1247 798 1287; x_wconf 91' lang='lat' dir='ltr'>militis</span> <span class='ocrx_word' id='word_1_118' title='bbox 819 1247 1077 1297; x_wconf 90' lang='lat' dir='ltr'>cuiusdam,</span> <span class='ocrx_word' id='word_1_119' title='bbox 1101 1246 1199 1286; x_wconf 92' lang='lat' dir='ltr'>nati</span> <span class='ocrx_word' id='word_1_120' title='bbox 1220 1246 1406 1286; x_wconf 84' lang='lat' dir='ltr'>circiter</span> <span class='ocrx_word' id='word_1_121' title='bbox 1425 1257 1572 1286; x_wconf 88' lang='lat' dir='ltr'>annos</span> <span class='ocrx_word' id='word_1_122' title='bbox 1594 1245 1747 1296; x_wconf 93' lang='lat' dir='ltr'>XXX,</span> <span class='ocrx_word' id='word_1_123' title='bbox 1766 1256 1873 1286; x_wconf 90' lang='lat' dir='ltr'>con·</span> 
     </span>
     <span class='ocr_line' id='line_1_16' title="bbox 244 1317 1872 1370; baseline -0.001 -13"><span class='ocrx_word' id='word_1_124' title='bbox 244 1317 491 1358; x_wconf 89' lang='lat' dir='ltr'>fessionem</span> <span class='ocrx_word' id='word_1_125' title='bbox 513 1318 761 1369; x_wconf 87' lang='lat' dir='ltr'>audiuisse,</span> <span class='ocrx_word' id='word_1_126' title='bbox 783 1318 859 1370; x_wconf 91' lang='lat' dir='ltr'>qui</span> <span class='ocrx_word' id='word_1_127' title='bbox 880 1329 1117 1370; x_wconf 91' lang='lat' dir='ltr'>nunquam</span> <span class='ocrx_word' id='word_1_128' title='bbox 1141 1317 1282 1357; x_wconf 89' lang='lat' dir='ltr'>totius</span> <span class='ocrx_word' id='word_1_129' title='bbox 1304 1317 1429 1356; x_wconf 89' lang='lat' dir='ltr'>uitae</span> <span class='ocrx_word' id='word_1_130' title='bbox 1456 1328 1568 1356; x_wconf 90' lang='lat' dir='ltr'>suae</span> <span class='ocrx_word' id='word_1_131' title='bbox 1599 1327 1742 1357; x_wconf 88' lang='lat' dir='ltr'>cursu</span> <span class='ocrx_word' id='word_1_132' title='bbox 1764 1327 1872 1356; x_wconf 90' lang='lat' dir='ltr'>con-</span> 
     </span>
     <span class='ocr_line' id='line_1_17' title="bbox 245 1387 1872 1441; baseline -0.001 -13"><span class='ocrx_word' id='word_1_133' title='bbox 245 1388 394 1428; x_wconf 90' lang='lat' dir='ltr'>fessus</span> <span class='ocrx_word' id='word_1_134' title='bbox 414 1389 581 1439; x_wconf 88' lang='lat' dir='ltr'>fuerat;</span> <span class='ocrx_word' id='word_1_135' title='bbox 605 1389 819 1441; x_wconf 90' lang='lat' dir='ltr'>quodque</span> <span class='ocrx_word' id='word_1_136' title='bbox 849 1389 1017 1429; x_wconf 89' lang='lat' dir='ltr'>mirum</span> <span class='ocrx_word' id='word_1_137' title='bbox 1049 1388 1249 1428; x_wconf 88' lang='lat' dir='ltr'>fortasse</span> <span class='ocrx_word' id='word_1_138' title='bbox 1283 1387 1514 1437; x_wconf 87' lang='lat' dir='ltr'>uideatur,</span> <span class='ocrx_word' id='word_1_139' title='bbox 1550 1394 1680 1428; x_wconf 88' lang='lat' dir='ltr'>tanto</span> <span class='ocrx_word' id='word_1_140' title='bbox 1709 1387 1872 1428; x_wconf 88' lang='lat' dir='ltr'>ordine</span> 
     </span>
     <span class='ocr_line' id='line_1_18' title="bbox 244 1458 1872 1511; baseline 0 -12"><span class='ocrx_word' id='word_1_141' title='bbox 244 1459 584 1500; x_wconf 83' lang='lat' dir='ltr'>confessionem</span> <span class='ocrx_word' id='word_1_142' title='bbox 614 1460 808 1511; x_wconf 85' lang='lat' dir='ltr'>peregit,</span> <span class='ocrx_word' id='word_1_143' title='bbox 838 1466 1060 1511; x_wconf 89' lang='lat' dir='ltr'>tantoque</span> <span class='ocrx_word' id='word_1_144' title='bbox 1089 1459 1244 1499; x_wconf 89' lang='lat' dir='ltr'>cordis</span> <span class='ocrx_word' id='word_1_145' title='bbox 1278 1459 1437 1499; x_wconf 89' lang='lat' dir='ltr'>dolore</span> <span class='ocrx_word' id='word_1_146' title='bbox 1469 1470 1553 1498; x_wconf 90' lang='lat' dir='ltr'>sua</span> <span class='ocrx_word' id='word_1_147' title='bbox 1582 1465 1777 1509; x_wconf 89' lang='lat' dir='ltr'>peccata</span> <span class='ocrx_word' id='word_1_148' title='bbox 1799 1458 1872 1499; x_wconf 91' lang='lat' dir='ltr'>de·</span> 
     </span>
     <span class='ocr_line' id='line_1_19' title="bbox 242 1529 1872 1581; baseline -0.001 -11"><span class='ocrx_word' id='word_1_149' title='bbox 242 1531 458 1581; x_wconf 90' lang='lat' dir='ltr'>plorauit,</span> <span class='ocrx_word' id='word_1_150' title='bbox 482 1538 531 1571; x_wconf 91' lang='lat' dir='ltr'>ut</span> <span class='ocrx_word' id='word_1_151' title='bbox 553 1530 891 1571; x_wconf 86' lang='lat' dir='ltr'>confessarium</span> <span class='ocrx_word' id='word_1_152' title='bbox 919 1531 964 1570; x_wconf 89' lang='lat' dir='ltr'>in</span> <span class='ocrx_word' id='word_1_153' title='bbox 993 1531 1246 1570; x_wconf 82' lang='lat' dir='ltr'>maximam</span> <span class='ocrx_word' id='word_1_154' title='bbox 1281 1529 1639 1570; x_wconf 90' lang='lat' dir='ltr'>admirationem</span> <span class='ocrx_word' id='word_1_155' title='bbox 1669 1529 1872 1570; x_wconf 83' lang='lat' dir='ltr'>adduxe·</span> 
     </span>
     <span class='ocr_line' id='line_1_20' title="bbox 243 1600 1872 1652; baseline -0.001 -11"><span class='ocrx_word' id='word_1_156' title='bbox 243 1601 316 1641; x_wconf 89' lang='lat' dir='ltr'>rit.</span> <span class='ocrx_word' id='word_1_157' title='bbox 340 1601 554 1642; x_wconf 89' lang='lat' dir='ltr'>Alterum</span> <span class='ocrx_word' id='word_1_158' title='bbox 575 1613 686 1642; x_wconf 91' lang='lat' dir='ltr'>uero</span> <span class='ocrx_word' id='word_1_159' title='bbox 709 1608 793 1651; x_wconf 91' lang='lat' dir='ltr'>est,</span> <span class='ocrx_word' id='word_1_160' title='bbox 818 1602 1002 1651; x_wconf 89' lang='lat' dir='ltr'>multos,</span> <span class='ocrx_word' id='word_1_161' title='bbox 1027 1602 1103 1652; x_wconf 91' lang='lat' dir='ltr'>qui</span> <span class='ocrx_word' id='word_1_162' title='bbox 1125 1601 1276 1641; x_wconf 89' lang='lat' dir='ltr'>sacris</span> <span class='ocrx_word' id='word_1_163' title='bbox 1305 1600 1476 1641; x_wconf 85' lang='lat' dir='ltr'>initiati</span> <span class='ocrx_word' id='word_1_164' title='bbox 1502 1600 1717 1641; x_wconf 86' lang='lat' dir='ltr'>militiam</span> <span class='ocrx_word' id='word_1_165' title='bbox 1743 1611 1872 1641; x_wconf 87' lang='lat' dir='ltr'>exer—</span> 
     </span>
     <span class='ocr_line' id='line_1_21' title="bbox 242 1671 1870 1723; baseline -0.001 -11"><span class='ocrx_word' id='word_1_166' title='bbox 242 1672 423 1721; x_wconf 85' lang='lat' dir='ltr'>cebant,</span> <span class='ocrx_word' id='word_1_167' title='bbox 448 1672 738 1712; x_wconf 86' lang='lat' dir='ltr'>confessione</span> <span class='ocrx_word' id='word_1_168' title='bbox 761 1673 891 1722; x_wconf 90' lang='lat' dir='ltr'>duce,</span> <span class='ocrx_word' id='word_1_169' title='bbox 916 1673 1001 1712; x_wconf 89' lang='lat' dir='ltr'>sub</span> <span class='ocrx_word' id='word_1_170' title='bbox 1023 1671 1196 1712; x_wconf 89' lang='lat' dir='ltr'>Christi</span> <span class='ocrx_word' id='word_1_171' title='bbox 1220 1672 1392 1712; x_wconf 84' lang='lat' dir='ltr'>vexillo</span> <span class='ocrx_word' id='word_1_172' title='bbox 1414 1671 1615 1712; x_wconf 89' lang='lat' dir='ltr'>militare</span> <span class='ocrx_word' id='word_1_173' title='bbox 1645 1671 1870 1723; x_wconf 89' lang='lat' dir='ltr'>coepisse;</span> 
     </span>
     <span class='ocr_line' id='line_1_22' title="bbox 243 1742 1870 1796; baseline -0.001 -12"><span class='ocrx_word' id='word_1_174' title='bbox 243 1744 595 1796; x_wconf 85' lang='lat' dir='ltr'>compluresque</span> <span class='ocrx_word' id='word_1_175' title='bbox 617 1745 746 1795; x_wconf 90' lang='lat' dir='ltr'>alios,</span> <span class='ocrx_word' id='word_1_176' title='bbox 769 1745 846 1796; x_wconf 92' lang='lat' dir='ltr'>qui</span> <span class='ocrx_word' id='word_1_177' title='bbox 869 1744 1037 1784; x_wconf 86' lang='lat' dir='ltr'>abhinc</span> <span class='ocrx_word' id='word_1_178' title='bbox 1060 1744 1258 1795; x_wconf 88' lang='lat' dir='ltr'>amplius</span> <span class='ocrx_word' id='word_1_179' title='bbox 1283 1744 1323 1794; x_wconf 73' lang='lat'>4,</span> <span class='ocrx_word' id='word_1_180' title='bbox 1346 1743 1384 1795; x_wconf 88' lang='lat'>7,</span> <span class='ocrx_word' id='word_1_181' title='bbox 1409 1743 1434 1783; x_wconf 87' lang='grc'>9</span> <span class='ocrx_word' id='word_1_182' title='bbox 1455 1743 1591 1783; x_wconf 90' lang='lat' dir='ltr'>annis</span> <span class='ocrx_word' id='word_1_183' title='bbox 1619 1742 1870 1783; x_wconf 86' lang='lat' dir='ltr'>confessio-</span> 
     </span>
     <span class='ocr_line' id='line_1_23' title="bbox 241 1814 1873 1866; baseline 0 -12"><span class='ocrx_word' id='word_1_184' title='bbox 241 1826 346 1855; x_wconf 89' lang='lat' dir='ltr'>nem</span> <span class='ocrx_word' id='word_1_185' title='bbox 363 1815 724 1866; x_wconf 87' lang='lat' dir='ltr'>intermiserant,</span> <span class='ocrx_word' id='word_1_186' title='bbox 748 1827 852 1855; x_wconf 91' lang='lat' dir='ltr'>eam</span> <span class='ocrx_word' id='word_1_187' title='bbox 868 1814 997 1855; x_wconf 86' lang='lat' dir='ltr'>Patri</span> <span class='ocrx_word' id='word_1_188' title='bbox 1014 1821 1175 1855; x_wconf 87' lang='lat' dir='ltr'>nostro</span> <span class='ocrx_word' id='word_1_189' title='bbox 1191 1826 1461 1855; x_wconf 87' lang='lat' dir='ltr'>renouasse:</span> <span class='ocrx_word' id='word_1_190' title='bbox 1487 1826 1740 1866; x_wconf 89' lang='lat' dir='ltr'>eorumque</span> <span class='ocrx_word' id='word_1_191' title='bbox 1759 1825 1873 1854; x_wconf 93' lang='lat' dir='ltr'>non-</span> 
     </span>
     <span class='ocr_line' id='line_1_24' title="bbox 241 1885 1870 1937; baseline 0 -12"><span class='ocrx_word' id='word_1_192' title='bbox 241 1887 368 1937; x_wconf 89' lang='lat' dir='ltr'>nulli,</span> <span class='ocrx_word' id='word_1_193' title='bbox 393 1892 489 1926; x_wconf 86' lang='lat' dir='ltr'>tum</span> <span class='ocrx_word' id='word_1_194' title='bbox 511 1887 732 1937; x_wconf 90' lang='lat' dir='ltr'>discendi,</span> <span class='ocrx_word' id='word_1_195' title='bbox 754 1893 851 1926; x_wconf 90' lang='lat' dir='ltr'>tum</span> <span class='ocrx_word' id='word_1_196' title='bbox 880 1886 1020 1926; x_wconf 88' lang='lat' dir='ltr'>etiam</span> <span class='ocrx_word' id='word_1_197' title='bbox 1048 1886 1229 1926; x_wconf 90' lang='lat' dir='ltr'>uisendi</span> <span class='ocrx_word' id='word_1_198' title='bbox 1257 1885 1408 1926; x_wconf 89' lang='lat' dir='ltr'>studio</span> <span class='ocrx_word' id='word_1_199' title='bbox 1448 1886 1590 1934; x_wconf 92' lang='lat' dir='ltr'>ducti,</span> <span class='ocrx_word' id='word_1_200' title='bbox 1621 1885 1870 1936; x_wconf 84' lang='lat' dir='ltr'>collegium</span> 
     </span>
     <span class='ocr_line' id='line_1_25' title="bbox 241 1956 1871 2008; baseline 0 -12"><span class='ocrx_word' id='word_1_201' title='bbox 241 1963 452 1997; x_wconf 89' lang='lat' dir='ltr'>nostrum</span> <span class='ocrx_word' id='word_1_202' title='bbox 491 1957 808 2008; x_wconf 85' lang='lat' dir='ltr'>frequentant,</span> <span class='ocrx_word' id='word_1_203' title='bbox 846 1968 1023 2008; x_wconf 87' lang='lat' dir='ltr'>nosque</span> <span class='ocrx_word' id='word_1_204' title='bbox 1058 1957 1226 2007; x_wconf 89' lang='lat' dir='ltr'>ubique</span> <span class='ocrx_word' id='word_1_205' title='bbox 1262 1956 1453 1996; x_wconf 89' lang='lat' dir='ltr'>laudant</span> <span class='ocrx_word' id='word_1_206' title='bbox 1491 1957 1790 1997; x_wconf 89' lang='lat' dir='ltr'>uehementer</span> <span class='ocrx_word' id='word_1_207' title='bbox 1826 1962 1871 1997; x_wconf 92' lang='lat' dir='ltr'>et</span> 
     </span>
     <span class='ocr_line' id='line_1_26' title="bbox 241 2027 1868 2079; baseline 0 -12"><span class='ocrx_word' id='word_1_208' title='bbox 241 2028 506 2079; x_wconf 78' lang='lat' dir='ltr'>obseruant3</span> <span class='ocrx_word' id='word_1_209' title='bbox 520 2040 606 2069; x_wconf 90' lang='lat' dir='ltr'>nec</span> <span class='ocrx_word' id='word_1_210' title='bbox 624 2029 670 2068; x_wconf 94' lang='lat' dir='ltr'>id</span> <span class='ocrx_word' id='word_1_211' title='bbox 689 2030 838 2068; x_wconf 91' lang='lat' dir='ltr'>solum</span> <span class='ocrx_word' id='word_1_212' title='bbox 857 2028 1041 2078; x_wconf 91' lang='lat' dir='ltr'>milites,</span> <span class='ocrx_word' id='word_1_213' title='bbox 1062 2028 1143 2067; x_wconf 89' lang='lat' dir='ltr'>sed</span> <span class='ocrx_word' id='word_1_214' title='bbox 1160 2028 1303 2068; x_wconf 91' lang='lat' dir='ltr'>etiam</span> <span class='ocrx_word' id='word_1_215' title='bbox 1320 2039 1480 2068; x_wconf 90' lang='lat' dir='ltr'>eorum</span> <span class='ocrx_word' id='word_1_216' title='bbox 1498 2028 1640 2068; x_wconf 91' lang='lat' dir='ltr'>duces</span> <span class='ocrx_word' id='word_1_217' title='bbox 1653 2027 1868 2068; x_wconf 90' lang='lat' dir='ltr'>efficiunt.</span> 
     </span>
    </p>

    <p class='ocr_par' dir='ltr' id='par_1_4' title="bbox 237 2098 1872 2719">
     <span class='ocr_line' id='line_1_27' title="bbox 321 2098 1872 2139; baseline -0.001 0"><span class='ocrx_word' id='word_1_218' title='bbox 321 2098 557 2139; x_wconf 90' lang='lat' dir='ltr'>Coenobia</span> <span class='ocrx_word' id='word_1_219' title='bbox 579 2111 691 2139; x_wconf 88' lang='lat' dir='ltr'>uero</span> <span class='ocrx_word' id='word_1_220' title='bbox 725 2106 769 2139; x_wconf 90' lang='lat' dir='ltr'>et</span> <span class='ocrx_word' id='word_1_221' title='bbox 799 2098 1095 2139; x_wconf 77' lang='lat' dir='ltr'>xenodochia</span> <span class='ocrx_word' id='word_1_222' title='bbox 1126 2110 1218 2138; x_wconf 91' lang='lat' dir='ltr'>non</span> <span class='ocrx_word' id='word_1_223' title='bbox 1249 2098 1533 2138; x_wconf 88' lang='lat' dir='ltr'>mediocrem</span> <span class='ocrx_word' id='word_1_224' title='bbox 1565 2098 1769 2138; x_wconf 88' lang='lat' dir='ltr'>fructum</span> <span class='ocrx_word' id='word_1_225' title='bbox 1799 2109 1872 2139; x_wconf 90' lang='lat' dir='ltr'>ca·</span> 
     </span>
     <span class='ocr_line' id='line_1_28' title="bbox 241 2169 1872 2223; baseline -0.001 -13"><span class='ocrx_word' id='word_1_226' title='bbox 241 2182 348 2221; x_wconf 90' lang='lat' dir='ltr'>pere</span> <span class='ocrx_word' id='word_1_227' title='bbox 370 2171 610 2218; x_wconf 77' lang='lat' dir='ltr'>uidentur3</span> <span class='ocrx_word' id='word_1_228' title='bbox 634 2181 742 2210; x_wconf 91' lang='lat' dir='ltr'>nam</span> <span class='ocrx_word' id='word_1_229' title='bbox 765 2177 809 2209; x_wconf 84' lang='lat' dir='ltr'>et</span> <span class='ocrx_word' id='word_1_230' title='bbox 842 2171 888 2210; x_wconf 92' lang='lat' dir='ltr'>in</span> <span class='ocrx_word' id='word_1_231' title='bbox 916 2170 1154 2209; x_wconf 79' lang='lat' dir='ltr'>coenobiis</span> <span class='ocrx_word' id='word_1_232' title='bbox 1187 2169 1457 2220; x_wconf 89' lang='lat' dir='ltr'>frequentes</span> <span class='ocrx_word' id='word_1_233' title='bbox 1488 2169 1735 2223; x_wconf 80' lang='lat' dir='ltr'>habuimus</span> <span class='ocrx_word' id='word_1_234' title='bbox 1766 2179 1872 2208; x_wconf 90' lang='lat' dir='ltr'>con-</span> 
     </span>
     <span class='ocr_line' id='line_1_29' title="bbox 240 2239 1871 2292; baseline -0.001 -11"><span class='ocrx_word' id='word_1_235' title='bbox 240 2242 415 2291; x_wconf 88' lang='lat' dir='ltr'>ciones,</span> <span class='ocrx_word' id='word_1_236' title='bbox 440 2242 605 2292; x_wconf 88' lang='lat' dir='ltr'>quibus</span> <span class='ocrx_word' id='word_1_237' title='bbox 628 2241 762 2291; x_wconf 91' lang='lat' dir='ltr'>aliae,</span> <span class='ocrx_word' id='word_1_238' title='bbox 787 2252 905 2292; x_wconf 92' lang='lat' dir='ltr'>quae</span> <span class='ocrx_word' id='word_1_239' title='bbox 928 2241 1048 2280; x_wconf 90' lang='lat' dir='ltr'>inter</span> <span class='ocrx_word' id='word_1_240' title='bbox 1069 2252 1118 2280; x_wconf 89' lang='lat' dir='ltr'>se</span> <span class='ocrx_word' id='word_1_241' title='bbox 1139 2240 1270 2291; x_wconf 89' lang='lat' dir='ltr'>prius</span> <span class='ocrx_word' id='word_1_242' title='bbox 1296 2239 1605 2290; x_wconf 87' lang='lat' dir='ltr'>dissidebant,</span> <span class='ocrx_word' id='word_1_243' title='bbox 1634 2239 1871 2280; x_wconf 88' lang='lat' dir='ltr'>sanctissi-</span> 
     </span>
     <span class='ocr_line' id='line_1_30' title="bbox 239 2311 1871 2362; baseline -0.001 -10"><span class='ocrx_word' id='word_1_244' title='bbox 239 2324 344 2352; x_wconf 92' lang='lat' dir='ltr'>mae</span> <span class='ocrx_word' id='word_1_245' title='bbox 366 2312 678 2352; x_wconf 86' lang='lat' dir='ltr'>eucharistiae</span> <span class='ocrx_word' id='word_1_246' title='bbox 705 2313 860 2362; x_wconf 88' lang='lat' dir='ltr'>gratia</span> <span class='ocrx_word' id='word_1_247' title='bbox 891 2311 1169 2352; x_wconf 89' lang='lat' dir='ltr'>conciliatae</span> <span class='ocrx_word' id='word_1_248' title='bbox 1197 2317 1327 2361; x_wconf 89' lang='lat' dir='ltr'>sunt;</span> <span class='ocrx_word' id='word_1_249' title='bbox 1358 2311 1477 2350; x_wconf 88' lang='lat' dir='ltr'>aliae</span> <span class='ocrx_word' id='word_1_250' title='bbox 1505 2322 1637 2361; x_wconf 87' lang='lat' dir='ltr'>uero,</span> <span class='ocrx_word' id='word_1_251' title='bbox 1668 2321 1787 2361; x_wconf 90' lang='lat' dir='ltr'>quae</span> <span class='ocrx_word' id='word_1_252' title='bbox 1812 2322 1871 2350; x_wconf 88' lang='lat' dir='ltr'>ex</span> 
     </span>
     <span class='ocr_line' id='line_1_31' title="bbox 238 2368 1869 2435; baseline -0.002 -12"><span class='ocrx_word' id='word_1_253' title='bbox 238 2368 440 2435; x_wconf 77' lang='lat' dir='ltr'>propriis</span> <span class='ocrx_word' id='word_1_254' title='bbox 462 2384 698 2432; x_wconf 89' lang='lat' dir='ltr'>uiuebant‚</span> <span class='ocrx_word' id='word_1_255' title='bbox 724 2383 861 2422; x_wconf 93' lang='lat' dir='ltr'>modo</span> <span class='ocrx_word' id='word_1_256' title='bbox 883 2383 929 2422; x_wconf 93' lang='lat' dir='ltr'>in</span> <span class='ocrx_word' id='word_1_257' title='bbox 951 2382 1187 2422; x_wconf 90' lang='lat' dir='ltr'>communi</span> <span class='ocrx_word' id='word_1_258' title='bbox 1211 2381 1592 2422; x_wconf 86' lang='lat' dir='ltr'>coniunctissime</span> <span class='ocrx_word' id='word_1_259' title='bbox 1615 2387 1658 2421; x_wconf 92' lang='lat' dir='ltr'>et</span> <span class='ocrx_word' id='word_1_260' title='bbox 1676 2392 1869 2421; x_wconf 90' lang='lat' dir='ltr'>concor-</span> 
     </span>
     <span class='ocr_line' id='line_1_32' title="bbox 240 2451 1869 2505; baseline -0.001 -11"><span class='ocrx_word' id='word_1_261' title='bbox 240 2455 428 2494; x_wconf 90' lang='lat' dir='ltr'>dissime</span> <span class='ocrx_word' id='word_1_262' title='bbox 463 2454 647 2494; x_wconf 88' lang='lat' dir='ltr'>uiuunt:</span> <span class='ocrx_word' id='word_1_263' title='bbox 686 2455 786 2505; x_wconf 87' lang='lat' dir='ltr'>ipsa</span> <span class='ocrx_word' id='word_1_264' title='bbox 817 2465 931 2493; x_wconf 92' lang='lat' dir='ltr'>uero</span> <span class='ocrx_word' id='word_1_265' title='bbox 963 2453 1257 2493; x_wconf 86' lang='lat' dir='ltr'>xenodochia</span> <span class='ocrx_word' id='word_1_266' title='bbox 1286 2453 1492 2493; x_wconf 88' lang='lat' dir='ltr'>maxima</span> <span class='ocrx_word' id='word_1_267' title='bbox 1524 2451 1869 2503; x_wconf 83' lang='lat' dir='ltr'>aegrotantium</span> 
     </span>
     <span class='ocr_line' id='line_1_33' title="bbox 239 2523 1866 2587; baseline -0.001 -22"><span class='ocrx_word' id='word_1_268' title='bbox 239 2526 333 2577; x_wconf 87' lang='lat' dir='ltr'>(qui</span> <span class='ocrx_word' id='word_1_269' title='bbox 353 2525 538 2576; x_wconf 87' lang='lat' dir='ltr'>quidem</span> <span class='ocrx_word' id='word_1_270' title='bbox 560 2525 748 2576; x_wconf 87' lang='lat' dir='ltr'>plurimi</span> <span class='ocrx_word' id='word_1_271' title='bbox 769 2524 1239 2587; x_wconf 53' lang='lat' dir='ltr'>sunt)sconsolatione</span> <span class='ocrx_word' id='word_1_272' title='bbox 1265 2523 1630 2574; x_wconf 89' lang='lat' dir='ltr'>frequentamus,</span> <span class='ocrx_word' id='word_1_273' title='bbox 1659 2523 1866 2563; x_wconf 87' lang='lat' dir='ltr'>consola-</span> 
     </span>
     <span class='ocr_line' id='line_1_34' title="bbox 238 2593 1867 2647; baseline -0.001 -11"><span class='ocrx_word' id='word_1_274' title='bbox 238 2608 357 2647; x_wconf 90' lang='lat' dir='ltr'>mur,</span> <span class='ocrx_word' id='word_1_275' title='bbox 382 2597 440 2636; x_wconf 88' lang='lat' dir='ltr'>ad</span> <span class='ocrx_word' id='word_1_276' title='bbox 463 2596 736 2647; x_wconf 85' lang='lat' dir='ltr'>patientiam</span> <span class='ocrx_word' id='word_1_277' title='bbox 757 2595 1117 2645; x_wconf 86' lang='lat' dir='ltr'>inflammamus,</span> <span class='ocrx_word' id='word_1_278' title='bbox 1142 2595 1179 2634; x_wconf 92' lang='lat' dir='ltr'>si</span> <span class='ocrx_word' id='word_1_279' title='bbox 1201 2594 1310 2645; x_wconf 91' lang='lat' dir='ltr'>quid</span> <span class='ocrx_word' id='word_1_280' title='bbox 1332 2595 1532 2643; x_wconf 90' lang='lat' dir='ltr'>animae,</span> <span class='ocrx_word' id='word_1_281' title='bbox 1564 2594 1603 2634; x_wconf 92' lang='lat' dir='ltr'>si</span> <span class='ocrx_word' id='word_1_282' title='bbox 1633 2593 1742 2645; x_wconf 89' lang='lat' dir='ltr'>quid</span> <span class='ocrx_word' id='word_1_283' title='bbox 1769 2605 1867 2634; x_wconf 89' lang='lat' dir='ltr'>cor-</span> 
     </span>
     <span class='ocr_line' id='line_1_35' title="bbox 237 2664 1867 2719; baseline -0.001 -12"><span class='ocrx_word' id='word_1_284' title='bbox 237 2667 340 2719; x_wconf 91' lang='lat' dir='ltr'>pori</span> <span class='ocrx_word' id='word_1_285' title='bbox 362 2679 478 2718; x_wconf 93' lang='lat' dir='ltr'>opus</span> <span class='ocrx_word' id='word_1_286' title='bbox 500 2674 583 2717; x_wconf 86' lang='lat' dir='ltr'>est,</span> <span class='ocrx_word' id='word_1_287' title='bbox 608 2678 691 2717; x_wconf 91' lang='lat' dir='ltr'>pro</span> <span class='ocrx_word' id='word_1_288' title='bbox 715 2666 837 2706; x_wconf 89' lang='lat' dir='ltr'>uirili</span> <span class='ocrx_word' id='word_1_289' title='bbox 859 2673 1019 2706; x_wconf 88' lang='lat' dir='ltr'>nostra</span> <span class='ocrx_word' id='word_1_290' title='bbox 1042 2672 1284 2716; x_wconf 89' lang='lat' dir='ltr'>curantes;</span> <span class='ocrx_word' id='word_1_291' title='bbox 1308 2665 1429 2705; x_wconf 87' lang='lat' dir='ltr'>unde</span> <span class='ocrx_word' id='word_1_292' title='bbox 1450 2671 1630 2705; x_wconf 89' lang='lat' dir='ltr'>tantam</span> <span class='ocrx_word' id='word_1_293' title='bbox 1658 2665 1704 2705; x_wconf 92' lang='lat' dir='ltr'>in</span> <span class='ocrx_word' id='word_1_294' title='bbox 1731 2664 1867 2705; x_wconf 90' lang='lat' dir='ltr'>nobis</span> 
     </span>
    </p>
   </div>
   <div class='ocr_carea' id='block_1_3' title="bbox 235 2800 1863 3072">
    <p class='ocr_par' dir='ltr' id='par_1_5' title="bbox 285 2800 1700 2835">
     <span class='ocr_line' id='line_1_36' title="bbox 285 2800 1700 2835; baseline -0.001 -6"><span class='ocrx_word' id='word_1_295' title='bbox 285 2803 296 2823; x_wconf 83' lang='lat'>¹</span> <span class='ocrx_word' id='word_1_296' title='bbox 336 2801 540 2829; x_wconf 84' lang='lat' dir='ltr'>Franciscus</span> <span class='ocrx_word' id='word_1_297' title='bbox 554 2802 593 2828; x_wconf 87' lang='lat' dir='ltr'>de</span> <span class='ocrx_word' id='word_1_298' title='bbox 610 2801 769 2828; x_wconf 78' lang='lat' dir='ltr'>Mendoza</span> <span class='ocrx_word' id='word_1_299' title='bbox 784 2806 817 2828; x_wconf 90' lang='lat' dir='ltr'>et</span> <span class='ocrx_word' id='word_1_300' title='bbox 834 2801 1021 2834; x_wconf 83' lang='lat' dir='ltr'>Bobadilla,</span> <span class='ocrx_word' id='word_1_301' title='bbox 1039 2801 1225 2835; x_wconf 86' lang='lat' dir='ltr'>Burgensis</span> <span class='ocrx_word' id='word_1_302' title='bbox 1242 2800 1431 2835; x_wconf 86' lang='lat' dir='ltr'>Episcopus</span> <span class='ocrx_word' id='word_1_303' title='bbox 1447 2806 1480 2828; x_wconf 87' lang='lat' dir='ltr'>et</span> <span class='ocrx_word' id='word_1_304' title='bbox 1498 2800 1700 2828; x_wconf 85' lang='lat' dir='ltr'>Cardinalis.</span> 
     </span>
    </p>

    <p class='ocr_par' dir='ltr' id='par_1_6' title="bbox 237 2846 1863 2925">
     <span class='ocr_line' id='line_1_37' title="bbox 286 2846 1863 2882; baseline -0.001 -6"><span class='ocrx_word' id='word_1_305' title='bbox 286 2852 299 2869; x_wconf 58' lang='grc' dir='ltr'><em>Ἀ</em></span> <span class='ocrx_word' id='word_1_306' title='bbox 337 2849 570 2876; x_wconf 72' lang='lat' dir='ltr'>Ferdinandus</span> <span class='ocrx_word' id='word_1_307' title='bbox 592 2848 673 2875; x_wconf 84' lang='lat' dir='ltr'>Ruiz</span> <span class='ocrx_word' id='word_1_308' title='bbox 696 2849 734 2875; x_wconf 86' lang='lat' dir='ltr'>de</span> <span class='ocrx_word' id='word_1_309' title='bbox 758 2848 879 2875; x_wconf 87' lang='lat' dir='ltr'>Castro</span> <span class='ocrx_word' id='word_1_310' title='bbox 903 2853 934 2875; x_wconf 85' lang='lat' dir='ltr'>et</span> <span class='ocrx_word' id='word_1_311' title='bbox 959 2848 1133 2882; x_wconf 79' lang='lat' dir='ltr'>Portugal,</span> <span class='ocrx_word' id='word_1_312' title='bbox 1151 2847 1198 2874; x_wconf 90' lang='lat' dir='ltr'>IV</span> <span class='ocrx_word' id='word_1_313' title='bbox 1221 2847 1341 2875; x_wconf 82' lang='lat' dir='ltr'>Comes</span> <span class='ocrx_word' id='word_1_314' title='bbox 1363 2848 1402 2874; x_wconf 86' lang='lat' dir='ltr'>de</span> <span class='ocrx_word' id='word_1_315' title='bbox 1423 2847 1544 2875; x_wconf 89' lang='lat' dir='ltr'>Lemos</span> <span class='ocrx_word' id='word_1_316' title='bbox 1559 2852 1591 2875; x_wconf 86' lang='lat' dir='ltr'>et</span> <span class='ocrx_word' id='word_1_317' title='bbox 1607 2847 1620 2874; x_wconf 95' lang='lat' dir='ltr'>I</span> <span class='ocrx_word' id='word_1_318' title='bbox 1643 2846 1796 2875; x_wconf 88' lang='lat' dir='ltr'>Marchio</span> <span class='ocrx_word' id='word_1_319' title='bbox 1822 2848 1863 2876; x_wconf 92' lang='lat' dir='ltr'>de</span> 
     </span>
     <span class='ocr_line' id='line_1_38' title="bbox 237 2897 365 2925; baseline -0.008 -1"><span class='ocrx_word' id='word_1_320' title='bbox 237 2897 365 2925; x_wconf 79' lang='lat' dir='ltr'>Satria.</span> 
     </span>
    </p>

    <p class='ocr_par' dir='ltr' id='par_1_7' title="bbox 235 2941 1863 3024">
     <span class='ocr_line' id='line_1_39' title="bbox 287 2941 1863 2978; baseline -0.001 -7"><span class='ocrx_word' id='word_1_321' title='bbox 287 2945 299 2963; x_wconf 77' lang='lat'>5</span> <span class='ocrx_word' id='word_1_322' title='bbox 337 2944 399 2971; x_wconf 89' lang='lat' dir='ltr'>Hic</span> <span class='ocrx_word' id='word_1_323' title='bbox 411 2948 487 2971; x_wconf 88' lang='lat' dir='ltr'>erat</span> <span class='ocrx_word' id='word_1_324' title='bbox 504 2943 538 2970; x_wconf 88' lang='lat' dir='ltr'>P.</span> <span class='ocrx_word' id='word_1_325' title='bbox 555 2942 781 2977; x_wconf 85' lang='lat' dir='ltr'>Hieronymus</span> <span class='ocrx_word' id='word_1_326' title='bbox 804 2942 959 2973; x_wconf 79' lang='lat' dir='ltr'>Rubiola.</span> <span class='ocrx_word' id='word_1_327' title='bbox 982 2943 1154 2977; x_wconf 84' lang='lat' dir='ltr'>hispanus,</span> <span class='ocrx_word' id='word_1_328' title='bbox 1177 2942 1231 2977; x_wconf 87' lang='lat' dir='ltr'>qui</span> <span class='ocrx_word' id='word_1_329' title='bbox 1254 2942 1361 2970; x_wconf 87' lang='lat' dir='ltr'>Senas</span> <span class='ocrx_word' id='word_1_330' title='bbox 1383 2941 1480 2969; x_wconf 84' lang='lat' dir='ltr'>XVII</span> <span class='ocrx_word' id='word_1_331' title='bbox 1502 2943 1571 2969; x_wconf 83' lang='lat' dir='ltr'>kal.</span> <span class='ocrx_word' id='word_1_332' title='bbox 1587 2941 1696 2978; x_wconf 83' lang='lat' dir='ltr'>Majas</span> <span class='ocrx_word' id='word_1_333' title='bbox 1713 2944 1754 2970; x_wconf 83' lang='lat' dir='ltr'>ab</span> <span class='ocrx_word' id='word_1_334' title='bbox 1772 2942 1863 2972; x_wconf 82' lang='lat' dir='ltr'>Urbe</span> 
     </span>
     <span class='ocr_line' id='line_1_40' title="bbox 235 2989 1134 3024; baseline -0.001 -6"><span class='ocrx_word' id='word_1_335' title='bbox 235 2995 389 3019; x_wconf 75' lang='lat' dir='ltr'>venerat.</span> <span class='ocrx_word' id='word_1_336' title='bbox 406 2990 605 3022; x_wconf 67' lang='lat' dir='ltr'>ORLANmNJ,</span> <span class='ocrx_word' id='word_1_337' title='bbox 624 2990 715 3016; x_wconf 73' lang='lat' dir='ltr'>Hz&#39;st.</span> <span class='ocrx_word' id='word_1_338' title='bbox 733 2990 804 3016; x_wconf 70' lang='lat' dir='ltr'>Soc.</span> <span class='ocrx_word' id='word_1_339' title='bbox 819 2989 920 3024; x_wconf 75' lang='lat' dir='ltr'>Jesu,</span> <span class='ocrx_word' id='word_1_340' title='bbox 934 2991 954 3016; x_wconf 89' lang='lat'>1.</span> <span class='ocrx_word' id='word_1_341' title='bbox 971 2997 1041 3021; x_wconf 72' lang='lat' dir='ltr'>xvi,</span> <span class='ocrx_word' id='word_1_342' title='bbox 1057 2998 1089 3017; x_wconf 92' lang='lat' dir='ltr'>n.</span> <span class='ocrx_word' id='word_1_343' title='bbox 1103 2990 1134 3017; x_wconf 80' lang='grc'>5.</span> 
     </span>
    </p>

    <p class='ocr_par' dir='ltr' id='par_1_8' title="bbox 286 3037 1500 3072">
     <span class='ocr_line' id='line_1_41' title="bbox 286 3037 1500 3072; baseline 0 -6"><span class='ocrx_word' id='word_1_344' title='bbox 286 3040 300 3058; x_wconf 73' lang='lat'><strong>⁴</strong></span> <span class='ocrx_word' id='word_1_345' title='bbox 338 3039 476 3072; x_wconf 86' lang='lat' dir='ltr'>Nempe,</span> <span class='ocrx_word' id='word_1_346' title='bbox 494 3037 530 3065; x_wconf 86' lang='lat' dir='ltr'>P.</span> <span class='ocrx_word' id='word_1_347' title='bbox 547 3037 738 3071; x_wconf 85' lang='lat' dir='ltr'>Rectorem,</span> <span class='ocrx_word' id='word_1_348' title='bbox 755 3038 793 3064; x_wconf 87' lang='lat' dir='ltr'>de</span> <span class='ocrx_word' id='word_1_349' title='bbox 810 3045 872 3072; x_wconf 87' lang='lat' dir='ltr'>quo</span> <span class='ocrx_word' id='word_1_350' title='bbox 889 3038 920 3064; x_wconf 88' lang='lat' dir='ltr'>in</span> <span class='ocrx_word' id='word_1_351' title='bbox 935 3038 1155 3072; x_wconf 84' lang='lat' dir='ltr'>praecedenti</span> <span class='ocrx_word' id='word_1_352' title='bbox 1171 3042 1284 3066; x_wconf 83' lang='lat' dir='ltr'>annot.</span> <span class='ocrx_word' id='word_1_353' title='bbox 1300 3038 1362 3066; x_wconf 84' lang='lat' dir='ltr'>suit</span> <span class='ocrx_word' id='word_1_354' title='bbox 1379 3046 1500 3066; x_wconf 87' lang='lat' dir='ltr'>sermo.</span> 
     </span>
    </p>
   </div>
  </div>
 </body>
</html>
