2020 3342
878 246 959 285 AN.
992 246 1083 285 1556
1716 247 1787 284 303

164 341 401 395 busjudex
418 343 657 395 impulsuS,
677 344 886 395 aequiori
903 345 1040 395 paulo
1059 354 1163 384 cum
1180 354 1234 383 eo
1251 342 1517 383 conditione
1534 344 1785 394 transegit.

164 413 506 455 Decumbentes
540 415 586 454 in
623 414 961 455 valetudinario
988 420 1149 455 nostra
1170 425 1353 467 quoque
1375 426 1516 465 opera
1554 426 1645 454 non
1680 425 1788 454 raro

165 484 307 526 adiuti
328 492 448 536 sunt,
472 497 637 526 verum
658 486 753 526 fere
775 497 975 526 uacuum
996 492 1080 537 est;
1103 491 1147 526 et
1169 497 1274 526 cum
1301 485 1525 537 plurimos
1555 484 1693 525 habet
1724 485 1789 524 in·

164 555 336 607 firmos,
361 557 440 597 uix
461 556 707 597 duodecim
727 555 866 597 habet
887 563 965 597 aut
987 556 1354 608 quatuordecim.

243 627 314 668 De
336 627 483 678 nobis,
508 638 647 678 quam
667 627 783 667 bene
817 627 986 667 sentiat
1020 627 1241 668 uniuersa
1276 626 1458 678 ciuitaS,
1497 625 1666 667 indicio
1688 638 1790 667 esse

164 704 315 750 potest
336 698 577 738 hominum
598 698 656 738 ad
676 709 762 739 nos
784 698 830 738 in
846 698 1066 749 periculis
1083 709 1356 748 concursus,
1376 703 1420 738 et
1437 698 1642 738 omnium
1658 697 1790 737 nobis

163 769 412 810 confitendi
432 769 728 819 desiderium,
752 776 800 810 ut
822 781 915 810 non
942 769 1172 810 immerito
1200 768 1367 809 domus
1393 775 1556 809 nostra
1585 768 1788 820 cuipiam

163 841 310 881 uideri
331 841 478 892 possit
498 841 733 892 publicum
753 841 1032 881 miserorum
1054 841 1256 881 omnium
1281 840 1527 891 refugium;
1561 845 1605 880 et
1626 845 1675 880 ut
1698 838 1783 879 Dei

164 923 277 964 erga
294 924 380 952 nos
396 911 760 952 munificentiam
777 911 1012 964 profitear,
1030 922 1166 951 nemo
1183 911 1409 952 hactenus
1427 923 1562 962 opem
1578 917 1789 950 nostram

162 982 335 1024 frustra
357 983 639 1035 implorauit.

241 1053 409 1095 Vicina
432 1054 597 1094 mulier
618 1065 724 1095 cum
747 1054 864 1094 duos
884 1054 977 1095 iam
1004 1054 1102 1094 dies
1128 1053 1340 1106 pariendi
1368 1053 1635 1093 difficultate
1663 1052 1788 1093 labo-

164 1132 329 1177 rasset,
351 1137 437 1166 nec
460 1132 659 1177 partum,
683 1125 873 1166 tentatis
902 1125 1045 1165 uariis
1074 1124 1305 1175 remediis,
1337 1124 1587 1176 quicquam
1614 1122 1791 1164 facilio-

165 1209 263 1238 rem
284 1197 492 1247 sentiret,
526 1195 585 1236 ad
620 1208 706 1237 nos
729 1202 911 1237 oratum
942 1195 1080 1247 misit,
1104 1201 1153 1236 ut
1173 1195 1261 1236 sibi
1292 1195 1660 1236 subueniremus:
1684 1205 1790 1234 cum

163 1280 273 1309 uero
295 1268 640 1320 respondissem
661 1279 746 1308 nec
768 1267 999 1308 medicum
1020 1278 1092 1307 me
1114 1278 1215 1307 esse
1242 1278 1390 1318 neque
1416 1265 1582 1316 Deum,
1614 1271 1662 1306 ut
1684 1276 1790 1317 pos-

164 1339 251 1380 sim
273 1339 458 1379 dolores
479 1338 534 1378 de
556 1338 830 1390 corporibus
851 1338 1055 1389 abigere,
1072 1350 1158 1378 nec
1174 1344 1330 1378 tamen
1346 1338 1451 1377 illae
1469 1337 1634 1377 orandi
1650 1336 1787 1377 finem

164 1411 387 1460 facerent,
411 1410 563 1450 uictus
584 1409 800 1462 precibus
823 1409 926 1450 dedi
946 1410 1036 1449 illis
1058 1420 1227 1460 aquam
1248 1408 1554 1457 benedictam,
1586 1414 1633 1447 ut
1657 1407 1712 1448 de
1733 1419 1787 1447 ea

160 1481 317 1533 fronti,
340 1481 519 1533 pectori
546 1493 601 1522 ac
621 1481 774 1521 ventri
808 1480 1112 1532 parturientis
1142 1480 1329 1531 signum
1365 1479 1518 1519 crucis
1554 1479 1789 1531 imprime-

162 1560 278 1605 rent,
303 1564 553 1604 omnesque
581 1564 666 1593 nos
700 1564 783 1604 pro
821 1552 898 1592 illa
934 1557 1151 1592 oraturos
1172 1551 1283 1592 dixi:
1321 1551 1444 1603 quod
1474 1562 1579 1591 cum
1600 1549 1787 1590 fecisse-

161 1636 278 1676 mus,
302 1630 346 1665 et
367 1624 473 1665 illae
506 1624 751 1675 diligenter
786 1623 1203 1675 obtemperassent,
1228 1622 1434 1663 secunda
1464 1622 1522 1662 ab
1544 1621 1650 1662 inde
1672 1621 1788 1662 hora

162 1707 303 1752 quarn
325 1695 624 1736 foelicissime
645 1701 779 1747 partu
804 1695 1001 1735 liberata
1023 1700 1106 1735 est.

240 1766 310 1808 De
331 1767 503 1808 scholis
523 1766 711 1815 nostris,
735 1778 852 1818 quas
873 1778 989 1818 pene
1016 1766 1367 1818 praeterieram,
1391 1765 1480 1806 hoc
1508 1764 1642 1805 habe:
1673 1775 1787 1805 mes=

161 1850 258 1879 sem
279 1850 337 1879 ex
357 1838 470 1890 ipsis
498 1849 688 1890 sperare
715 1849 802 1878 nos
829 1838 967 1889 longe
994 1837 1293 1878 uberrimam.
1318 1836 1549 1888 Discipuli
1576 1836 1636 1876 ad
1668 1847 1789 1877 surn-

161 1921 284 1951 mum
305 1915 490 1950 centum
517 1909 870 1962 quinquaginta,
901 1909 993 1960 qui,
1030 1915 1077 1949 ut
1113 1909 1278 1960 seipsis
1313 1908 1516 1960 quotidie
1552 1907 1788 1948 doctiores

159 1980 378 2031 euadunt,
404 1981 468 2022 ita
489 1987 533 2021 et
555 1981 784 2031 melioreS,
813 1980 1001 2032 jurandi
1035 1980 1094 2021 ad
1115 1980 1298 2031 singula
1326 1991 1443 2031 pene
1478 1980 1620 2020 uerba
1642 1978 1787 2031 pessi·
1802 1990 1827 2019 a

158 2063 282 2093 mam
299 2052 696 2101 consuetudinem,
716 2051 977 2103 impudicos
994 2055 1238 2092 contactus
1254 2062 1309 2091 ac
1322 2054 1665 2103 praeposteros
1681 2060 1766 2090 con
1777 2073 1787 2078 -

159 2123 341 2163 cnbstzcs
379 2121 388 2142 ¹
420 2123 484 2164 ita
511 2123 811 2174 reliquerunt,
848 2129 896 2163 ut
925 2123 1079 2163 nullae
1108 2122 1307 2174 amplius
1335 2121 1394 2162 ad
1429 2132 1567 2162 aures
1597 2128 1788 2162 nostras

159 2195 214 2236 de
247 2194 472 2235 eiusmodi
507 2194 635 2235 uitiis
670 2195 886 2247 querelae
920 2194 1228 2246 perferantur.
1262 2193 1552 2234 Confitentur
1587 2192 1786 2244 singulis

159 2266 408 2307 mensibus:
445 2266 576 2307 multi
616 2266 757 2306 etiam
792 2266 1162 2306 sacratissimum
1205 2264 1377 2306 Christi
1411 2276 1581 2316 corpus
1612 2275 1785 2316 magno

160 2349 265 2378 cum
286 2337 517 2378 desiderio
538 2337 812 2388 suscipiunt.

237 2408 315 2463 Des
339 2414 463 2449 statu
497 2420 654 2449 rerum
687 2414 969 2459 nostrarum,
1007 2408 1093 2448 etsi
1127 2408 1295 2459 longus
1326 2407 1438 2448 mihi
1472 2406 1786 2448 instituendus

160 2485 282 2520 esset
316 2491 485 2530 sermo,
517 2485 695 2530 tamen,
733 2479 841 2532 quia
876 2478 1080 2519 nondum
1116 2478 1229 2519 satis
1260 2480 1548 2530 compositae
1584 2485 1690 2518 sunt
1710 2490 1786 2518 res

160 2551 458 2602 domesticae,
490 2558 738 2603 propterea
773 2551 893 2602 quod
928 2562 1021 2590 non
1056 2550 1102 2590 in
1131 2550 1334 2601 propriis
1364 2550 1447 2591 sed
1482 2549 1785 2590 conductitiis

159 2621 351 2662 aedibus
370 2622 648 2672 habitamus,
673 2622 813 2662 statui
842 2622 1104 2672 longiorem
1135 2621 1191 2661 de
1212 2621 1284 2661 his
1314 2632 1577 2662 sermonem
1607 2621 1654 2661 in
1676 2622 1785 2662 alte-

158 2704 259 2732 rum
280 2704 487 2733 mensem
509 2692 708 2743 differre,
735 2704 841 2744 quo,
866 2691 966 2732 Deo
988 2693 1188 2742 uolente,
1211 2691 1417 2732 futurum
1439 2698 1508 2732 est
1531 2698 1579 2732 ut
1600 2692 1660 2732 ad
1684 2704 1786 2744 pro·

158 2765 258 2815 pria
294 2764 670 2815 commigremus
708 2764 927 2815 Accipies
955 2770 1063 2804 tunc
1086 2763 1158 2803 his
1178 2763 1234 2803 de
1270 2764 1408 2803 rebus
1424 2762 1654 2814 prolixas
1673 2763 1786 2814 plus

157 2835 279 2876 satis
294 2834 541 2887 epistolas,
557 2835 725 2886 quibus
749 2834 763 2853 ²
781 2835 946 2886 longae
963 2834 1198 2875 dilationis
1215 2845 1371 2874 moras
1392 2834 1543 2885 facile,
1564 2840 1613 2875 ut
1630 2845 1782 2886 spero,

216 3020 225 3041 ¹
268 3020 533 3056 impudicitiam
550 3022 583 3047 et
598 3027 737 3048 morum
752 3021 1015 3055 turpitudinem
1043 3020 1228 3047 POLANCUS.

218 3070 230 3089 2
268 3068 445 3103 prolixam
462 3068 660 3102 epistolam.
675 3075 753 3101 qua.
778 3067 829 3094 ID.
