2020 3342
249 268 320 305 278
756 268 980 305 LITTERAE
1008 277 1365 311 QUADRIMESTRES

247 365 406 416 gentia
426 365 573 417 potuit
594 364 711 416 fieri,
737 365 932 416 scilicet,
956 365 1127 405 nostris
1148 365 1366 406 Patribus
1395 365 1726 415 clamantibus,
1759 365 1870 406 mul-

250 442 321 476 tos
340 435 474 476 ludos
493 435 702 487 publicos
722 436 928 476 sublatos
949 447 1065 487 esse,
1089 442 1134 476 et
1150 436 1332 488 domos,
1353 436 1410 476 ad
1432 435 1681 476 ludendum
1702 435 1869 476 consti-

250 512 387 558 tutas,
412 507 703 557 interclusaS,
727 519 785 547 ex
805 507 970 559 quibus
991 507 1343 548 innumerabilia
1365 513 1671 559 peccatorum
1692 516 1868 557 genera

252 578 535 618 oriebantur.
560 577 645 618 Cui
666 578 828 618 morbo
851 585 946 618 tam
967 578 1213 629 desperato
1237 591 1330 618 non
1345 583 1562 630 poterant
1582 582 1740 629 patres
1762 588 1867 617 con·

250 649 412 700 scripti
430 648 566 689 huius
583 649 800 700 ciuitatis,
821 661 906 689 nec
922 649 1099 689 Prorex
1118 648 1143 700 ¹,
1163 649 1419 690 remedium
1437 648 1674 700 adhibere,
1699 648 1868 700 quippe

250 720 430 761 lusores
450 726 583 760 erant
605 720 693 760 viri
712 720 890 760 nobiles
912 726 955 760 et
975 720 1166 772 diuites;
1190 720 1271 761 sed
1296 720 1425 761 Deus
1452 720 1765 771 omnipotens,
1788 719 1870 759 Pa-

249 796 320 832 tre
340 797 500 832 nostro
521 790 738 832 Ramirez
757 798 893 832 vtens
915 792 1262 843 concionatore,
1284 793 1349 832 ita
1372 792 1555 832 illorum
1577 791 1758 831 animos
1780 791 1869 831 ela-

250 868 323 902 tos
344 862 574 914 confregit
601 868 645 903 et
672 869 850 903 mentes
879 863 950 903 sui
979 874 1137 903 amore
1164 862 1491 914 inflammauit,
1523 867 1572 902 ut
1599 873 1694 902 non
1719 862 1870 903 solum

249 933 382 973 ludos
402 933 494 974 sint
516 934 738 984 execrati,
762 933 843 973 sed
865 934 1003 974 etiam
1025 933 1220 984 singulis
1242 933 1405 974 diebus
1426 933 1485 973 ad
1501 939 1713 973 nostrum
1735 933 1870 974 colle·

249 1006 379 1056 gium
400 1017 448 1046 se
471 1005 727 1056 conferant,
751 1011 800 1046 ut
822 1006 967 1046 verba
988 1005 1076 1046 Dei
1097 1005 1312 1055 audiant3
1343 1005 1649 1045 concionatur
1669 1016 1870 1056 namque

250 1076 389 1117 Pater
410 1076 587 1117 Doctor
607 1075 822 1117 Ramirez
843 1076 1062 1129 quotidie,
1087 1082 1136 1117 ut
1159 1077 1205 1116 in
1226 1076 1438 1127 incoepto
1461 1076 1728 1128 persistant,
1749 1080 1793 1115 et
1811 1075 1870 1116 ad

252 1147 430 1188 maiora
452 1148 788 1199 prouehantur‚
821 1154 918 1188 tum
939 1148 1080 1188 etiam
1100 1154 1150 1188 ut
1170 1147 1411 1188 hominum
1438 1147 1693 1187 otiosorum
1720 1147 1868 1187 detra·

252 1219 431 1259 ctiones
458 1224 502 1259 et
529 1218 786 1259 derisiones
810 1219 1026 1259 libentius
1053 1230 1137 1270 pro
1165 1219 1349 1259 Christo
1371 1219 1623 1270 patiantur.
1653 1218 1713 1258 Hi
1732 1230 1869 1258 vene-

251 1290 459 1330 rabiliter
498 1290 607 1341 (sz'c)
651 1301 819 1341 corpus
863 1290 1037 1331 Christi
1082 1290 1347 1342 frequenter
1386 1295 1596 1330 sumunt:
1637 1289 1711 1329 his
1750 1289 1868 1330 adde

251 1362 374 1414 quod
395 1373 444 1401 se
466 1367 718 1401 exerceant
745 1361 791 1401 in
818 1361 906 1413 piis
928 1362 1169 1413 operibus,
1193 1367 1237 1401 et
1264 1361 1359 1401 suis
1387 1360 1573 1401 famulis
1603 1360 1762 1412 stipati
1791 1360 1870 1400 ho-

249 1432 439 1484 spitium
473 1444 731 1484 pauperum
764 1432 969 1483 visitent,
1005 1432 1083 1472 ubi
1116 1444 1256 1484 saepe
1292 1437 1589 1484 pernoctant,
1627 1437 1671 1472 et
1710 1442 1869 1472 secum

249 1504 355 1544 illuc
377 1503 550 1544 ducunt
577 1503 871 1544 sacerdotem
899 1504 1191 1555 theologum,
1223 1510 1273 1544 ut
1300 1503 1338 1543 si
1369 1503 1472 1555 quis
1500 1514 1676 1555 pauper
1704 1513 1870 1554 appro-

249 1575 439 1627 pinquet
460 1575 611 1626 morti,
636 1575 835 1615 iuuetur:
858 1576 937 1627 qui
959 1575 1047 1616 viri
1073 1575 1251 1615 nobiles
1278 1575 1316 1615 si
1345 1574 1511 1614 desunt
1538 1574 1694 1626 aliqua
1715 1578 1868 1623 nocte,

249 1646 418 1687 adsunt
439 1652 627 1698 praesto
650 1646 742 1686 alii:
765 1646 829 1686 ita
850 1647 973 1686 enim
994 1652 1219 1686 statutum
1242 1652 1309 1686 est
1331 1653 1379 1686 ut
1408 1646 1534 1686 nulla
1554 1650 1690 1686 nocte
1718 1645 1868 1696 perui-

248 1718 366 1769 giles
387 1718 555 1758 absint:
579 1718 703 1769 quod
724 1723 964 1769 statutum,
987 1718 1202 1769 quamuis
1223 1718 1332 1758 olim
1353 1717 1645 1768 seruabatur,
1669 1716 1763 1757 iam
1795 1715 1870 1756 de·

249 1801 375 1830 mum
395 1790 611 1841 perierat:
634 1788 716 1829 sed
736 1800 859 1829 nunc
881 1801 907 1830 a
928 1790 1101 1830 nostris
1122 1789 1338 1830 Patribus
1359 1788 1570 1829 fulcitum
1590 1787 1868 1837 custoditur,

248 1860 371 1912 quod
393 1865 519 1900 certe
539 1871 825 1911 magnopere
857 1866 958 1900 erat
985 1860 1321 1908 necessarium3
1353 1871 1460 1900 nam
1489 1858 1792 1910 contingebat
1820 1865 1871 1899 ut

249 1932 403 1983 aliqua
429 1937 588 1982 nocte,
622 1931 834 1971 omnibus
870 1931 1227 1982 dormientibus,
1262 1937 1358 1972 tres
1387 1937 1465 1971 aut
1501 1935 1700 1982 quatuor
1722 1930 1869 1970 Vitam

248 2002 452 2054 finirent,
476 2003 659 2043 nemine
681 2003 990 2054 inspectante.

327 2074 430 2114 Viri
451 2074 592 2114 etiam
613 2074 659 2114 hi
679 2074 855 2125 patritii
879 2076 1011 2126 (quos
1033 2074 1144 2124 dixi)
1164 2106 1171 2125 ,
1196 2075 1293 2114 suis
1318 2074 1489 2125 vigiliis
1518 2085 1611 2114 non
1642 2073 1868 2122 contenti,

249 2146 454 2186 ostiatim
476 2146 822 2197 eleemosynam
842 2151 1020 2197 petunt,
1044 2151 1092 2185 ut
1114 2152 1269 2185 vestes
1291 2145 1538 2197 unicuique
1572 2144 1768 2197 pauperi
1796 2156 1871 2185 ne-

251 2218 485 2258 cessarias
506 2217 725 2257 tribuant:
749 2228 910 2257 omnes
932 2217 1151 2257 conciues
1172 2217 1400 2257 mirantur
1422 2217 1508 2256 hos
1529 2216 1659 2256 viros
1680 2222 1777 2257 tam
1800 2227 1872 2256 su-

250 2288 420 2340 perbos
441 2294 536 2328 tam
558 2293 746 2339 repente
763 2288 990 2328 humanos
1008 2294 1051 2328 et
1070 2288 1266 2328 humiles
1284 2287 1570 2340 apparuisse,
1595 2287 1869 2339 praesertim

252 2371 358 2399 cum
379 2359 619 2399 nobilitate
642 2365 685 2399 et
709 2359 881 2399 diuitiis
910 2361 1104 2400 multum
1131 2365 1336 2411 possent.
1369 2358 1641 2399 Decernunt
1671 2370 1793 2399 nunc
1824 2359 1872 2399 hi

255 2431 432 2471 nobiles
454 2437 501 2471 ut
524 2431 804 2471 conueniant
825 2431 870 2470 in
891 2442 1033 2471 vnum
1055 2431 1409 2483 quinquaginta,
1434 2436 1480 2470 et
1500 2430 1694 2482 quisque
1715 2431 1870 2481 singu·

251 2502 306 2540 lis
328 2502 462 2542 annis
482 2502 649 2553 viginti
670 2513 882 2542 nummos
904 2513 1073 2542 aureos
1104 2502 1335 2553 porrigat,
1360 2512 1418 2541 ex
1440 2501 1605 2553 quibus
1627 2501 1741 2558 fiant
1771 2500 1872 2541 red-

252 2573 373 2612 ditus
394 2579 442 2613 ut
465 2574 854 2624 adolescentulae,
878 2573 1149 2624 parentibus
1172 2572 1378 2624 orbatae,
1402 2572 1515 2612 viris
1541 2572 1739 2613 nubant:
1773 2583 1870 2612 rem

253 2655 364 2684 sane
394 2644 493 2684 Dco
523 2649 724 2694 gratam,
758 2644 864 2696 quia
896 2645 1088 2695 multae,
1120 2650 1327 2695 egestate
1363 2654 1629 2695 oppressae,
1667 2643 1793 2683 vitiis
1823 2654 1872 2684 se

253 2715 457 2755 tradunt.

333 2785 564 2826 Numerus
585 2798 764 2836 eorum,
795 2787 872 2838 qui
899 2786 1084 2826 assidue
1111 2786 1389 2826 confitentur
1411 2792 1455 2826 et
1482 2791 1671 2826 sumunt
1700 2796 1873 2836 corpus

255 2856 601 2896 sanctissimum
623 2856 809 2907 Christi,
834 2857 949 2897 adeo
972 2867 1169 2908 magnus
1191 2863 1284 2908 est,
1314 2868 1406 2897 non
1433 2857 1582 2897 solum
1604 2856 1765 2896 diebus
1795 2855 1874 2896 do-

255 2927 455 2979 minicis,
493 2927 573 2967 sed
607 2928 747 2967 etiam
782 2928 884 2968 aliis
917 2928 1099 2978 diebus,
1138 2933 1184 2968 ut
1215 2939 1398 2979 semper
1425 2928 1471 2967 in
1505 2933 1666 2967 nostro
1701 2926 1874 2978 templo

312 3089 319 3111 Ι
360 3088 590 3118 Bernardinus
605 3088 643 3118 de
661 3087 833 3118 Cardenas
848 3093 880 3117 et
897 3089 1063 3121 Pacheco,
1078 3088 1106 3117 II
1121 3087 1305 3125 Maquedae
1322 3088 1398 3118 Dux
1413 3093 1445 3116 et
1462 3088 1475 3116 Ι
1490 3088 1640 3119 Marehio
1662 3088 1701 3117 de
1716 3088 1836 3118 Elche.
