2020 3342
245 257 317 294 422
334 259 338 265 '
755 258 981 295 LITTERAE
1006 269 1362 300 QUADmMESTREs

240 361 292 394 et
324 356 415 395 alia
450 355 495 394 id
531 366 699 405 genus,
738 367 932 406 quorum
970 356 1013 395 in
1045 357 1274 407 superiori
1307 357 1636 408 quadrimestri
1670 358 1868 409 epistola

247 426 449 465 memini.

327 496 536 547 Vespere
567 502 721 536 autem
749 498 795 536 in
822 498 994 537 sacello
1023 503 1182 537 nostro
1211 498 1558 539 exhortatorius
1587 511 1741 540 sermo
1768 499 1868 540 fieri

241 567 513 617 consueuit,
550 578 640 618 quo
667 568 845 618 possint
866 568 1090 608 ordinarii
1120 568 1407 619 poenitentes
1435 571 1725 621 conseruari,
1750 577 1794 610 et
1819 570 1866 610 in

247 638 565 689 spiritualibus
584 638 836 678 virtutibus
856 637 1098 689 proficere.
1122 639 1171 678 In
1194 639 1496 679 xenodochiis
1523 640 1662 680 etiam
1683 647 1866 691 praeter

241 708 520 759 obsequium
557 709 869 759 probationis,
913 721 1003 761 quo
1043 721 1092 749 se
1130 709 1300 750 fratres
1339 711 1527 761 quidam
1573 711 1868 751 laudabiliter

241 785 579 830 exercuerunt,
601 780 787 819 habitae
808 786 914 820 sunt
936 781 1286 820 exhortationes
1308 777 1647 821 consolatoriae
1669 782 1728 822 ad
1748 782 1868 822 infir-

248 862 370 900 mos,
403 857 447 890 et
483 849 636 891 affecti
663 857 793 891 tanta
821 851 1118 891 miseratione
1147 852 1522 910 circumstantes,
1548 859 1597 892 vt
1627 853 1704 893 alii
1733 864 1867 904 pecu-

247 922 364 971 nias,
389 922 466 961 alii
487 922 624 971 sicas,
649 922 725 961 alii
747 922 886 961 etiam
909 922 1098 973 pallium
1114 923 1354 974 proprium
1375 924 1627 973 erogarint.

326 992 558 1043 Quoniam
593 999 747 1032 autem
777 993 950 1043 captiui
986 992 1245 1043 aethiopes,
1276 1005 1472 1045 quorum
1501 994 1597 1044 hic,
1630 1000 1680 1034 vt
1711 994 1866 1044 credo,

241 1074 354 1105 sunt
375 1066 496 1104 vltra
519 1064 677 1104 decem
699 1064 857 1112 millia,
881 1064 1103 1114 baptizati
1125 1064 1187 1103 illi
1210 1064 1410 1115 quidem,
1430 1065 1509 1106 sed
1527 1065 1799 1115 ignorantes
1819 1071 1870 1105 vt

246 1136 495 1187 plurimum
523 1135 599 1174 vel
628 1134 778 1185 prima
809 1134 1091 1174 christianae
1121 1133 1360 1174 doctrinae
1391 1135 1673 1185 rudimenta,
1704 1133 1869 1186 turpisss

246 1207 389 1246 simas
424 1205 650 1257 quasdam
678 1205 876 1245 choreas
910 1205 1193 1255 exercendo,
1231 1205 1487 1245 dominicos
1515 1217 1571 1245 ac
1598 1206 1738 1246 festos
1771 1205 1870 1246 dies

244 1278 508 1328 transigere
533 1277 704 1326 solent,
737 1277 1018 1316 tentauimus
1047 1276 1093 1315 in
1127 1276 1239 1327 ipsis
1270 1276 1425 1316 choris
1459 1277 1718 1316 doctrinam
1752 1276 1868 1316 chri-

245 1350 446 1389 stianam
472 1348 693 1398 recitare,
729 1347 946 1398 ipsosque
975 1346 1032 1386 ad
1062 1347 1327 1398 proximam
1357 1347 1604 1387 ecclesiam
1630 1347 1872 1401 audituros

239 1419 452 1459 eiusdem
474 1418 838 1458 declarationem
860 1429 1145 1457 conuocare:
1176 1424 1314 1469 atque
1335 1417 1423 1458 hoc
1444 1418 1619 1458 factum
1640 1424 1728 1469 est,
1752 1425 1803 1459 vt
1825 1419 1871 1459 in

244 1491 364 1530 vicis
397 1490 624 1529 ecclesiae
659 1488 826 1529 vicinis
861 1500 887 1527 a
921 1488 1105 1528 choreis
1140 1489 1415 1537 destiterint;
1454 1495 1497 1529 et
1530 1489 1871 1530 fraternitatem

240 1561 496 1613 quamdam
517 1561 637 1600 inter
659 1572 706 1599 se
727 1560 968 1600 instituere
999 1560 1315 1608 decreuerint,
1349 1561 1481 1600 cuius
1511 1560 1680 1600 fratres
1711 1572 1873 1601 omnes

244 1633 329 1672 sub
351 1632 492 1672 certis
512 1631 695 1682 poenis,
721 1643 803 1682 per
824 1631 1051 1682 quosdam
1073 1643 1130 1670 ex
1152 1631 1265 1682 ipsis
1286 1632 1459 1671 electos
1480 1631 1788 1682 exequendis,
1813 1631 1872 1671 ad

240 1703 509 1743 doctrinam
530 1702 779 1742 conuenire
801 1708 845 1741 et
866 1702 1014 1753 ipsam
1036 1701 1215 1741 discere
1237 1708 1497 1742 teneantur.

324 1772 610 1824 Audierunt,
634 1780 683 1813 ut
705 1773 866 1823 credo,
890 1773 1037 1812 nostri
1058 1773 1146 1812 hoc
1169 1784 1279 1812 vere
1301 1778 1367 1812 tot
1395 1772 1736 1824 confessiones,
1761 1780 1872 1825 quot

243 1846 393 1885 solent
423 1844 469 1884 in
500 1844 875 1895 quadragesima.
904 1842 1024 1883 Nam
1058 1842 1322 1895 frequentes
1352 1850 1395 1883 et
1426 1844 1781 1884 ardentissimae
1811 1844 1873 1884 fe—

240 1917 363 1965 bres,
395 1927 513 1966 quae
542 1915 813 1966 viguerunt,
846 1915 987 1954 etiam
1014 1915 1091 1954 diu
1118 1915 1288 1954 tacitas
1316 1915 1538 1954 veritates
1567 1914 1778 1955 confiteri
1800 1926 1872 1955 00-

242 1986 430 2037 gebant.
454 1985 659 2026 Adfuere
680 1991 922 2037 praeterea
944 1985 1099 2025 multis
1121 1986 1167 2025 in
1189 1992 1398 2025 extremo
1420 1987 1634 2035 transitu,
1660 1998 1808 2037 neque
1826 1986 1873 2026 id

242 2057 344 2097 sine
365 2056 588 2108 peculiari
614 2056 822 2107 ipsorum
843 2056 1164 2096 consolatione
1182 2063 1225 2095 et
1243 2056 1644 2096 circumstantium
1661 2055 1872 2096 aedifica-

244 2128 391 2177 tione,
420 2133 743 2178 vocaruntque
771 2127 830 2166 ad
858 2126 946 2166 hoc
972 2132 1160 2167 nostros
1188 2127 1439 2177 (insolitum
1467 2127 1635 2177 refero>
1658 2134 1763 2168 octo
1794 2134 1874 2168 aut

246 2210 301 2238 eo
321 2199 478 2249 plures
498 2198 675 2238 nobiles
696 2197 801 2248 viri,
825 2209 948 2248 nam,
973 2197 1081 2238 dum
1102 2198 1335 2248 valebant,
1360 2199 1442 2237 vix
1471 2210 1494 2237 e
1523 2198 1775 2249 longinquo
1797 2198 1873 2237 do-

245 2281 348 2310 mus
369 2275 557 2309 nostrae
579 2269 867 2320 aspiciebant
889 2269 1028 2309 fores.

324 2340 562 2389 Visitauit,
586 2340 801 2380 Patribus
823 2340 1156 2380 Commissario
1174 2346 1218 2380 et
1236 2339 1519 2381 Prouinciali
1539 2341 1605 2381 sic
1627 2341 1872 2392 disponen-

246 2412 381 2461 tibus,
405 2411 545 2451 Pater
566 2418 725 2451 noster
754 2411 1056 2462 Praepositus
1087 2411 1325 2451 ciuitatem
1353 2411 1656 2451 Marchenam
1685 2418 1729 2451 et
1750 2411 1876 2462 oppi-

246 2483 355 2523 dum
383 2481 646 2532 Santlucar,
671 2482 932 2532 auditisque
961 2481 1333 2522 confessionibus
1360 2482 1546 2522 Ducum
1574 2482 1629 2522 de
1657 2481 1810 2522 Arcos
1830 2488 1874 2522 et

249 2553 442 2595 Comitis
481 2553 537 2592 de
575 2552 737 2593 Niebla
772 2553 1126 2604 aliquorumque
1161 2552 1474 2602 familiarium,
1513 2553 1874 2593 communicauit

248 2625 337 2664 illis
367 2630 582 2663 sanctum
610 2624 936 2663 Eucharistiae
966 2630 1326 2663 sacramentum.
1365 2623 1682 2664 Concionatus
1713 2630 1781 2663 est
1816 2623 1876 2663 ad

250 2696 369 2745 illos,
392 2701 434 2734 et
456 2706 539 2745 per
560 2700 862 2734 transennam
885 2695 1039 2745 etiam,
1064 2694 1262 2745 rediens,
1296 2694 1354 2733 ad
1377 2694 1637 2746 oppidanos
1666 2694 1877 2734 locorum

252 2778 334 2817 per
356 2777 471 2817 quos
492 2765 687 2805 redibat.
712 2765 999 2806 Marchenae
1026 2772 1284 2817 praeterea,
1316 2777 1421 2805 cum
1450 2766 1634 2805 vinctos
1656 2765 1702 2804 in
1723 2775 1877 2804 carce-

250 2849 300 2877 re
321 2836 523 2902 visisset,
547 2836 754 2887 ipsorum
784 2848 976 2886 causas,
1007 2848 1126 2887 quae
1160 2833 1331 2876 multae
1361 2837 1630 2886 cessabant,
1663 2841 1879 2887 peractas

248 2901 447 2973 curauit.
471 2906 788 2957 peragrarunt
816 2907 894 2947 alii
922 2907 1085 2947 Patres
1112 2919 1170 2946 ex
1197 2908 1370 2947 nostris
1401 2907 1611 2947 eamdem
1640 2906 1877 2946 ciuitatem

251 2978 553 3025 Marchenam
574 2984 617 3017 et
640 2977 808 3028 oppida
840 2978 1069 3028 quaedam
1094 2983 1332 3027 montana,
1363 2977 1686 3017 Guadalcanal
1713 2983 1757 3017 et
1786 2975 1875 3016 Ca-

248 3050 373 3098 03113
401 3054 683 3100 nuncupata,
713 3055 938 3098 ternaque
964 3049 1107 3088 millia
1134 3049 1471 3100 oppidanorum
1499 3048 1798 3089 continentia:
1830 3047 1877 3086 in
