2020 3342
889 198 972 234 ΑΝ.
1009 198 1100 235 1556
1763 203 1816 240 13

833 665 1148 722 GDLVIH

249 908 296 946 Ρ.
317 909 575 956 Alphonsus
593 910 771 948 Lozano

295 973 416 1011 Patri
433 974 602 1021 Ignatio
622 975 675 1012 de
694 975 876 1023 Loyola.

342 1039 526 1086 Gaudia,
549 1041 566 1077 1
587 1040 786 1087 januarii
809 1040 898 1078 1556
918 1042 942 1075 ¹.

829 1209 941 1297 Illi-S.
972 1256 1138 1296 Maria.

252 1429 351 1470 R.de
380 1429 517 1470 Pater
538 1430 584 1469 in
605 1428 805 1470 Christo.

252 1501 351 1541 Pax
373 1501 549 1541 Christi
572 1507 659 1541 etc.

255 1571 385 1623 Quae
406 1571 635 1623 superiori
657 1570 1001 1622 quadrimestri,
1021 1570 1122 1610 Rfle
1148 1570 1215 1618 R,
1240 1582 1267 1610 a
1288 1572 1461 1611 nostris
1481 1572 1527 1611 in
1546 1573 1634 1613 hoc
1656 1572 1809 1614 Colle-›

169 1644 248 1695 gio
266 1643 368 1694 (Dei
389 1643 662 1683 immortalis
684 1654 769 1694 ope
786 1647 830 1682 et
851 1641 1089 1690 beneficio)
1109 1648 1296 1682 strenue
1314 1648 1421 1683 acta
1438 1650 1561 1694 sunt,
1580 1645 1669 1684 hac
1689 1645 1793 1685 bre-

172 1715 292 1755 uiter
313 1714 558 1754 enarrabo.

250 1785 321 1826 Ac
342 1785 543 1836 primum
564 1797 589 1824 a
607 1784 893 1836 spiritalibus
923 1784 1158 1824 exercitiis
1184 1784 1477 1836 auspicabor,
1497 1797 1615 1836 quae
1633 1791 1795 1826 nostra

169 1856 396 1896 institutio
417 1856 748 1907 perdiligenter
768 1856 884 1895 solet
902 1866 1008 1894 cum
1028 1855 1254 1905 proximis
1272 1856 1632 1907 communicare,
1653 1857 1792 1908 potis-

169 1927 335 1967 simum
361 1921 622 1967 doctrinam
644 1926 963 1975 christianam,
983 1937 1122 1977 quam
1139 1932 1295 1966 noster
1314 1926 1583 1967 Praefectus
1605 1926 1618 1945 ²
1640 1928 1794 1978 palam

167 1999 214 2038 in
235 1999 406 2049 templo
426 1997 561 2038 facile
582 1997 772 2048 exponit
793 2008 899 2036 cum
920 1996 1207 2036 audientium
1234 1996 1490 2048 frequentia
1522 2004 1565 2037 et
1594 1998 1796 2038 multitu-

168 2069 288 2120 dine,
312 2069 478 2121 quibus
512 2074 580 2108 est
609 2068 813 2108 maximo
850 2068 1162 2107 emolumento
1199 2068 1258 2107 ad
1292 2068 1438 2108 uitam
1469 2068 1795 2109 honestissime

166 2140 518 2191 temperandam
552 2146 596 2179 et
627 2137 1013 2189 componendam,
1052 2149 1158 2178 cum
1188 2144 1232 2177 et
1268 2139 1410 2178 aetati
1431 2139 1609 2190 puerili,
1634 2145 1731 2179 tum
1751 2145 1796 2179 et

166 2211 420 2251 maioribus
443 2217 570 2258 natu,
602 2216 697 2250 tam
727 2209 841 2249 uiris
871 2220 1011 2260 quam
1040 2209 1323 2257 mulieribus,
1356 2215 1516 2261 aperte
1547 2216 1591 2250 et
1612 2210 1793 2261 puerili-

166 2289 236 2322 ter
265 2293 381 2322 uoce
415 2281 575 2321 humili
609 2286 653 2320 et
683 2291 856 2320 canora
893 2280 1154 2328 cantillam,
1185 2291 1380 2331 eamque
1414 2292 1507 2320 non
1537 2281 1690 2320 surdis
1721 2280 1793 2330 (ut

167 2352 310 2403 aiunt)
333 2353 536 2400 auribus,
561 2353 700 2392 immo
728 2363 840 2391 uero
876 2350 1055 2390 fructus
1090 2362 1147 2390 ex
1168 2351 1256 2390 hoc
1290 2352 1465 2391 semine
1493 2352 1629 2403 plena
1651 2363 1791 2392 manu

166 2424 415 2473 colligitur.
439 2422 603 2462 Patres
624 2428 867 2473 praeterea
890 2421 1182 2472 saepiuscule
1203 2421 1248 2460 in
1270 2423 1443 2472 templo
1464 2423 1666 2462 maximo
1689 2433 1791 2472 pre-

165 2495 258 2535 cati
285 2494 554 2534 concionari
581 2499 829 2544 coguntur,
862 2503 978 2544 quos
1009 2492 1317 2532 attentissime
1346 2493 1538 2532 audiunt
1565 2504 1726 2533 omnes
1747 2499 1791 2532 et

163 2572 432 2617 sequuntur:
455 2565 606 2604 vbiuis
623 2564 778 2615 itaque
795 2563 1148 2613 concionentur,
1173 2563 1271 2603 siue
1289 2564 1409 2603 intra
1431 2564 1668 2604 ciuitatem
1691 2564 1790 2604 siue

162 2643 295 2676 extra
322 2635 571 2687 aliquando
593 2635 855 2686 contigerit,
888 2646 941 2674 eo
963 2634 1342 2685 proficiscuntur:
1375 2635 1484 2686 quid
1512 2646 1789 2675 commemo-

212 2771 222 2792 ¹
261 2771 509 2806 Autographae
524 2771 622 2798 unico
637 2771 728 2804 folio,
743 2779 776 2798 n.
791 2770 1045 2798 458.-Eaedetn
1062 2774 1139 2797 sunt
1154 2778 1194 2797 ac
1218 2771 1308 2803 illae,
1331 2778 1414 2804 quas
1436 2770 1610 2804 hispanico
1631 2777 1784 2797 sermone

157 2823 320 2846 exaratas
334 2826 438 2853 supra
452 2819 632 2853 posuimos,
649 2822 673 2846 t.
688 2826 735 2852 111,
752 2826 831 2852 pag.
842 2818 972 2852 732-734;
988 2818 1046 2845 sed
1062 2818 1147 2845 satis
1162 2818 1268 2844 libere
1285 2818 1318 2844 in
1334 2818 1476 2845 latinum
1501 2818 1703 2844 translatae.
1725 2816 1788 2843 Ea-

157 2873 232 2894 rum
247 2870 361 2894 tamen
376 2867 470 2893 locus
485 2866 539 2893 hic
555 2870 618 2900 est,
635 2867 713 2900 quia
728 2870 761 2893 et
777 2866 880 2893 alium
896 2867 1023 2893 habent
1040 2869 1226 2899 auctorem,
1244 2869 1276 2892 et
1292 2865 1359 2892 alio
1382 2865 1446 2899 die,
1469 2866 1552 2899 sci1.,
1571 2866 1613 2891 1.Ο
1629 2865 1784 2897 januarii

160 2914 229 2942 1556
242 2915 458 2947 subscriptae
473 2917 561 2941 sunt.

212 2962 226 2981 Ξ
262 2961 593 2996 Indigitarivocibus
608 2961 660 2988 his
678 2963 797 2988 noster
812 2961 1026 2997 Praefectus
1042 2961 1180 2988 videtur
1201 2960 1236 2987 P.
1254 2960 1422 2987 Antonius
1444 2959 1619 2993 Cordeses,
1642 2958 1790 2992 Collegi}

162 3009 297 3037 Rector.
