2020 3342
798 280 835 317 A
846 291 880 317 N.
911 281 1001 318 1556
1645 283 1711 319 197

88 374 257 425 facere,
283 375 346 415 ita
368 376 507 416 etiam
528 388 608 427 per
629 377 850 428 epistolas
880 379 1001 417 vltro
1030 378 1238 429 citroque
1267 378 1432 418 missas
1461 379 1706 419 sociemur.

63 445 255 486 ⁴Nescio
284 447 404 486 enim
433 459 522 498 quo
550 454 687 498 pacto
720 448 843 488 intus
875 449 1055 488 animus
1085 449 1344 489 exardescit
1372 456 1416 488 et
1444 449 1501 489 ad
1530 450 1709 490 maiora

88 528 269 568 semper
297 517 614 568 aggredienda
645 519 911 569 suscitatur,
950 520 1056 559 dum
1085 532 1159 569 ea,
1192 531 1309 570 quae
1344 520 1467 571 apud
1497 520 1708 561 diuersas

88 588 299 627 nationes
335 589 379 628 in
415 589 512 628 dies
548 601 631 640 per
659 595 846 629 nostros
877 590 1031 630 diuina
1061 591 1246 630 fauente
1280 591 1435 641 gratia
1462 598 1706 641 geruntur,

87 658 305 698 continuo
328 666 434 699 sunt
460 660 632 699 nostris
660 661 804 699 oculis
835 661 1038 708 obiecta,
1064 673 1120 701 ne
1148 673 1229 712 per
1257 668 1444 701 nostrae
1474 662 1707 703 humanae

85 735 280 769 naturae
314 730 615 781 fragilitatem
646 731 826 771 desides
857 740 900 771 et
932 733 1075 783 tepidi
1105 732 1384 772 efficiamur:
1418 733 1556 773 habet
1584 734 1705 774 enim

85 800 333 851 plurimum
355 801 573 851 ponderis
602 802 819 842 continua
853 803 910 842 ad
939 803 1163 843 virtutum
1194 803 1601 854 inuestigationem
1633 804 1707 844 ad-

83 871 284 911 hortatio
307 871 399 921 illa,
420 883 538 923 quae
560 884 586 912 a
608 872 889 919 domesticis,
917 874 1185 925 propinquis
1207 875 1279 914 vel
1302 874 1578 925 quibuslibet
1601 876 1704 915 aliis

83 941 301 991 finitimis,
327 943 550 994 exemplis
571 943 842 983 desumitur.
872 944 936 983 Vt
957 955 1068 995 ergo
1090 951 1185 984 tam
1207 945 1426 985 laudabili
1448 952 1704 998 sanctoque

82 1006 293 1052 instituto
312 1021 355 1052 et
377 1013 665 1053 obedientiae
687 1014 820 1054 nobis
842 1015 885 1054 in
909 1014 997 1054 hac
1018 1022 1150 1066 parte
1172 1015 1406 1056 iniunctae
1428 1027 1604 1057 morem
1625 1028 1702 1067 ge-

82 1094 253 1131 ramus,
279 1085 506 1134 oportebit
530 1085 699 1133 dehis,
725 1097 841 1136 quae
871 1086 916 1125 in
947 1092 1108 1126 nostro
1137 1087 1333 1138 collegio
1361 1087 1591 1138 Bur-gensi
1621 1101 1703 1140 per

82 1155 321 1206 proximos
360 1162 559 1206 quatuor
598 1167 780 1196 menses
815 1163 1003 1207 peracta
1045 1164 1150 1197 sunt
1171 1190 1178 1207 ,
1220 1157 1271 1197 T.
1314 1158 1434 1196 Pssati
1474 1159 1701 1200 rationem

82 1225 281 1265 tradere.

154 1295 393 1347 'Quantum
416 1297 473 1336 ad
505 1298 662 1337 literas
684 1299 906 1349 pertinet,
942 1299 1302 1351 vniuscuiusque
1332 1300 1569 1341 facultatis
1598 1313 1700 1352 pro-

79 1366 229 1407 fessor
249 1379 333 1419 pro
356 1368 479 1408 virili
495 1369 688 1419 laborat,
709 1381 765 1408 ne
784 1369 1019 1421 quidpiam
1036 1370 1167 1415 desit.
1189 1371 1311 1421 quod
1328 1371 1386 1411 ad
1402 1372 1700 1412 scholastico-

78 1449 180 1478 rum
201 1439 450 1479 vtilitatem
471 1445 514 1479 et
537 1440 760 1480 maiorem
782 1440 1040 1491 profectum
1056 1441 1288 1492 pertinere
1305 1442 1534 1482 videatur.
1555 1442 1700 1483 Solita

79 1509 200 1549 enim
222 1515 264 1549 et
287 1516 508 1550 consueta
531 1510 576 1550 in
597 1523 876 1562 vnaquaque
899 1513 1047 1551 classe
1069 1512 1182 1552 fiunt
1202 1513 1441 1553 exercitia.
1470 1513 1701 1554 Numerus

79 1580 464 1621 scholasticorum
487 1593 577 1621 non
599 1582 714 1621 adeo
744 1593 944 1633 magnus
965 1589 1048 1633 est,
1079 1583 1159 1623 sed
1180 1584 1329 1623 maior
1349 1596 1486 1636 quam
1511 1597 1594 1636 pro
1623 1585 1700 1625 do-

79 1662 179 1691 mus
214 1652 489 1702 capacitate,
523 1653 673 1692 minor
707 1659 861 1693 tamen
893 1665 1033 1705 quam
1060 1666 1162 1694 esse
1193 1661 1349 1706 posset
1377 1667 1461 1706 pro
1496 1657 1701 1707 regionis

80 1723 412 1773 magnitudine:
437 1723 624 1763 confluit
645 1724 767 1764 enim
789 1724 847 1764 ad
868 1725 987 1765 hanc
1010 1726 1245 1765 ciuitatem
1267 1738 1324 1766 ex
1345 1727 1556 1777 plurimis
1585 1728 1701 1768 locis

79 1805 326 1834 numerosa
348 1794 735 1835 scholasticorum
756 1796 1013 1846 multitudo;
1039 1797 1119 1836 sed
1136 1797 1214 1847 illi,
1235 1797 1311 1848 qui
1334 1796 1391 1836 ad
1409 1809 1492 1838 nos
1513 1810 1606 1838 non
1623 1811 1698 1839 ve-

77 1865 223 1913 niunt,
248 1865 419 1905 abeunt
441 1866 499 1906 ad
521 1867 637 1906 alios
657 1875 1008 1918 praeceptores,
1033 1868 1110 1918 qui
1138 1868 1183 1907 in
1205 1868 1293 1908 hac
1314 1869 1429 1908 vrbe
1461 1870 1598 1909 etiam
1622 1882 1700 1922 pu-

77 1935 193 1976 blice
213 1936 394 1987 legunt,
418 1937 577 1977 forsan
601 1944 680 1977 aut
702 1938 808 1990 quia
832 1938 996 1978 domus
1017 1938 1132 1979 haec
1154 1946 1314 1980 nostra
1337 1942 1581 1992 angustior
1611 1942 1700 1981 illis

78 2014 285 2059 apparet,
323 2014 400 2048 aut
431 2009 537 2060 quia
567 2009 741 2060 regula
771 2014 938 2049 nostra
967 2011 1022 2049 de
1048 2011 1309 2062 confitendo
1340 2011 1349 2030 ¹
1381 2024 1462 2063 per
1489 2013 1700 2063 singulos

77 2089 258 2119 menses
279 2091 439 2119 eorum
462 2080 642 2120 animos
664 2080 722 2120 ad
744 2081 987 2131 angustias
1005 2082 1217 2132 redigere
1231 2082 1431 2122 videtur:
1451 2084 1527 2135 qui
1545 2091 1700 2124 tamen

77 2148 134 2188 ad
155 2161 239 2189 nos
260 2150 452 2190 veniunt
475 2157 519 2190 et
540 2158 668 2191 recto
690 2152 876 2191 tramite
899 2152 1114 2192 incedere
1132 2165 1223 2192 non
1245 2161 1477 2204 recusant,
1498 2155 1632 2195 facile
1654 2155 1700 2195 in

77 2219 163 2260 illis
185 2222 361 2261 relucet
383 2221 634 2272 profectus.
658 2222 708 2262 In
730 2223 1091 2273 quadragesima
1114 2223 1300 2274 quidam
1318 2224 1625 2266 scholasticus
1642 2238 1701 2266 ex

77 2292 336 2342 rhetoricis,
370 2293 446 2344 qui
477 2293 541 2342 (vt
573 2293 803 2343 existimo)
835 2294 1063 2334 decimum
1086 2301 1268 2334 sextum
1298 2306 1471 2335 annum
1495 2297 1700 2336 nondum

77 2369 356 2413 excesserat,
381 2363 641 2403 orationem
662 2363 821 2403 habuit
844 2365 943 2404 sive
961 2364 1247 2405 Paraenesin
1264 2366 1322 2405 ad
1340 2366 1575 2416 ieiunium,
1595 2379 1700 2419 poe-

77 2416 332 2485 nitentiam,
367 2441 411 2474 et
442 2435 718 2485 orationem,
751 2448 852 2475 meo
885 2436 1053 2476 iudicio
1088 2437 1357 2487 grauiorem
1393 2439 1698 2489 praestantio-

77 2516 283 2556 remque,
308 2517 447 2557 quam
469 2512 519 2546 vt
542 2519 567 2546 a
592 2507 673 2546 tali
695 2512 846 2546 aetate
868 2508 1107 2558 expectari
1134 2514 1310 2559 posset:
1335 2509 1381 2548 in
1407 2509 1697 2550 hebdomada

76 2576 213 2616 etiam
236 2577 446 2628 proxima
469 2576 731 2617 dominicae
752 2578 797 2617 in
820 2578 935 2618 albis
967 2579 1176 2628 publicas
1197 2579 1457 2620 habuerunt
1490 2581 1567 2620 alii
1600 2581 1696 2620 rhe-

77 2647 210 2687 torici
245 2648 391 2687 nostri
427 2648 790 2688 declamationes
810 2681 817 2697 ‚
857 2649 1059 2689 themate
1096 2662 1152 2689 ex
1187 2661 1323 2690 sacra
1360 2651 1592 2702 scriptura
1621 2651 1695 2691 de-

75 2724 274 2769 sumptO.

152 2787 199 2828 In
222 2789 589 2829 confessionibus
607 2796 673 2829 est
696 2802 877 2842 semper
895 2803 987 2831 non
1004 2803 1151 2842 parua
1170 2791 1442 2843 frequentia,
1463 2793 1508 2833 in
1526 2793 1693 2845 quibus

74 2858 307 2909 piissimus
328 2868 484 2900 noster
508 2859 735 2901 Dominus
764 2861 950 2901 diuitias
972 2863 1174 2913 quotidie
1198 2874 1308 2902 suae
1330 2864 1630 2914 benignitatis
1651 2871 1695 2904 et

127 3040 136 3060 ¹
174 3042 253 3069 Alia
266 3051 365 3071 manu
380 3048 524 3078 quatuor
539 3045 779 3079 praecedentia
796 3047 900 3074 verba
915 3047 947 3074 in
962 3047 1045 3074 haec
1061 3047 1293 3076 sunt'mutata:
1308 3048 1513 3076 institutum
1534 3052 1691 3075 nostrum

76 3087 115 3115 de
129 3090 327 3118 confitendis
339 3094 507 3126 peccatis.
