2020 3342
254 220 324 259 262
760 220 984 259 LITTERAE
1011 230 1367 265 QUADRIMESTRES

995 674 1135 728 DIV

326 907 521 954 Joannes
540 907 732 953 Xuarez,

373 971 442 1009 Ex
460 973 779 1010 commissione
798 973 942 1011 Patris
963 973 1222 1011 Gundisalvi
1241 972 1477 1020 Gonzale2‚

422 1038 542 1075 Patri
561 1038 729 1086 Ignatio
749 1038 802 1077 de
821 1039 1004 1087 Loyola.

467 1103 653 1150 Hispali,
672 1105 694 1141 6
714 1103 817 1152 Maji
837 1104 928 1141 1556
946 1104 971 1140 ¹.

1019 1260 1117 1338 iiis

334 1459 433 1500 Pax
454 1459 560 1511 Xpi.
583 1459 694 1512 Jesu
715 1459 773 1499 sit
795 1471 979 1512 semper
1000 1460 1256 1500 nobiscum.
1283 1458 1450 1500 Amen.

333 1530 457 1571 Dum
477 1531 578 1582 illa,
603 1542 721 1582 quae
743 1530 802 1571 ad
822 1536 867 1570 te
889 1530 1217 1582 quadrimestri
1233 1531 1533 1582 praecedenti
1554 1531 1827 1583 scripsimus
1847 1530 1876 1581 ²,

255 1602 504 1642 admodum
526 1601 580 1642 R.
605 1603 648 1642 in
672 1601 752 1642 ΚΡ
776 1601 929 1652 Pater,
953 1608 1219 1653 agerentur,
1240 1602 1427 1642 aduenit
1448 1602 1677 1654 Hispalim
1697 1602 1879 1654 religio-

255 1685 334 1714 sus
355 1673 543 1726 quidam
573 1672 750 1713 ordinis
779 1673 1177 1724 praedicatorum,
1207 1673 1485 1725 hispalensis
1517 1673 1591 1714 ille
1620 1673 1805 1726 quidem
1835 1680 1879 1715 et

255 1745 394 1785 claris
415 1744 685 1796 parentibus
707 1750 850 1793 ortus,
874 1756 967 1784 non
996 1744 1220 1785 mediocri
1250 1744 1425 1796 ingenii
1455 1745 1668 1785 acumine
1698 1745 1877 1797 praedi-

252 1822 341 1867 tus,
364 1816 568 1867 satisque
590 1816 636 1855 in
657 1815 804 1856 sacris
824 1815 970 1856 literis
990 1821 1228 1866 versatus,
1252 1816 1299 1856 in
1321 1815 1650 1867 dignoscendis
1671 1815 1879 1858 moribus

253 1887 462 1938 callidus,
486 1893 530 1927 et
551 1887 597 1927 in
620 1887 908 1939 explicandis
930 1887 1230 1939 conceptibus
1252 1887 1466 1938 copiosus
1487 1886 1516 1938 ⁵;
1540 1887 1630 1938 hic,
1655 1887 1741 1927 etsi
1761 1887 1878 1927 alias

252 1957 533 1999 Societatem
552 1958 663 2012 Jesu
688 1958 846 1998 verbis
874 1958 1183 2010 operibusque
1211 1957 1402 2009 iuverit,
1436 1964 1534 1998 tum
1563 1958 1672 2010 quia
1699 1958 1879 1999 institu-

252 2036 349 2070 tum
371 2029 551 2070 abunde
573 2030 779 2070 animum
800 2029 1086 2080 expleuerat,
1111 2036 1209 2069 tum
1230 2041 1344 2069 vero
1367 2029 1475 2081 quia
1498 2029 1878 2080 consanguineus

253 2100 441 2152 quidam
463 2112 573 2141 suus
596 2099 877 2141 Societatem
899 2101 1048 2152 ipsam
1069 2100 1221 2141 fuerat
1248 2100 1511 2152 ingressus,
1536 2107 1784 2152 postquam
1814 2106 1879 2141 ta-

254 2184 359 2212 men
381 2173 499 2212 alter
520 2183 663 2223 nepos
685 2184 743 2212 ex
763 2183 926 2212 sorore
955 2172 1128 2223 absque
1157 2171 1255 2211 eius
1276 2169 1291 2190 ⁴
1311 2182 1543 2212 consensu
1564 2171 1776 2212 eamdem
1797 2170 1878 2212 So-

255 2243 470 2283 cietatem
490 2243 732 2294 ingressus
753 2249 846 2293 est,
871 2254 957 2282 nec
988 2242 1196 2282 decreuit
1228 2242 1385 2282 statim
1414 2242 1778 2293 consanguineis
1805 2242 1877 2293 (ut

253 2314 342 2365 ipsi
363 2314 594 2365 petebant)
617 2320 861 2365 paternam
880 2313 1216 2353 haereditatem
1231 2313 1419 2363 donare3
1440 2313 1546 2353 hinc
1564 2313 1716 2365 coepit
1733 2314 1875 2354 multo

254 2386 387 2425 aliter
409 2397 546 2437 quam
569 2385 668 2425 heri
691 2391 734 2425 et
755 2385 1089 2425 nudiustertius
1110 2384 1234 2435 loqui
1255 2391 1299 2424 et
1321 2395 1462 2435 agere
1485 2384 1539 2424 de
1557 2384 1753 2425 nostris:
1776 2396 1877 2424 coe-

253 2457 318 2507 pit
340 2456 395 2496 de
416 2462 642 2507 suggestu
664 2456 899 2496 miseriam
920 2457 1099 2507 patriae
1121 2466 1232 2495 suae
1255 2455 1521 2506 deplorare,
1547 2461 1705 2506 vtpote
1737 2466 1877 2506 quam

254 2527 540 2578 excipiendis
569 2527 847 2579 quibuslibet
873 2526 1144 2567 haeresibus
1174 2526 1240 2566 sie
1263 2532 1369 2577 apte
1400 2525 1671 2577 dispositam
1703 2526 1877 2567 inueni-

256 2605 340 2648 ret3
364 2599 576 2638 execrari
599 2611 655 2638 cx
679 2599 833 2638 animo
856 2598 1101 2650 quosdam,
1125 2597 1222 2649 qui,
1247 2608 1352 2637 cum
1382 2597 1587 2638 exterius
1614 2597 1879 2649 spirituales

255 2675 297 2708 et
333 2670 431 2708 zelo
461 2670 624 2709 domus
652 2669 840 2709 Domini
875 2669 1109 2709 feruentes
1143 2673 1444 2719 apparerent,
1483 2668 1721 2709 tumebant
1757 2669 1879 2709 intus

311 2853 318 2871 ¹
363 2853 607 2886 Autographae
623 2852 746 2886 duplici
762 2852 852 2886 folio,
868 2859 922 2879 nn.
939 2851 991 2879 473
1006 2856 1037 2878 et
1053 2851 1115 2878 474.

309 2901 322 2920 2
361 2899 446 2927 Vide
460 2907 575 2934 supra.
591 2907 669 2934 pag.
684 2898 729 2933 81,
747 2907 778 2927 n.
793 2906 940 2927 cmxxu.

311 2949 324 2968 5
363 2947 399 2975 Ρ.
420 2947 614 2974 Ludovicus
636 2947 674 2973 de
695 2947 845 2979 Lanuza.
869 2946 905 2974 O.
929 2946 962 2974 S.
984 2946 1023 2974 D.
1049 2947 1224 2974 POLANCUS
1241 2946 1273 2973 in
1296 2947 1473 2980 Chronico,
1494 2952 1517 2976 t.
1541 2954 1585 2981 vx,
1602 2947 1656 2976 ubi
1672 2947 1711 2975 de
1727 2946 1879 2984 collegio

258 2994 456 3030 Hispalensi
472 2994 556 3028 agit.

311 3043 325 3064 4
363 3042 478 3070 Patris
493 3041 671 3069 Ludoviei.
