2020 3342
866 190 946 228 ΑΝ.
977 191 1066 229 1556
1704 193 1774 231 335

159 286 339 326 bantur.
369 284 574 337 Singulis
596 287 757 327 diebus
779 288 823 327 in
848 288 1090 328 refectorio
1113 287 1307 328 habetur
1335 288 1520 336 concio;
1545 300 1634 339 qua
1659 290 1701 328 in
1726 302 1771 328 re

153 363 310 408 aperte
333 357 541 397 uidemus
563 367 735 409 quanta
758 370 869 398 cura
892 359 937 398 in
961 359 1047 399 hac
1065 359 1255 399 minima
1274 358 1505 398 Societate
1524 359 1695 398 tuenda
1715 372 1769 398 ac

154 427 479 478 amplificanda
497 439 523 466 a
544 427 638 468 Deo
657 428 947 469 adhibeatur:
967 441 1156 469 cernere
1174 429 1295 468 enim
1317 428 1498 474 fratres,
1521 429 1771 468 admodum

153 497 199 538 in
221 498 443 548 religione
465 506 671 549 tyroneS,
696 506 824 539 tanta
843 500 897 539 de
916 500 1015 539 Deo
1033 500 1253 545 dicentes,
1274 499 1456 539 nonnisi
1475 511 1578 539 cum
1601 511 1769 549 magna

152 568 461 609 admiratione
482 570 647 621 aliquis
669 578 840 621 potest:
865 577 906 609 et
930 571 1030 610 illos
1052 571 1113 610 ita
1137 583 1162 610 a
1186 571 1373 621 propria
1404 571 1641 610 uoluntate
1664 571 1771 609 alie-

154 650 253 688 nos,
277 640 339 679 ita
367 640 509 680 animi
543 640 816 680 utilitatibus
845 648 1081 690 vacantes,
1105 641 1180 692 qui
1211 642 1457 690 intueatur,
1484 653 1570 680 non
1606 641 1772 689 poterit

155 721 246 749 non
276 710 516 750 manifeste
543 711 702 751 uidere
729 711 853 760 illud,
887 712 1118 762 quondam
1149 711 1386 762 discipulis
1421 711 1609 760 dictum,
1640 710 1773 750 nobis

151 780 291 820 etiam
313 781 592 832 promissum
613 793 730 821 esse:
756 781 865 831 Ego
892 781 1129 821 vobiscum
1151 793 1256 821 sum
1291 793 1437 832 usque
1471 782 1532 821 ad
1561 792 1770 821 consum-

154 851 405 891 mationem
424 851 616 892 saeculi.

232 921 332 973 Ego
364 922 564 974 quidem,
597 923 658 962 mi
681 923 831 971 Pater,
869 924 1068 974 ingenue
1104 923 1252 963 fateor
1275 923 1383 963 mihi
1417 923 1598 974 penitus
1624 924 1765 963 verba

154 992 330 1043 deesse,
348 993 512 1045 quibus
534 995 606 1034 uel
627 1006 857 1035 summam
878 995 1074 1044 illorum,
1098 1006 1215 1045 quae
1238 995 1283 1034 in
1306 995 1376 1034 his
1395 996 1484 1034 tuis
1508 995 1642 1034 nouis
1663 994 1768 1034 filiis

152 1063 275 1112 (noui
295 1064 416 1105 enim
439 1076 547 1105 cum
564 1065 610 1105 in
627 1065 863 1117 religionis
885 1071 1107 1117 tempore,
1132 1072 1228 1105 tum
1241 1066 1284 1105 in
1303 1066 1468 1105 aetatis
1490 1065 1624 1105 annis
1641 1069 1769 1105 suntl

150 1134 300 1185 uideo,
324 1136 559 1187 explicare
580 1137 769 1188 possim:
793 1149 847 1176 ac
868 1137 908 1177 si
928 1137 1191 1188 praeteritis
1211 1137 1325 1176 meis
1352 1136 1638 1186 criminibus,
1663 1148 1768 1176 con-

149 1212 218 1246 tra
241 1206 395 1246 omnia
415 1207 584 1247 tuentis
601 1218 655 1246 ac
679 1207 883 1258 regentis
904 1207 991 1247 Dei
1012 1213 1290 1258 potestatem
1318 1206 1548 1255 admissis,
1580 1207 1766 1247 tristitia

149 1289 204 1318 ac
225 1276 383 1317 dolore
404 1277 626 1327 afficerer,
650 1277 919 1330 lachrymas
946 1278 1183 1318 continere
1204 1289 1296 1317 non
1313 1289 1511 1329 possem,
1537 1289 1642 1317 cum
1658 1279 1767 1318 mul-

150 1353 223 1388 tos
249 1347 450 1395 videam,
487 1360 603 1400 quos
637 1349 791 1400 aliqua
824 1349 1058 1400 grauioris
1092 1348 1299 1388 criminis
1334 1350 1515 1388 macula
1551 1360 1767 1400 aspersos

139 1418 377 1458 'affirmare
403 1419 505 1470 quis
539 1427 667 1459 certo
702 1431 794 1459 non
830 1425 985 1470 posset
1020 1419 1077 1459 ob
1113 1430 1341 1459 annorum
1368 1419 1681 1459 innocentiam
1710 1432 1765 1460 ac

144 1501 326 1530 morum
354 1489 682 1540 integritatem,
721 1490 835 1531 adeo
869 1490 1011 1530 ueluti
1046 1490 1262 1530 maximis
1298 1491 1501 1541 peccatis
1537 1491 1765 1542 susceptis

146 1560 255 1611 angi
272 1572 328 1600 ac
349 1561 563 1609 cruciari,
588 1561 706 1601 adeo
736 1560 1023 1601 obedientiae
1052 1561 1299 1609 subiectos,
1333 1567 1376 1601 et
1408 1562 1762 1602 constitutiones

144 1642 200 1671 ac
222 1638 567 1672 sacramentum
588 1631 819 1684 quoddam
846 1638 1104 1672 seruantes.
1128 1631 1228 1672 Hoc
1259 1643 1399 1672 unum
1431 1632 1550 1680 (ΠΕΟ,
1581 1633 1679 1672 eius
1701 1632 1762 1672 di-

144 1702 300 1742 uinam
321 1702 537 1751 indolem,
561 1704 634 1743 uel
654 1703 808 1754 potius
836 1702 1069 1752 uirtutem,
1101 1703 1342 1743 hominum
1370 1703 1505 1743 fidem
1536 1703 1761 1743 excedere

142 1785 197 1813 ac
218 1784 455 1825 superare,
479 1781 523 1814 et
545 1786 571 1814 a
593 1773 693 1813 Deo
715 1774 807 1823 illo,
831 1774 1036 1814 omnium
1059 1774 1287 1814 bonorum
1315 1781 1519 1823 auctore,
1554 1774 1757 1821 fluxisse,

143 1855 282 1895 quam
303 1855 390 1896 ego
411 1851 476 1885 tot
499 1845 767 1885 criminibus
787 1844 1022 1885 inuolutus
1043 1845 1279 1896 explicare
1296 1845 1485 1885 minime
1503 1857 1705 1896 possum.

220 1914 364 1955 Multa
385 1922 631 1966 praeterea
655 1915 702 1954 P.
731 1914 997 1955 Ludouicus
1032 1900 1286 1955 secundum
1313 1915 1445 1955 istius
1473 1916 1639 1956 domus
1666 1928 1760 1956 mo-

142 1997 240 2025 rem
257 1985 468 2036 instituit,
492 1985 753 2037 fratresque
774 1986 832 2026 ad
854 1986 899 2026 id
916 1986 1086 2037 optime
1109 1992 1414 2037 praeparatos
1436 1987 1627 2036 inuenit,
1651 1993 1694 2027 et
1713 1988 1757 2027 in

141 2055 354 2108 incoepto
377 2057 660 2108 persisteret,
685 2057 773 2097 nisi
795 2069 822 2096 a
852 2056 990 2097 Patre
1021 2057 1225 2097 Doctore
1248 2064 1439 2097 uocatus
1462 2066 1598 2097 esset:
1630 2058 1756 2098 illum

142 2126 201 2167 ad
228 2127 458 2168 Calendas
478 2127 775 2179 Septembris,
800 2140 891 2180 qua
912 2128 984 2168 die
1005 2128 1114 2168 anni
1137 2128 1415 2180 principium
1444 2129 1489 2168 in
1512 2129 1598 2168 hoc
1622 2131 1756 2169 colle-

142 2198 219 2247 gio
249 2199 475 2239 celebrari
509 2199 638 2248 solet,
663 2206 978 2250 expectamus,
1003 2199 1134 2239 cuius
1162 2199 1364 2239 aduentu
1392 2211 1484 2239 non
1516 2199 1755 2240 mediocri-

141 2275 210 2309 ter
239 2269 394 2310 omnia
415 2269 827 2318 confirmabuntur,
853 2270 983 2321 plura
1006 2270 1163 2319 etiam,
1187 2276 1322 2321 prout
1343 2269 1443 2310 Deo
1466 2271 1679 2322 placebit,
1701 2270 1755 2310 de

140 2339 322 2391 integro
348 2340 471 2381 fient.

216 2409 440 2452 Omnibus
461 2412 845 2463 praeceptoribus
874 2412 960 2451 hoc
991 2423 1113 2451 anno
1141 2411 1354 2452 Christus
1384 2401 1752 2453 misericordiam

136 2481 395 2533 impertitus
416 2488 500 2529 est,
521 2482 811 2534 ostenditque
834 2488 993 2534 aperte
1015 2489 1239 2534 quantum
1267 2483 1527 2524 animorum
1556 2485 1752 2525 salutem

136 2551 442 2603 desideraret3
472 2564 579 2593 nam
608 2564 713 2593 cum
749 2553 923 2604 passim
950 2553 995 2593 in
1016 2559 1113 2593 tota
1148 2553 1335 2594 ciuitate
1370 2553 1580 2595 homines
1610 2555 1752 2595 uariis
1806 2537 1809 2545 ’

133 2622 305 2663 morbis
339 2628 620 2673 tenerentur,
659 2623 881 2675 nobisque
917 2623 1152 2664 coniuncti
1174 2624 1430 2674 domestici,
1466 2636 1582 2677 quos
1617 2626 1749 2665 colle-

133 2693 281 2745 giales
302 2694 604 2746 appellamus,
623 2705 729 2735 cum
751 2694 892 2746 aliqui
913 2693 1081 2735 fratres
1102 2695 1241 2735 etiam
1258 2702 1573 2746 aegrotarent,
1599 2697 1750 2737 nullus

134 2770 289 2805 tamen
310 2763 493 2805 illorum
516 2764 561 2804 in
588 2765 799 2805 morbum
827 2764 1003 2815 incidit,
1032 2765 1113 2806 sed
1142 2766 1410 2816 grauissimi
1439 2767 1610 2807 laboris
1632 2778 1750 2808 onus

135 2834 221 2875 sibi
242 2834 508 2886 impositum
539 2846 714 2884 omnes,
748 2835 847 2876 Deo
883 2836 1086 2885 iuuante,
1115 2837 1446 2878 sustinuerunt.
1480 2837 1618 2878 Domi
1643 2844 1748 2878 octo

131 2905 301 2947 fratres
321 2901 582 2957 aegrotanti
615 2907 832 2959 quinque,
869 2907 1225 2958 ingrauescente
1261 2909 1437 2958 morbo,
1471 2921 1564 2950 non
1593 2916 1748 2950 tamen

134 2975 247 3017 adeo
263 2983 312 3018 ut
329 2976 433 3018 inde
450 2986 576 3017 mors
588 2983 897 3020 consecutura
914 2977 1141 3028 uideatur,
1161 2986 1411 3027 anguntur:
1431 2980 1602 3021 caeteri
1617 2992 1744 3027 uero,
