2020 3342
223 222 275 259 42·
730 222 954 259 Llrrfflmss
983 234 1340 266 QUADRIMESTRES

226 319 419 370 imperio
440 319 660 370 Episcopi
681 321 804 370 typis
832 332 1004 360 excusa
1035 321 1080 360 in
1107 322 1258 361 lucem
1284 322 1454 372 prodit,
1487 334 1626 373 quam
1654 323 1852 365 Romam

225 389 451 429 mittimus
475 390 501 430 ¹.
525 389 693 429 Mirum
717 397 787 430 est
807 402 946 441 quam
968 391 1200 442 Episcopo
1224 403 1279 431 ac
1300 391 1449 432 doctis
1468 394 1710 444 placuerit.

306 460 689 511 Vigesimosexto
713 459 930 501 Octobris
949 461 998 501 Ρ.
1019 461 1336 513 Hieronymus
1353 463 1544 503 Bassius
1563 476 1617 504 ac
1635 463 1755 504 Myer
1773 465 1851 505 Pe·

226 539 325 570 trus
346 530 533 570 Canalis
555 531 900 572 Claromontem
922 532 1118 572 Biliomo
1141 533 1198 572 ad
1227 544 1299 572 me
1327 542 1653 584 peruenerunt,
1684 537 1852 587 quibus

224 602 415 641 vestitui
446 603 714 642 necessaria
741 601 874 641 ΚΒΜ
901 601 1128 642 Dominus
1158 603 1545 652 subministrauit,
1579 616 1742 657 meque
1774 607 1851 646 ad-

228 683 394 711 uersus
428 673 610 723 hyemis
645 673 847 712 armauit
883 673 1091 713 iniurias.
1129 673 1315 714 Patrem
1350 674 1689 726 Hieronymum
1729 677 1851 728 apud

228 742 369 782 DJfflffl
398 742 739 783 Cancellarium
769 743 1066 784 Claromonte
1098 745 1345 785 collocauit
1376 745 1435 785 ad
1465 751 1667 797 tempus,
1700 748 1776 798 qui
1806 748 1851 787 in

231 813 538 862 xenodochio,
563 814 835 864 quotidiano
859 814 1106 865 sacrificio,
1137 816 1269 855 verbi
1297 816 1568 866 ministerio,
1602 829 1657 857 ac
1683 829 1855 869 paupe-

225 895 328 924 rum
352 896 463 924 cura
486 885 805 934 oeconomica,
830 896 1085 936 pauperum
1107 887 1415 926 consolationi
1438 887 1633 927 inseruit
1654 899 1760 928 cum
1783 900 1853 928 ce-

224 954 339 993 lebri
360 953 608 994 Societatis
629 954 754 994 fama
776 955 835 995 ad
857 961 1095 1006 stuporem
1124 956 1334 996 homines
1363 958 1596 998 excitante
1629 958 1655 996 ².
1684 958 1850 1009 Quem,

225 1025 282 1063 ob
304 1025 589 1076 singularem
611 1026 701 1065 viri
724 1026 1016 1075 modestiam,
1041 1027 1446 1068 mansuetudinem
1468 1040 1523 1068 ac
1540 1029 1849 1080 prudentiam,

226 1095 409 1145 gaudeo
432 1096 565 1135 nobis
586 1096 661 1136 hic
683 1096 970 1147 praefectum
993 1096 1022 1137 ⁵.
1053 1097 1368 1138 Concionatus
1398 1105 1466 1138 est
1494 1099 1763 1140 Aduentum
1790 1100 1854 1139 in-

228 1172 411 1215 tegrum
434 1167 479 1205 in
501 1166 807 1216 xenodochio,
831 1168 1036 1218 priorem
1060 1168 1185 1208 Petri
1207 1180 1434 1209 enarrans
1456 1171 1729 1210 canonicam
1748 1182 1853 1210 cum

226 1243 356 1276 tanta
395 1237 659 1276 auditorum
697 1238 867 1288 gratia,
909 1238 966 1277 ob
1007 1239 1191 1289 pietatis
1231 1240 1380 1279 zelum
1418 1239 1534 1280 foris
1568 1242 1851 1280 relucentem

225 1315 274 1346 vt
314 1308 601 1359 frequentius
636 1309 849 1348 habuerit
884 1310 1163 1349 auditorium
1200 1311 1298 1361 ipso
1330 1310 1600 1351 Professore
1631 1312 1851 1363 theologo

228 1379 653 1423 franciscanorum.
693 1380 739 1419 in
774 1380 845 1419 sui
880 1381 1091 1420 coenobii
1128 1381 1242 1421 aede
1276 1381 1566 1421 concionato.
1600 1382 1853 1422 Maximam

226 1462 340 1489 sane
361 1451 659 1490 venerandus
681 1451 756 1491 hic
777 1451 916 1491 Pater
946 1451 1069 1503 apud
1097 1452 1224 1492 ciues
1254 1452 1645 1493 Claromontanos
1676 1454 1746 1493 sui
1775 1465 1852 1493 no-

232 1521 374 1560 minis
402 1522 742 1571 auctoritatem,
772 1522 1033 1562 animorum
1063 1523 1214 1563 studio
1243 1523 1490 1571 indefesso,
1523 1525 1754 1574 conciliat,
1779 1525 1854 1575 qui

229 1593 284 1631 de
313 1592 450 1631 rebus
478 1604 503 1631 a
532 1604 580 1632 se
608 1593 754 1643 gestis
775 1606 832 1633 ex
851 1593 1139 1633 obedientiae
1156 1594 1352 1645 imperio
1371 1594 1705 1635 Paternitatem
1725 1601 1854 1635 tuam

229 1662 473 1702 certiorem
500 1664 711 1703 exactius
741 1664 916 1703 reddet.
946 1663 1064 1703 Nam
1087 1676 1227 1715 quum
1254 1664 1454 1704 diuortio
1476 1666 1685 1705 locorum
1706 1666 1853 1705 seiun-

233 1733 297 1772 cti
319 1733 477 1783 simus,
498 1734 790 1784 negotiorum
808 1735 953 1785 ipsius
975 1735 1250 1786 spiritalium
1270 1736 1403 1775 testis
1420 1736 1639 1776 assistere
1659 1748 1853 1788 nequem

231 1815 512 1854 quamquam
542 1805 673 1855 haec,
709 1816 826 1855 quae
849 1805 904 1844 de
935 1805 1036 1856 ipso
1056 1806 1196 1845 modo
1217 1807 1368 1855 retuli,
1393 1818 1418 1845 a
1440 1806 1588 1846 bonae
1610 1807 1716 1846 fidei
1737 1807 1853 1846 arbi-

225 1875 310 1914 tris
331 1874 483 1914 didici.

309 1944 476 1985 Frater
495 1953 654 1986 noster
675 1947 800 1997 Mag.
829 1947 995 1987 Petrus
1027 1947 1230 1997 Canalis,
1264 1948 1322 1987 ad
1351 1959 1538 1988 sacrum
1569 1948 1853 1999 hypodiaco-

227 2016 331 2055 nias
366 2017 576 2056 ordinem
604 2018 662 2056 ab
690 2018 923 2069 Episcopo
945 2025 1199 2069 promotus,
1224 2019 1375 2058 adhuc
1405 2018 1668 2070 Euscopiae
1695 2019 1740 2058 in
1768 2019 1853 2059 Ca·

230 2092 327 2126 stro
350 2086 588 2138 Episcopi,
607 2089 888 2128 valetudinis
904 2089 1233 2128 resarciendae
1249 2089 1418 2139 gratia,
1439 2095 1663 2139 moratur,
1684 2089 1761 2140 qui
1781 2090 1854 2139 pio

230 2159 444 2208 exemplo
476 2170 531 2197 ac
565 2159 771 2198 fraterna
803 2160 1056 2199 monitione
1084 2159 1296 2199 omnibus
1327 2171 1376 2199 se
1411 2159 1560 2200 reddit
1590 2160 1853 2207 amabilem,

230 2240 367 2279 quem
409 2229 616 2269 decreuit
650 2229 910 2281 Episcopus
944 2230 1059 2270 mihi
1096 2230 1311 2281 proximo
1351 2230 1607 2270 Februario
1645 2231 1854 2280 iungere.

234 2298 482 2338 Caeterum
504 2311 644 2351 quum
672 2312 764 2339 non
796 2301 934 2340 modo
962 2301 1135 2340 laboris
1162 2302 1311 2340 nostri
1339 2301 1598 2352 euangelici
1626 2301 1854 2340 rationem

229 2368 565 2409 Paternitatem
585 2377 713 2410 tuam
735 2371 925 2422 exigere
948 2384 973 2410 a
997 2371 1143 2421 nobis,
1176 2382 1339 2410 verum
1367 2377 1411 2410 et
1441 2371 1644 2411 fructum
1672 2370 1854 2422 spirita—

227 2439 318 2478 lem
341 2447 702 2491 consequentem
723 2447 882 2492 petere
911 2453 1186 2492 persuasum
1213 2441 1434 2490 habeam,
1465 2442 1601 2492 quale
1632 2453 1736 2481 cum
1762 2441 1854 2480 foe-

228 2520 344 2549 nore
364 2511 546 2549 lucrum
567 2518 848 2551 consecutus
869 2512 915 2551 in
936 2512 1024 2551 hac
1046 2511 1160 2551 vrbe
1182 2512 1283 2561 sim,
1308 2512 1549 2562 explicabo
1572 2512 1852 2551 summatim.

307 2580 525 2620 Uniuersi
545 2581 750 2621 familiae
770 2582 907 2622 huius
928 2581 942 2600 ⁴
964 2582 1207 2622 domestici
1228 2582 1464 2621 mensibus
1492 2582 1690 2632 singulis
1718 2581 1856 2621 confi-

285 2740 294 2758 ¹
336 2739 422 2765 Vide
439 2747 555 2773 supra,
572 2744 595 2766 t.
613 2747 659 2772 111,
687 2749 766 2774 pag.
789 2741 850 2775 701,
874 2746 987 2768 annot.
1013 2741 1172 2768 2.—Nune
1200 2745 1315 2767 autem
1340 2740 1473 2767 dublum
1500 2742 1628 2768 nullum
1651 2747 1724 2767 esse
1745 2745 1856 2774 potest

229 2786 307 2819 quin
322 2786 434 2812 oratio
459 2787 543 2812 haec
567 2794 693 2814 excusa
717 2789 808 2822 lypis
823 2788 936 2821 fuerit;
952 2789 1092 2822 ideoque
1115 2789 1202 2814 inter
1225 2786 1409 2814 Societatis
1430 2788 1617 2821 scriptores
1638 2786 1858 2822 Clayssonius

231 2838 282 2859 est
297 2833 580 2860 annumerandus.

284 2881 297 2898 ‘²
335 2880 421 2907 Vide
447 2881 500 2907 hic
522 2882 668 2908 solutum
690 2883 842 2915 dubium,
869 2884 954 2917 quod
976 2883 1211 2917 proposuimus
1236 2883 1268 2909 in
1294 2883 1441 2909 POLAxcx
1469 2881 1642 2913 Chronico,
1668 2886 1691 2907 t.
1717 2889 1749 2915 V,
1769 2888 1853 2915 pag.

229 2926 292 2958 347,
309 2931 424 2953 annot.
436 2927 461 2953 2.

282 2974 296 2991 .-
334 2974 420 3000 Vide
437 2975 585 3002 PoLANm
602 2975 803 3008 chronicon,
819 2982 841 3003 t.
861 2985 890 3008 v,
905 2984 984 3010 pag.
1004 2976 1068 3007 324,
1084 2985 1115 3003 n.
1127 2975 1188 3008 875,
1206 2980 1238 3002 et
1255 2983 1331 3009 pag.
1346 2976 1408 3009 347,
1426 2983 1457 3002 n.
1472 2976 1534 3002 935.

282 3022 296 3040 ⁴
333 3020 386 3046 “ln
403 3029 468 3054 qua
485 3023 691 3048 versabatur
707 3023 741 3049 Ρ.
755 3022 954 3055 Robertus.„
970 3023 1155 3053 POLANCUS.
1174 3023 1194 3049 l.
1210 3030 1249 3055 c.,
1267 3030 1297 3051 n.
1312 3022 1373 3049 938.
