<?xml version="1.0" encoding="UTF-8"?>
<!DOCTYPE html PUBLIC "-//W3C//DTD XHTML 1.0 Transitional//EN"
    "http://www.w3.org/TR/xhtml1/DTD/xhtml1-transitional.dtd">
<html xmlns="http://www.w3.org/1999/xhtml" xml:lang="en" lang="en">
 <head>
  <title>
</title>
<meta http-equiv="Content-Type" content="text/html;charset=utf-8" />
  <meta name='ocr-system' content='tesseract 3.04.00' />
  <meta name='ocr-capabilities' content='ocr_page ocr_carea ocr_par ocr_line ocrx_word'/>
</head>
<body>
  <div class='ocr_page' id='page_1' title='image "./litteraequadrime16lain/litteraequadrime16lain_0234.png"; bbox 0 0 2020 3342; ppageno 0'>
   <div class='ocr_carea' id='block_1_1' title="bbox 243 263 1364 311">
    <p class='ocr_par' dir='ltr' id='par_1_1' title="bbox 243 263 1364 311">
     <span class='ocr_line' id='line_1_1' title="bbox 243 263 1364 311; baseline -0.004 -3"><span class='ocrx_word' id='word_1_1' title='bbox 243 270 313 308; x_wconf 71' lang='lat'>‘228</span> <span class='ocrx_word' id='word_1_2' title='bbox 756 263 976 306; x_wconf 78' lang='lat' dir='ltr'><strong>LITTERAE</strong></span> <span class='ocrx_word' id='word_1_3' title='bbox 1004 272 1228 311; x_wconf 65' lang='lat' dir='ltr'>omnium:</span> <span class='ocrx_word' id='word_1_4' title='bbox 1236 272 1364 305; x_wconf 81' lang='lat' dir='ltr'>STRES</span> 
     </span>
    </p>
   </div>
   <div class='ocr_carea' id='block_1_2' title="bbox 232 362 1873 3108">
    <p class='ocr_par' dir='ltr' id='par_1_2' title="bbox 243 362 1873 842">
     <span class='ocr_line' id='line_1_2' title="bbox 243 362 1871 416; baseline -0.001 -10"><span class='ocrx_word' id='word_1_5' title='bbox 243 367 446 406; x_wconf 73' lang='lat' dir='ltr'>cerdotl&#39;S</span> <span class='ocrx_word' id='word_1_6' title='bbox 468 366 675 406; x_wconf 91' lang='lat' dir='ltr'>consiliis</span> <span class='ocrx_word' id='word_1_7' title='bbox 693 366 910 416; x_wconf 80' lang='lat' dir='ltr'>excitata,</span> <span class='ocrx_word' id='word_1_8' title='bbox 931 363 1035 405; x_wconf 75' lang='lat' dir='ltr'>ciim</span> <span class='ocrx_word' id='word_1_9' title='bbox 1053 364 1253 404; x_wconf 90' lang='lat' dir='ltr'>mirabili</span> <span class='ocrx_word' id='word_1_10' title='bbox 1271 364 1526 404; x_wconf 79' lang='lat' dir='ltr'>mutatione</span> <span class='ocrx_word' id='word_1_11' title='bbox 1551 362 1765 404; x_wconf 89' lang='lat' dir='ltr'>confessa</span> <span class='ocrx_word' id='word_1_12' title='bbox 1784 370 1871 415; x_wconf 78' lang='lat' dir='ltr'>est3</span> 
     </span>
     <span class='ocr_line' id='line_1_3' title="bbox 245 435 1873 488; baseline -0.001 -11"><span class='ocrx_word' id='word_1_13' title='bbox 245 438 451 488; x_wconf 88' lang='lat' dir='ltr'>adeoque</span> <span class='ocrx_word' id='word_1_14' title='bbox 468 438 513 476; x_wconf 87' lang='lat' dir='ltr'>in</span> <span class='ocrx_word' id='word_1_15' title='bbox 531 437 822 476; x_wconf 87' lang='lat' dir='ltr'>confessione</span> <span class='ocrx_word' id='word_1_16' title='bbox 835 448 862 475; x_wconf 81' lang='lat' dir='ltr'>a</span> <span class='ocrx_word' id='word_1_17' title='bbox 879 435 1035 475; x_wconf 87' lang='lat' dir='ltr'>diuina</span> <span class='ocrx_word' id='word_1_18' title='bbox 1052 435 1372 475; x_wconf 79' lang='lat' dir='ltr'>misericordia</span> <span class='ocrx_word' id='word_1_19' title='bbox 1390 440 1642 485; x_wconf 90' lang='lat' dir='ltr'>commota,</span> <span class='ocrx_word' id='word_1_20' title='bbox 1661 439 1710 474; x_wconf 89' lang='lat' dir='ltr'>vt</span> <span class='ocrx_word' id='word_1_21' title='bbox 1730 435 1873 475; x_wconf 91' lang='lat' dir='ltr'>moni-</span> 
     </span>
     <span class='ocr_line' id='line_1_4' title="bbox 243 505 1869 559; baseline -0.002 -11"><span class='ocrx_word' id='word_1_22' title='bbox 243 509 301 548; x_wconf 91' lang='lat' dir='ltr'>lia</span> <span class='ocrx_word' id='word_1_23' title='bbox 332 508 624 559; x_wconf 91' lang='lat' dir='ltr'>inauresque,</span> <span class='ocrx_word' id='word_1_24' title='bbox 662 508 708 547; x_wconf 89' lang='lat' dir='ltr'>vi</span> <span class='ocrx_word' id='word_1_25' title='bbox 743 507 1067 558; x_wconf 79' lang='lat' dir='ltr'>comprimens,</span> <span class='ocrx_word' id='word_1_26' title='bbox 1105 506 1263 546; x_wconf 89' lang='lat' dir='ltr'>statim</span> <span class='ocrx_word' id='word_1_27' title='bbox 1298 518 1320 545; x_wconf 93' lang='lat' dir='ltr'>e</span> <span class='ocrx_word' id='word_1_28' title='bbox 1357 517 1440 545; x_wconf 92' lang='lat' dir='ltr'>suo</span> <span class='ocrx_word' id='word_1_29' title='bbox 1462 506 1580 546; x_wconf 90' lang='lat' dir='ltr'>collo</span> <span class='ocrx_word' id='word_1_30' title='bbox 1628 505 1869 545; x_wconf 86' lang='lat' dir='ltr'>confracta</span> 
     </span>
     <span class='ocr_line' id='line_1_5' title="bbox 245 577 1868 631; baseline -0.002 -12"><span class='ocrx_word' id='word_1_31' title='bbox 245 579 503 631; x_wconf 88' lang='lat' dir='ltr'>proiecerit:</span> <span class='ocrx_word' id='word_1_32' title='bbox 524 579 645 619; x_wconf 78' lang='lat' dir='ltr'>vnde</span> <span class='ocrx_word' id='word_1_33' title='bbox 664 579 850 618; x_wconf 89' lang='lat' dir='ltr'>domum</span> <span class='ocrx_word' id='word_1_34' title='bbox 868 577 1066 627; x_wconf 90' lang='lat' dir='ltr'>rediens,</span> <span class='ocrx_word' id='word_1_35' title='bbox 1086 577 1277 617; x_wconf 88' lang='lat' dir='ltr'>iuuenes</span> <span class='ocrx_word' id='word_1_36' title='bbox 1307 577 1432 616; x_wconf 89' lang='lat' dir='ltr'>illam</span> <span class='ocrx_word' id='word_1_37' title='bbox 1464 577 1753 628; x_wconf 81' lang='lat' dir='ltr'>alloquentes</span> <span class='ocrx_word' id='word_1_38' title='bbox 1776 588 1868 616; x_wconf 92' lang='lat' dir='ltr'>non</span> 
     </span>
     <span class='ocr_line' id='line_1_6' title="bbox 244 647 1871 701; baseline -0.002 -11"><span class='ocrx_word' id='word_1_39' title='bbox 244 652 391 690; x_wconf 92' lang='lat' dir='ltr'>solum</span> <span class='ocrx_word' id='word_1_40' title='bbox 413 650 676 701; x_wconf 88' lang='lat' dir='ltr'>repellebat,</span> <span class='ocrx_word' id='word_1_41' title='bbox 712 661 874 689; x_wconf 91' lang='lat' dir='ltr'>uerum</span> <span class='ocrx_word' id='word_1_42' title='bbox 908 649 1062 698; x_wconf 88' lang='lat' dir='ltr'>etiam,</span> <span class='ocrx_word' id='word_1_43' title='bbox 1100 648 1304 688; x_wconf 82' lang='lat' dir='ltr'>maxima</span> <span class='ocrx_word' id='word_1_44' title='bbox 1326 647 1611 698; x_wconf 90' lang='lat' dir='ltr'>poenitentia</span> <span class='ocrx_word' id='word_1_45' title='bbox 1626 647 1780 697; x_wconf 85' lang='lat' dir='ltr'>ducta,</span> <span class='ocrx_word' id='word_1_46' title='bbox 1811 647 1871 688; x_wconf 86' lang='lat' dir='ltr'>ad</span> 
     </span>
     <span class='ocr_line' id='line_1_7' title="bbox 243 718 1869 773; baseline -0.002 -12"><span class='ocrx_word' id='word_1_47' title='bbox 243 733 351 761; x_wconf 87' lang='lat' dir='ltr'>suos</span> <span class='ocrx_word' id='word_1_48' title='bbox 373 727 591 772; x_wconf 88' lang='lat' dir='ltr'>parentes</span> <span class='ocrx_word' id='word_1_49' title='bbox 612 732 661 760; x_wconf 80' lang='lat' dir='ltr'>se</span> <span class='ocrx_word' id='word_1_50' title='bbox 682 720 936 760; x_wconf 77' lang='lat' dir='ltr'>redituram</span> <span class='ocrx_word' id='word_1_51' title='bbox 972 731 1077 759; x_wconf 87' lang='lat' dir='ltr'>cum</span> <span class='ocrx_word' id='word_1_52' title='bbox 1112 730 1283 769; x_wconf 86' lang='lat' dir='ltr'>magna</span> <span class='ocrx_word' id='word_1_53' title='bbox 1320 720 1525 758; x_wconf 87' lang='lat' dir='ltr'>omnium</span> <span class='ocrx_word' id='word_1_54' title='bbox 1559 718 1869 773; x_wconf 76' lang='lat' dir='ltr'>admiratione</span> 
     </span>
     <span class='ocr_line' id='line_1_8' title="bbox 248 791 472 842; baseline -0.004 -10"><span class='ocrx_word' id='word_1_55' title='bbox 248 791 472 842; x_wconf 83' lang='lat' dir='ltr'>promisit.</span> 
     </span>
    </p>

    <p class='ocr_par' dir='ltr' id='par_1_3' title="bbox 243 859 1871 1196">
     <span class='ocr_line' id='line_1_9' title="bbox 324 859 1865 913; baseline 0 -12"><span class='ocrx_word' id='word_1_56' title='bbox 324 862 524 913; x_wconf 81' lang='lat' dir='ltr'>Quidam</span> <span class='ocrx_word' id='word_1_57' title='bbox 547 862 700 912; x_wconf 86' lang='lat' dir='ltr'>etiam,</span> <span class='ocrx_word' id='word_1_58' title='bbox 726 862 876 913; x_wconf 84' lang='lat' dir='ltr'>palma</span> <span class='ocrx_word' id='word_1_59' title='bbox 898 873 945 900; x_wconf 81' lang='lat' dir='ltr'>m</span> <span class='ocrx_word' id='word_1_60' title='bbox 972 861 1102 910; x_wconf 71' lang='lat' dir='ltr'>facie</span> <span class='ocrx_word' id='word_1_61' title='bbox 1124 873 1148 900; x_wconf 85' lang='lat' dir='ltr'>a</span> <span class='ocrx_word' id='word_1_62' title='bbox 1172 872 1255 900; x_wconf 89' lang='lat' dir='ltr'>suo</span> <span class='ocrx_word' id='word_1_63' title='bbox 1275 859 1483 900; x_wconf 82' lang='lat' dir='ltr'>debitore</span> <span class='ocrx_word' id='word_1_64' title='bbox 1500 859 1668 900; x_wconf 90' lang='lat' dir='ltr'>iniuste</span> <span class='ocrx_word' id='word_1_65' title='bbox 1683 871 1865 912; x_wconf 89' lang='lat' dir='ltr'>percus·</span> 
     </span>
     <span class='ocr_line' id='line_1_10' title="bbox 244 931 1871 984; baseline 0 -12"><span class='ocrx_word' id='word_1_66' title='bbox 244 945 335 980; x_wconf 86' lang='lat' dir='ltr'>sus,</span> <span class='ocrx_word' id='word_1_67' title='bbox 362 944 685 984; x_wconf 81' lang='lat' dir='ltr'>percussorem</span> <span class='ocrx_word' id='word_1_68' title='bbox 707 932 919 972; x_wconf 91' lang='lat' dir='ltr'>occidere</span> <span class='ocrx_word' id='word_1_69' title='bbox 954 931 1237 981; x_wconf 89' lang='lat' dir='ltr'>intendebat;</span> <span class='ocrx_word' id='word_1_70' title='bbox 1276 943 1475 982; x_wconf 88' lang='lat' dir='ltr'>cumque</span> <span class='ocrx_word' id='word_1_71' title='bbox 1510 931 1667 971; x_wconf 88' lang='lat' dir='ltr'>diuina</span> <span class='ocrx_word' id='word_1_72' title='bbox 1696 931 1871 972; x_wconf 87' lang='lat' dir='ltr'>miseri-</span> 
     </span>
     <span class='ocr_line' id='line_1_11' title="bbox 243 1002 1871 1053; baseline -0.001 -10"><span class='ocrx_word' id='word_1_73' title='bbox 243 1004 403 1043; x_wconf 90' lang='lat' dir='ltr'>cordia</span> <span class='ocrx_word' id='word_1_74' title='bbox 427 1004 611 1043; x_wconf 89' lang='lat' dir='ltr'>cuidam</span> <span class='ocrx_word' id='word_1_75' title='bbox 641 1010 851 1043; x_wconf 90' lang='lat' dir='ltr'>nostrum</span> <span class='ocrx_word' id='word_1_76' title='bbox 882 1003 1133 1053; x_wconf 72' lang='lat' dir='ltr'>confessas</span> <span class='ocrx_word' id='word_1_77' title='bbox 1163 1006 1302 1051; x_wconf 75' lang='lat' dir='ltr'>esset,</span> <span class='ocrx_word' id='word_1_78' title='bbox 1340 1002 1402 1042; x_wconf 87' lang='lat' dir='ltr'>ita</span> <span class='ocrx_word' id='word_1_79' title='bbox 1426 1007 1656 1042; x_wconf 82' lang='lat' dir='ltr'>mutatum</span> <span class='ocrx_word' id='word_1_80' title='bbox 1692 1009 1760 1042; x_wconf 91' lang='lat' dir='ltr'>est</span> <span class='ocrx_word' id='word_1_81' title='bbox 1789 1014 1871 1043; x_wconf 90' lang='lat' dir='ltr'>cor</span> 
     </span>
     <span class='ocr_line' id='line_1_12' title="bbox 244 1073 1870 1125; baseline -0.001 -11"><span class='ocrx_word' id='word_1_82' title='bbox 244 1076 354 1123; x_wconf 84' lang='lat' dir='ltr'>eius,</span> <span class='ocrx_word' id='word_1_83' title='bbox 390 1081 437 1114; x_wconf 84' lang='lat' dir='ltr'>vt</span> <span class='ocrx_word' id='word_1_84' title='bbox 473 1087 565 1114; x_wconf 88' lang='lat' dir='ltr'>non</span> <span class='ocrx_word' id='word_1_85' title='bbox 601 1075 749 1114; x_wconf 89' lang='lat' dir='ltr'>solum</span> <span class='ocrx_word' id='word_1_86' title='bbox 780 1087 806 1114; x_wconf 89' lang='lat' dir='ltr'>a</span> <span class='ocrx_word' id='word_1_87' title='bbox 843 1086 925 1114; x_wconf 92' lang='lat' dir='ltr'>suo</span> <span class='ocrx_word' id='word_1_88' title='bbox 962 1074 1118 1125; x_wconf 89' lang='lat' dir='ltr'>iniquo</span> <span class='ocrx_word' id='word_1_89' title='bbox 1155 1073 1392 1125; x_wconf 90' lang='lat' dir='ltr'>proposito</span> <span class='ocrx_word' id='word_1_90' title='bbox 1430 1073 1678 1123; x_wconf 86' lang='lat' dir='ltr'>destiterit,</span> <span class='ocrx_word' id='word_1_91' title='bbox 1706 1085 1870 1113; x_wconf 89' lang='lat' dir='ltr'>verum</span> 
     </span>
     <span class='ocr_line' id='line_1_13' title="bbox 243 1144 1868 1196; baseline -0.001 -11"><span class='ocrx_word' id='word_1_92' title='bbox 243 1147 395 1195; x_wconf 84' lang='lat' dir='ltr'>etiam,</span> <span class='ocrx_word' id='word_1_93' title='bbox 420 1146 756 1185; x_wconf 68' lang='lat' dir='ltr'>czdnersam‘am</span> <span class='ocrx_word' id='word_1_94' title='bbox 774 1145 949 1195; x_wconf 90' lang='lat' dir='ltr'>adiens,</span> <span class='ocrx_word' id='word_1_95' title='bbox 974 1145 1162 1185; x_wconf 90' lang='lat' dir='ltr'>veniam</span> <span class='ocrx_word' id='word_1_96' title='bbox 1180 1145 1236 1184; x_wconf 90' lang='lat' dir='ltr'>ab</span> <span class='ocrx_word' id='word_1_97' title='bbox 1259 1144 1360 1196; x_wconf 91' lang='lat' dir='ltr'>ipso</span> <span class='ocrx_word' id='word_1_98' title='bbox 1384 1144 1654 1195; x_wconf 85' lang='lat' dir='ltr'>suppliciter</span> <span class='ocrx_word' id='word_1_99' title='bbox 1670 1147 1868 1195; x_wconf 83' lang='lat' dir='ltr'>peteret.</span> 
     </span>
    </p>

    <p class='ocr_par' dir='ltr' id='par_1_4' title="bbox 239 1215 1870 1978">
     <span class='ocr_line' id='line_1_14' title="bbox 321 1215 1862 1268; baseline -0.002 -11"><span class='ocrx_word' id='word_1_100' title='bbox 321 1217 525 1257; x_wconf 84' lang='lat' dir='ltr'>Plurima</span> <span class='ocrx_word' id='word_1_101' title='bbox 547 1217 637 1257; x_wconf 85' lang='lat' dir='ltr'>alia</span> <span class='ocrx_word' id='word_1_102' title='bbox 660 1221 789 1263; x_wconf 70' lang='lat' dir='ltr'>sant,</span> <span class='ocrx_word' id='word_1_103' title='bbox 818 1229 936 1268; x_wconf 89' lang='lat' dir='ltr'>quae</span> <span class='ocrx_word' id='word_1_104' title='bbox 965 1217 1155 1267; x_wconf 82' lang='lat' dir='ltr'>longum</span> <span class='ocrx_word' id='word_1_105' title='bbox 1185 1222 1307 1255; x_wconf 92' lang='lat' dir='ltr'>esset</span> <span class='ocrx_word' id='word_1_106' title='bbox 1335 1215 1573 1266; x_wconf 78' lang='lat' dir='ltr'>sigillatim</span> <span class='ocrx_word' id='word_1_107' title='bbox 1602 1226 1862 1255; x_wconf 89' lang='lat' dir='ltr'>recensere:</span> 
     </span>
     <span class='ocr_line' id='line_1_15' title="bbox 244 1286 1866 1339; baseline -0.001 -12"><span class='ocrx_word' id='word_1_108' title='bbox 244 1288 357 1327; x_wconf 85' lang='lat' dir='ltr'>fiunt</span> <span class='ocrx_word' id='word_1_109' title='bbox 392 1300 591 1339; x_wconf 87' lang='lat' dir='ltr'>namque</span> <span class='ocrx_word' id='word_1_110' title='bbox 623 1288 967 1337; x_wconf 88' lang='lat' dir='ltr'>restitutiones,</span> <span class='ocrx_word' id='word_1_111' title='bbox 1008 1287 1286 1338; x_wconf 67' lang='lat' dir='ltr'>extirpatur</span> <span class='ocrx_word' id='word_1_112' title='bbox 1322 1286 1522 1326; x_wconf 71' lang='lat' dir='ltr'>iurandi</span> <span class='ocrx_word' id='word_1_113' title='bbox 1558 1286 1866 1336; x_wconf 79' lang='lat' dir='ltr'>consuetudo,</span> 
     </span>
     <span class='ocr_line' id='line_1_16' title="bbox 243 1357 1868 1410; baseline -0.001 -12"><span class='ocrx_word' id='word_1_114' title='bbox 243 1366 381 1410; x_wconf 85' lang='lat' dir='ltr'>atque</span> <span class='ocrx_word' id='word_1_115' title='bbox 399 1360 489 1398; x_wconf 88' lang='lat' dir='ltr'>alia</span> <span class='ocrx_word' id='word_1_116' title='bbox 513 1360 639 1409; x_wconf 83' lang='lat' dir='ltr'>vitia,</span> <span class='ocrx_word' id='word_1_117' title='bbox 665 1370 782 1410; x_wconf 72' lang='lat' dir='ltr'>qnae</span> <span class='ocrx_word' id='word_1_118' title='bbox 802 1358 929 1398; x_wconf 80' lang='lat' dir='ltr'>altas</span> <span class='ocrx_word' id='word_1_119' title='bbox 956 1359 1004 1397; x_wconf 76' lang='lat' dir='ltr'>l&#39;lt</span> <span class='ocrx_word' id='word_1_120' title='bbox 1033 1358 1235 1398; x_wconf 89' lang='lat' dir='ltr'>fidelium</span> <span class='ocrx_word' id='word_1_121' title='bbox 1257 1358 1423 1398; x_wconf 85' lang='lat' dir='ltr'>animis</span> <span class='ocrx_word' id='word_1_122' title='bbox 1439 1357 1623 1397; x_wconf 88' lang='lat' dir='ltr'>radices</span> <span class='ocrx_word' id='word_1_123' title='bbox 1645 1361 1868 1408; x_wconf 79' lang='lat' dir='ltr'>egerant:</span> 
     </span>
     <span class='ocr_line' id='line_1_17' title="bbox 242 1428 1868 1480; baseline -0.001 -11"><span class='ocrx_word' id='word_1_124' title='bbox 242 1430 491 1469; x_wconf 84' lang='lat' dir='ltr'>visitantur</span> <span class='ocrx_word' id='word_1_125' title='bbox 514 1429 703 1480; x_wconf 88' lang='lat' dir='ltr'>infirmi,</span> <span class='ocrx_word' id='word_1_126' title='bbox 728 1441 833 1469; x_wconf 91' lang='lat' dir='ltr'>cum</span> <span class='ocrx_word' id='word_1_127' title='bbox 851 1429 1053 1469; x_wconf 83' lang='lat' dir='ltr'>maxima</span> <span class='ocrx_word' id='word_1_128' title='bbox 1077 1429 1285 1480; x_wconf 91' lang='lat' dir='ltr'>ipsorum</span> <span class='ocrx_word' id='word_1_129' title='bbox 1309 1435 1447 1479; x_wconf 87' lang='lat' dir='ltr'>atque</span> <span class='ocrx_word' id='word_1_130' title='bbox 1466 1428 1868 1468; x_wconf 88' lang='lat' dir='ltr'>circumstantium</span> 
     </span>
     <span class='ocr_line' id='line_1_18' title="bbox 242 1500 1868 1551; baseline 0 -12"><span class='ocrx_word' id='word_1_131' title='bbox 242 1502 561 1541; x_wconf 85' lang='lat' dir='ltr'>consolatione</span> <span class='ocrx_word' id='word_1_132' title='bbox 590 1508 633 1540; x_wconf 89' lang='lat' dir='ltr'>et</span> <span class='ocrx_word' id='word_1_133' title='bbox 662 1500 999 1541; x_wconf 83' lang='lat' dir='ltr'>aedificatione:</span> <span class='ocrx_word' id='word_1_134' title='bbox 1033 1500 1389 1551; x_wconf 86' lang='lat' dir='ltr'>frequentantur</span> <span class='ocrx_word' id='word_1_135' title='bbox 1420 1509 1730 1548; x_wconf 88' lang='lat' dir='ltr'>sacramenta,</span> <span class='ocrx_word' id='word_1_136' title='bbox 1764 1510 1868 1540; x_wconf 87' lang='lat' dir='ltr'>cum</span> 
     </span>
     <span class='ocr_line' id='line_1_19' title="bbox 241 1570 1870 1622; baseline -0.001 -11"><span class='ocrx_word' id='word_1_137' title='bbox 241 1579 371 1611; x_wconf 79' lang='lat' dir='ltr'>tanta</span> <span class='ocrx_word' id='word_1_138' title='bbox 405 1573 667 1611; x_wconf 80' lang='lat' dir='ltr'>animarum</span> <span class='ocrx_word' id='word_1_139' title='bbox 688 1571 900 1621; x_wconf 87' lang='lat' dir='ltr'>Vtilitate‚</span> <span class='ocrx_word' id='word_1_140' title='bbox 937 1578 987 1610; x_wconf 86' lang='lat' dir='ltr'>vt</span> <span class='ocrx_word' id='word_1_141' title='bbox 1016 1572 1180 1610; x_wconf 90' lang='lat' dir='ltr'>merito</span> <span class='ocrx_word' id='word_1_142' title='bbox 1216 1570 1464 1610; x_wconf 91' lang='lat' dir='ltr'>dolendum</span> <span class='ocrx_word' id='word_1_143' title='bbox 1499 1570 1556 1610; x_wconf 90' lang='lat' dir='ltr'>sit</span> <span class='ocrx_word' id='word_1_144' title='bbox 1586 1571 1710 1621; x_wconf 78' lang='lat' dir='ltr'>qaod</span> <span class='ocrx_word' id='word_1_145' title='bbox 1729 1571 1870 1622; x_wconf 89' lang='lat' dir='ltr'>pauci</span> 
     </span>
     <span class='ocr_line' id='line_1_20' title="bbox 241 1641 1864 1694; baseline 0.001 -13"><span class='ocrx_word' id='word_1_146' title='bbox 241 1643 331 1682; x_wconf 86' lang='lat' dir='ltr'>sint</span> <span class='ocrx_word' id='word_1_147' title='bbox 352 1643 566 1694; x_wconf 85' lang='lat' dir='ltr'>operarii,</span> <span class='ocrx_word' id='word_1_148' title='bbox 604 1643 679 1693; x_wconf 92' lang='lat' dir='ltr'>qui</span> <span class='ocrx_word' id='word_1_149' title='bbox 717 1643 921 1681; x_wconf 87' lang='lat' dir='ltr'>omnium</span> <span class='ocrx_word' id='word_1_150' title='bbox 957 1641 1198 1681; x_wconf 89' lang='lat' dir='ltr'>desideriis</span> <span class='ocrx_word' id='word_1_151' title='bbox 1234 1653 1325 1680; x_wconf 89' lang='lat' dir='ltr'>non</span> <span class='ocrx_word' id='word_1_152' title='bbox 1361 1642 1539 1692; x_wconf 82' lang='lat' dir='ltr'>possint</span> <span class='ocrx_word' id='word_1_153' title='bbox 1573 1641 1864 1682; x_wconf 80' lang='lat' dir='ltr'>satisfacere:</span> 
     </span>
     <span class='ocr_line' id='line_1_21' title="bbox 241 1711 1865 1763; baseline -0.001 -10"><span class='ocrx_word' id='word_1_154' title='bbox 241 1714 371 1753; x_wconf 87' lang='lat' dir='ltr'>multi</span> <span class='ocrx_word' id='word_1_155' title='bbox 405 1714 543 1753; x_wconf 73' lang='lat' dir='ltr'>etsam</span> <span class='ocrx_word' id='word_1_156' title='bbox 576 1717 736 1752; x_wconf 71' lang='lat' dir='ltr'>mutuo</span> <span class='ocrx_word' id='word_1_157' title='bbox 765 1713 814 1752; x_wconf 76' lang='grc' dir='ltr'>[ἰι</span> <span class='ocrx_word' id='word_1_158' title='bbox 844 1713 1059 1763; x_wconf 70' lang='lat' dir='ltr'>gratiam</span> <span class='ocrx_word' id='word_1_159' title='bbox 1095 1712 1356 1761; x_wconf 71' lang='lat' dir='ltr'>redieruut,</span> <span class='ocrx_word' id='word_1_160' title='bbox 1375 1713 1495 1752; x_wconf 85' lang='lat' dir='ltr'>inter</span> <span class='ocrx_word' id='word_1_161' title='bbox 1517 1723 1632 1763; x_wconf 92' lang='lat' dir='ltr'>quos</span> <span class='ocrx_word' id='word_1_162' title='bbox 1654 1711 1865 1752; x_wconf 87' lang='lat' dir='ltr'>diabolus</span> 
     </span>
     <span class='ocr_line' id='line_1_22' title="bbox 239 1783 1864 1835; baseline -0.001 -11"><span class='ocrx_word' id='word_1_163' title='bbox 239 1785 495 1825; x_wconf 85' lang='lat' dir='ltr'>discordias</span> <span class='ocrx_word' id='word_1_164' title='bbox 512 1786 840 1824; x_wconf 86' lang='lat' dir='ltr'>seminauerat:</span> <span class='ocrx_word' id='word_1_165' title='bbox 867 1785 943 1824; x_wconf 86' lang='lat' dir='ltr'>alii</span> <span class='ocrx_word' id='word_1_166' title='bbox 965 1784 1162 1835; x_wconf 83' lang='lat' dir='ltr'>denique</span> <span class='ocrx_word' id='word_1_167' title='bbox 1184 1784 1330 1833; x_wconf 80' lang='lat' dir='ltr'>gratis</span> <span class='ocrx_word' id='word_1_168' title='bbox 1355 1784 1563 1830; x_wconf 77' lang='lat' dir='ltr'>iniurias,</span> <span class='ocrx_word' id='word_1_169' title='bbox 1590 1790 1633 1823; x_wconf 91' lang='lat' dir='ltr'>et</span> <span class='ocrx_word' id='word_1_170' title='bbox 1660 1783 1750 1823; x_wconf 90' lang='lat' dir='ltr'>alia</span> <span class='ocrx_word' id='word_1_171' title='bbox 1772 1795 1864 1823; x_wconf 89' lang='lat' dir='ltr'>non</span> 
     </span>
     <span class='ocr_line' id='line_1_23' title="bbox 245 1854 1863 1904; baseline -0.001 -9"><span class='ocrx_word' id='word_1_172' title='bbox 245 1856 433 1895; x_wconf 88' lang='lat' dir='ltr'>minima</span> <span class='ocrx_word' id='word_1_173' title='bbox 470 1856 555 1895; x_wconf 88' lang='lat' dir='ltr'>sibi</span> <span class='ocrx_word' id='word_1_174' title='bbox 590 1855 713 1894; x_wconf 79' lang='lat' dir='ltr'>facta</span> <span class='ocrx_word' id='word_1_175' title='bbox 749 1862 1044 1904; x_wconf 87' lang='lat' dir='ltr'>nocumenta,</span> <span class='ocrx_word' id='word_1_176' title='bbox 1080 1855 1428 1904; x_wconf 71' lang='lat' dir='ltr'>condonarunt,</span> <span class='ocrx_word' id='word_1_177' title='bbox 1463 1854 1586 1893; x_wconf 72' lang='lat' dir='ltr'>inter</span> <span class='ocrx_word' id='word_1_178' title='bbox 1620 1865 1736 1904; x_wconf 73' lang='lat' dir='ltr'>qaae</span> <span class='ocrx_word' id='word_1_179' title='bbox 1758 1855 1863 1904; x_wconf 75' lang='lat' dir='ltr'>suit</span> 
     </span>
     <span class='ocr_line' id='line_1_24' title="bbox 245 1925 1322 1978; baseline -0.002 -12"><span class='ocrx_word' id='word_1_180' title='bbox 245 1927 478 1978; x_wconf 79' lang='lat' dir='ltr'>quoddam</span> <span class='ocrx_word' id='word_1_181' title='bbox 496 1927 795 1966; x_wconf 86' lang='lat' dir='ltr'>homicidium</span> <span class='ocrx_word' id='word_1_182' title='bbox 818 1938 908 1966; x_wconf 91' lang='lat' dir='ltr'>non</span> <span class='ocrx_word' id='word_1_183' title='bbox 930 1926 1065 1977; x_wconf 87' lang='lat' dir='ltr'>parui</span> <span class='ocrx_word' id='word_1_184' title='bbox 1087 1925 1322 1966; x_wconf 89' lang='lat' dir='ltr'>momenti.</span> 
     </span>
    </p>

    <p class='ocr_par' dir='ltr' id='par_1_5' title="bbox 232 1995 1868 2886">
     <span class='ocr_line' id='line_1_25' title="bbox 318 1995 1865 2048; baseline 0 -11"><span class='ocrx_word' id='word_1_185' title='bbox 318 1998 387 2037; x_wconf 90' lang='lat' dir='ltr'>De</span> <span class='ocrx_word' id='word_1_186' title='bbox 411 1998 713 2037; x_wconf 82' lang='lat' dir='ltr'>concionibus</span> <span class='ocrx_word' id='word_1_187' title='bbox 745 2004 899 2037; x_wconf 86' lang='lat' dir='ltr'>autem</span> <span class='ocrx_word' id='word_1_188' title='bbox 922 2003 971 2036; x_wconf 82' lang='lat' dir='ltr'>vt</span> <span class='ocrx_word' id='word_1_189' title='bbox 994 1997 1167 2048; x_wconf 86' lang='lat' dir='ltr'>aliquid</span> <span class='ocrx_word' id='word_1_190' title='bbox 1189 1996 1357 2042; x_wconf 81' lang='lat' dir='ltr'>dicam,</span> <span class='ocrx_word' id='word_1_191' title='bbox 1390 1995 1526 2036; x_wconf 87' lang='lat' dir='ltr'>Pater</span> <span class='ocrx_word' id='word_1_192' title='bbox 1548 2003 1708 2036; x_wconf 88' lang='lat' dir='ltr'>noster</span> <span class='ocrx_word' id='word_1_193' title='bbox 1738 1996 1865 2037; x_wconf 85' lang='lat' dir='ltr'>Basi-</span> 
     </span>
     <span class='ocr_line' id='line_1_26' title="bbox 240 2067 1866 2119; baseline -0.001 -11"><span class='ocrx_word' id='word_1_194' title='bbox 240 2070 326 2108; x_wconf 89' lang='lat' dir='ltr'>lius</span> <span class='ocrx_word' id='word_1_195' title='bbox 349 2080 458 2108; x_wconf 86' lang='lat' dir='ltr'>suas</span> <span class='ocrx_word' id='word_1_196' title='bbox 481 2068 538 2107; x_wconf 88' lang='lat' dir='ltr'>ad</span> <span class='ocrx_word' id='word_1_197' title='bbox 561 2069 779 2119; x_wconf 88' lang='lat' dir='ltr'>populum</span> <span class='ocrx_word' id='word_1_198' title='bbox 803 2068 1051 2107; x_wconf 83' lang='lat' dir='ltr'>conciones</span> <span class='ocrx_word' id='word_1_199' title='bbox 1081 2067 1232 2107; x_wconf 80' lang='lat' dir='ltr'>adbuc</span> <span class='ocrx_word' id='word_1_200' title='bbox 1260 2067 1580 2118; x_wconf 87' lang='lat' dir='ltr'>prosequitur,</span> <span class='ocrx_word' id='word_1_201' title='bbox 1614 2078 1671 2106; x_wconf 86' lang='lat' dir='ltr'>ex</span> <span class='ocrx_word' id='word_1_202' title='bbox 1699 2067 1866 2118; x_wconf 90' lang='lat' dir='ltr'>quibus</span> 
     </span>
     <span class='ocr_line' id='line_1_27' title="bbox 238 2137 1865 2189; baseline -0.001 -11"><span class='ocrx_word' id='word_1_203' title='bbox 238 2140 319 2179; x_wconf 79' lang='lat' dir='ltr'>vix</span> <span class='ocrx_word' id='word_1_204' title='bbox 341 2139 407 2188; x_wconf 85' lang='lat' dir='ltr'>(vt</span> <span class='ocrx_word' id='word_1_205' title='bbox 428 2150 590 2178; x_wconf 88' lang='lat' dir='ltr'>uerum</span> <span class='ocrx_word' id='word_1_206' title='bbox 612 2138 777 2188; x_wconf 87' lang='lat' dir='ltr'>fatear)</span> <span class='ocrx_word' id='word_1_207' title='bbox 797 2138 887 2177; x_wconf 89' lang='lat' dir='ltr'>dici</span> <span class='ocrx_word' id='word_1_208' title='bbox 910 2144 1060 2189; x_wconf 90' lang='lat' dir='ltr'>potest</span> <span class='ocrx_word' id='word_1_209' title='bbox 1083 2144 1307 2189; x_wconf 89' lang='lat' dir='ltr'>quantum</span> <span class='ocrx_word' id='word_1_210' title='bbox 1328 2137 1540 2177; x_wconf 86' lang='lat' dir='ltr'>Vtilitatis</span> <span class='ocrx_word' id='word_1_211' title='bbox 1570 2137 1865 2177; x_wconf 88' lang='lat' dir='ltr'>audientibus</span> 
     </span>
     <span class='ocr_line' id='line_1_28' title="bbox 232 2207 1867 2261; baseline -0.001 -12"><span class='ocrx_word' id='word_1_212' title='bbox 232 2210 501 2261; x_wconf 69' lang='lat' dir='ltr'>proueniat.</span> <span class='ocrx_word' id='word_1_213' title='bbox 520 2209 620 2249; x_wconf 83' lang='lat' dir='ltr'>Hac</span> <span class='ocrx_word' id='word_1_214' title='bbox 639 2211 848 2260; x_wconf 76' lang='lat' dir='ltr'>proxime</span> <span class='ocrx_word' id='word_1_215' title='bbox 866 2210 1022 2260; x_wconf 88' lang='lat' dir='ltr'>elapsa</span> <span class='ocrx_word' id='word_1_216' title='bbox 1042 2208 1402 2259; x_wconf 71' lang='lat' dir='ltr'>quadragesima</span> <span class='ocrx_word' id='word_1_217' title='bbox 1417 2215 1573 2247; x_wconf 86' lang='lat' dir='ltr'>ternas</span> <span class='ocrx_word' id='word_1_218' title='bbox 1590 2207 1685 2247; x_wconf 89' lang='lat' dir='ltr'>fere</span> <span class='ocrx_word' id='word_1_219' title='bbox 1706 2208 1867 2248; x_wconf 86' lang='lat' dir='ltr'>habuit</span> 
     </span>
     <span class='ocr_line' id='line_1_29' title="bbox 238 2279 1868 2331; baseline -0.001 -11"><span class='ocrx_word' id='word_1_220' title='bbox 238 2282 487 2321; x_wconf 88' lang='lat' dir='ltr'>conciones</span> <span class='ocrx_word' id='word_1_221' title='bbox 509 2291 786 2331; x_wconf 88' lang='lat' dir='ltr'>vnaquaque</span> <span class='ocrx_word' id='word_1_222' title='bbox 809 2279 1114 2329; x_wconf 85' lang='lat' dir='ltr'>hebdomada,</span> <span class='ocrx_word' id='word_1_223' title='bbox 1146 2290 1252 2318; x_wconf 90' lang='lat' dir='ltr'>cum</span> <span class='ocrx_word' id='word_1_224' title='bbox 1280 2289 1452 2329; x_wconf 83' lang='lat' dir='ltr'>magno</span> <span class='ocrx_word' id='word_1_225' title='bbox 1483 2279 1737 2329; x_wconf 90' lang='lat' dir='ltr'>hominum,</span> <span class='ocrx_word' id='word_1_226' title='bbox 1774 2290 1868 2319; x_wconf 81' lang='lat' dir='ltr'>ma-</span> 
     </span>
     <span class='ocr_line' id='line_1_30' title="bbox 242 2343 1865 2400; baseline -0.001 -10"><span class='ocrx_word' id='word_1_227' title='bbox 242 2352 363 2390; x_wconf 80' lang='lat' dir='ltr'>xime</span> <span class='ocrx_word' id='word_1_228' title='bbox 385 2352 689 2400; x_wconf 86' lang='lat' dir='ltr'>literatorum,</span> <span class='ocrx_word' id='word_1_229' title='bbox 721 2358 965 2400; x_wconf 79' lang='lat' dir='ltr'>concursu;</span> <span class='ocrx_word' id='word_1_230' title='bbox 997 2343 1205 2399; x_wconf 72' lang='lat' dir='ltr'>sing&#39;ulas</span> <span class='ocrx_word' id='word_1_231' title='bbox 1237 2356 1390 2389; x_wconf 90' lang='lat' dir='ltr'>autem</span> <span class='ocrx_word' id='word_1_232' title='bbox 1417 2349 1579 2389; x_wconf 90' lang='lat' dir='ltr'>habuit</span> <span class='ocrx_word' id='word_1_233' title='bbox 1606 2349 1652 2388; x_wconf 93' lang='lat' dir='ltr'>in</span> <span class='ocrx_word' id='word_1_234' title='bbox 1680 2361 1865 2389; x_wconf 72' lang='lat' dir='ltr'>summa</span> 
     </span>
     <span class='ocr_line' id='line_1_31' title="bbox 239 2419 1867 2472; baseline -0.001 -11"><span class='ocrx_word' id='word_1_235' title='bbox 239 2423 435 2461; x_wconf 82' lang='lat' dir='ltr'>ecclesia</span> <span class='ocrx_word' id='word_1_236' title='bbox 459 2433 563 2461; x_wconf 86' lang='lat' dir='ltr'>cum</span> <span class='ocrx_word' id='word_1_237' title='bbox 584 2432 633 2460; x_wconf 84' lang='lat' dir='ltr'>eo</span> <span class='ocrx_word' id='word_1_238' title='bbox 657 2421 821 2472; x_wconf 88' lang='lat' dir='ltr'>spiritu</span> <span class='ocrx_word' id='word_1_239' title='bbox 844 2433 898 2460; x_wconf 81' lang='lat' dir='ltr'>ac</span> <span class='ocrx_word' id='word_1_240' title='bbox 927 2420 1125 2468; x_wconf 88' lang='lat' dir='ltr'>feruore,</span> <span class='ocrx_word' id='word_1_241' title='bbox 1151 2419 1205 2459; x_wconf 89' lang='lat' dir='ltr'>de</span> <span class='ocrx_word' id='word_1_242' title='bbox 1229 2431 1318 2471; x_wconf 91' lang='lat' dir='ltr'>quo</span> <span class='ocrx_word' id='word_1_243' title='bbox 1348 2420 1450 2459; x_wconf 86' lang='lat' dir='ltr'>aliis</span> <span class='ocrx_word' id='word_1_244' title='bbox 1481 2419 1687 2471; x_wconf 90' lang='lat' dir='ltr'>epistolis</span> <span class='ocrx_word' id='word_1_245' title='bbox 1715 2419 1867 2460; x_wconf 77' lang='lat' dir='ltr'>factus</span> 
     </span>
     <span class='ocr_line' id='line_1_32' title="bbox 239 2490 1863 2542; baseline -0.001 -10"><span class='ocrx_word' id='word_1_246' title='bbox 239 2504 288 2532; x_wconf 90' lang='lat' dir='ltr'>es</span> <span class='ocrx_word' id='word_1_247' title='bbox 311 2494 495 2533; x_wconf 87' lang='lat' dir='ltr'>certior.</span> <span class='ocrx_word' id='word_1_248' title='bbox 522 2493 655 2532; x_wconf 81' lang='lat' dir='ltr'>Pater</span> <span class='ocrx_word' id='word_1_249' title='bbox 678 2493 818 2531; x_wconf 91' lang='lat' dir='ltr'>etiam</span> <span class='ocrx_word' id='word_1_250' title='bbox 839 2498 996 2531; x_wconf 84' lang='lat' dir='ltr'>noster</span> <span class='ocrx_word' id='word_1_251' title='bbox 1021 2491 1341 2541; x_wconf 80' lang='lat' dir='ltr'>Prouinciaiis,</span> <span class='ocrx_word' id='word_1_252' title='bbox 1372 2490 1448 2541; x_wconf 86' lang='lat' dir='ltr'>qui</span> <span class='ocrx_word' id='word_1_253' title='bbox 1472 2502 1616 2541; x_wconf 88' lang='lat' dir='ltr'>usque</span> <span class='ocrx_word' id='word_1_254' title='bbox 1639 2490 1698 2531; x_wconf 87' lang='lat' dir='ltr'>ad</span> <span class='ocrx_word' id='word_1_255' title='bbox 1729 2502 1863 2542; x_wconf 91' lang='lat' dir='ltr'>quar-</span> 
     </span>
     <span class='ocr_line' id='line_1_33' title="bbox 238 2561 1861 2614; baseline -0.001 -11"><span class='ocrx_word' id='word_1_256' title='bbox 238 2575 335 2603; x_wconf 88' lang='lat' dir='ltr'>tum</span> <span class='ocrx_word' id='word_1_257' title='bbox 356 2564 458 2603; x_wconf 83' lang='lat' dir='ltr'>idus</span> <span class='ocrx_word' id='word_1_258' title='bbox 480 2563 655 2614; x_wconf 74' lang='lat' dir='ltr'>Aprilis</span> <span class='ocrx_word' id='word_1_259' title='bbox 669 2563 910 2602; x_wconf 86' lang='lat' dir='ltr'>nobiscum</span> <span class='ocrx_word' id='word_1_260' title='bbox 929 2562 1026 2612; x_wconf 89' lang='lat' dir='ltr'>fuit,</span> <span class='ocrx_word' id='word_1_261' title='bbox 1049 2562 1154 2601; x_wconf 83' lang='lat' dir='ltr'>licet</span> <span class='ocrx_word' id='word_1_262' title='bbox 1172 2562 1274 2601; x_wconf 87' lang='lat' dir='ltr'>aliis</span> <span class='ocrx_word' id='word_1_263' title='bbox 1291 2561 1429 2601; x_wconf 89' lang='lat' dir='ltr'>rebus</span> <span class='ocrx_word' id='word_1_264' title='bbox 1449 2561 1608 2601; x_wconf 87' lang='lat' dir='ltr'>arduis</span> <span class='ocrx_word' id='word_1_265' title='bbox 1629 2561 1726 2601; x_wconf 88' lang='lat' dir='ltr'>fere</span> <span class='ocrx_word' id='word_1_266' title='bbox 1748 2573 1861 2602; x_wconf 59' lang='lat' dir='ltr'>semv</span> 
     </span>
     <span class='ocr_line' id='line_1_34' title="bbox 241 2631 1867 2686; baseline 0 -13"><span class='ocrx_word' id='word_1_267' title='bbox 241 2646 320 2686; x_wconf 87' lang='lat' dir='ltr'>per</span> <span class='ocrx_word' id='word_1_268' title='bbox 342 2635 586 2673; x_wconf 85' lang='lat' dir='ltr'>immersus</span> <span class='ocrx_word' id='word_1_269' title='bbox 610 2646 662 2673; x_wconf 87' lang='lat' dir='ltr'>ac</span> <span class='ocrx_word' id='word_1_270' title='bbox 686 2646 769 2673; x_wconf 93' lang='lat' dir='ltr'>suo</span> <span class='ocrx_word' id='word_1_271' title='bbox 786 2641 975 2685; x_wconf 89' lang='lat' dir='ltr'>pectore</span> <span class='ocrx_word' id='word_1_272' title='bbox 997 2632 1230 2682; x_wconf 78' lang='lat' dir='ltr'>laborans,</span> <span class='ocrx_word' id='word_1_273' title='bbox 1257 2632 1437 2683; x_wconf 85' lang='lat' dir='ltr'>aliquas</span> <span class='ocrx_word' id='word_1_274' title='bbox 1460 2632 1620 2671; x_wconf 87' lang='lat' dir='ltr'>habuit</span> <span class='ocrx_word' id='word_1_275' title='bbox 1643 2631 1701 2671; x_wconf 86' lang='lat' dir='ltr'>ad</span> <span class='ocrx_word' id='word_1_276' title='bbox 1722 2644 1867 2684; x_wconf 89' lang='lat' dir='ltr'>popu·</span> 
     </span>
     <span class='ocr_line' id='line_1_35' title="bbox 241 2702 1867 2754; baseline -0.001 -10"><span class='ocrx_word' id='word_1_277' title='bbox 241 2706 333 2744; x_wconf 90' lang='lat' dir='ltr'>lum</span> <span class='ocrx_word' id='word_1_278' title='bbox 356 2704 604 2743; x_wconf 67' lang='lat' dir='ltr'>conciones</span> <span class='ocrx_word' id='word_1_279' title='bbox 627 2705 670 2743; x_wconf 88' lang='lat' dir='ltr'>in</span> <span class='ocrx_word' id='word_1_280' title='bbox 693 2705 849 2743; x_wconf 77' lang='lat' dir='ltr'>eedem</span> <span class='ocrx_word' id='word_1_281' title='bbox 877 2714 1059 2743; x_wconf 64' lang='lat' dir='ltr'>§tammo</span> <span class='ocrx_word' id='word_1_282' title='bbox 1082 2702 1253 2753; x_wconf 77' lang='lat' dir='ltr'>templo</span> <span class='ocrx_word' id='word_1_283' title='bbox 1285 2706 1329 2742; x_wconf 86' lang='lat' dir='ltr'>et</span> <span class='ocrx_word' id='word_1_284' title='bbox 1357 2702 1459 2742; x_wconf 85' lang='lat' dir='ltr'>aliis</span> <span class='ocrx_word' id='word_1_285' title='bbox 1488 2703 1737 2754; x_wconf 86' lang='lat' dir='ltr'>parochiis,</span> <span class='ocrx_word' id='word_1_286' title='bbox 1762 2715 1867 2743; x_wconf 79' lang='lat' dir='ltr'>cuni</span> 
     </span>
     <span class='ocr_line' id='line_1_36' title="bbox 243 2759 1868 2826; baseline -0.001 -11"><span class='ocrx_word' id='word_1_287' title='bbox 243 2776 446 2815; x_wconf 86' lang='lat' dir='ltr'>omnium</span> <span class='ocrx_word' id='word_1_288' title='bbox 470 2759 788 2815; x_wconf 82' lang='lat' dir='ltr'>satisfactione</span> <span class='ocrx_word' id='word_1_289' title='bbox 819 2782 956 2826; x_wconf 89' lang='lat' dir='ltr'>atque</span> <span class='ocrx_word' id='word_1_290' title='bbox 991 2774 1172 2825; x_wconf 80' lang='lat' dir='ltr'>gratia.</span> <span class='ocrx_word' id='word_1_291' title='bbox 1212 2773 1311 2813; x_wconf 92' lang='lat' dir='ltr'>Deo</span> <span class='ocrx_word' id='word_1_292' title='bbox 1346 2773 1432 2824; x_wconf 91' lang='lat' dir='ltr'>ipsi</span> <span class='ocrx_word' id='word_1_293' title='bbox 1466 2773 1619 2824; x_wconf 85' lang='lat' dir='ltr'>gloria</span> <span class='ocrx_word' id='word_1_294' title='bbox 1642 2774 1688 2814; x_wconf 92' lang='lat' dir='ltr'>in</span> <span class='ocrx_word' id='word_1_295' title='bbox 1709 2776 1868 2814; x_wconf 86' lang='lat' dir='ltr'>secula</span> 
     </span>
     <span class='ocr_line' id='line_1_37' title="bbox 247 2847 525 2886; baseline -0.011 0"><span class='ocrx_word' id='word_1_296' title='bbox 247 2847 525 2886; x_wconf 90' lang='lat' dir='ltr'>seculorum.</span> 
     </span>
    </p>

    <p class='ocr_par' dir='ltr' id='par_1_6' title="bbox 246 2914 1868 3108">
     <span class='ocr_line' id='line_1_38' title="bbox 325 2914 1867 2966; baseline 0 -11"><span class='ocrx_word' id='word_1_297' title='bbox 325 2916 415 2956; x_wconf 80' lang='lat' dir='ltr'>Sed</span> <span class='ocrx_word' id='word_1_298' title='bbox 445 2923 494 2955; x_wconf 83' lang='lat' dir='ltr'>vt</span> <span class='ocrx_word' id='word_1_299' title='bbox 525 2917 580 2956; x_wconf 91' lang='lat' dir='ltr'>de</span> <span class='ocrx_word' id='word_1_300' title='bbox 611 2916 980 2966; x_wconf 82' lang='lat' dir='ltr'>ingredientibus</span> <span class='ocrx_word' id='word_1_301' title='bbox 1015 2915 1297 2956; x_wconf 85' lang='lat' dir='ltr'>Societatem</span> <span class='ocrx_word' id='word_1_302' title='bbox 1330 2921 1373 2954; x_wconf 92' lang='lat' dir='ltr'>te</span> <span class='ocrx_word' id='word_1_303' title='bbox 1405 2914 1651 2954; x_wconf 89' lang='lat' dir='ltr'>certiorem</span> <span class='ocrx_word' id='word_1_304' title='bbox 1682 2915 1867 2964; x_wconf 88' lang='lat' dir='ltr'>faciam,</span> 
     </span>
     <span class='ocr_line' id='line_1_39' title="bbox 250 2985 1866 3037; baseline -0.001 -10"><span class='ocrx_word' id='word_1_305' title='bbox 250 2999 341 3027; x_wconf 90' lang='lat' dir='ltr'>non</span> <span class='ocrx_word' id='word_1_306' title='bbox 363 2987 499 3037; x_wconf 90' lang='lat' dir='ltr'>pauci</span> <span class='ocrx_word' id='word_1_307' title='bbox 521 2987 670 3026; x_wconf 89' lang='lat' dir='ltr'>bonae</span> <span class='ocrx_word' id='word_1_308' title='bbox 692 2988 859 3027; x_wconf 89' lang='lat' dir='ltr'>indolis</span> <span class='ocrx_word' id='word_1_309' title='bbox 887 2987 1078 3026; x_wconf 81' lang='lat' dir='ltr'>iuuenes</span> <span class='ocrx_word' id='word_1_310' title='bbox 1100 2986 1158 3025; x_wconf 88' lang='lat' dir='ltr'>ad</span> <span class='ocrx_word' id='word_1_311' title='bbox 1180 2985 1300 3024; x_wconf 92' lang='lat' dir='ltr'>illius</span> <span class='ocrx_word' id='word_1_312' title='bbox 1321 2985 1585 3035; x_wconf 84' lang='lat' dir='ltr'>ingressum</span> <span class='ocrx_word' id='word_1_313' title='bbox 1606 2986 1719 3025; x_wconf 91' lang='lat' dir='ltr'>moti</span> <span class='ocrx_word' id='word_1_314' title='bbox 1746 2994 1866 3026; x_wconf 89' lang='lat' dir='ltr'>sunt:</span> 
     </span>
     <span class='ocr_line' id='line_1_40' title="bbox 246 3055 1868 3108; baseline 0 -11"><span class='ocrx_word' id='word_1_315' title='bbox 246 3060 482 3108; x_wconf 86' lang='lat' dir='ltr'>hucusque</span> <span class='ocrx_word' id='word_1_316' title='bbox 505 3064 659 3097; x_wconf 88' lang='lat' dir='ltr'>tamen</span> <span class='ocrx_word' id='word_1_317' title='bbox 682 3064 867 3108; x_wconf 88' lang='lat' dir='ltr'>praeter</span> <span class='ocrx_word' id='word_1_318' title='bbox 889 3057 1020 3107; x_wconf 86' lang='lat' dir='ltr'>duos,</span> <span class='ocrx_word' id='word_1_319' title='bbox 1045 3057 1121 3108; x_wconf 91' lang='lat' dir='ltr'>qui</span> <span class='ocrx_word' id='word_1_320' title='bbox 1144 3055 1410 3096; x_wconf 84' lang='lat' dir='ltr'>Cordubam</span> <span class='ocrx_word' id='word_1_321' title='bbox 1432 3055 1660 3107; x_wconf 89' lang='lat' dir='ltr'>adierunt,</span> <span class='ocrx_word' id='word_1_322' title='bbox 1681 3056 1868 3107; x_wconf 87' lang='lat' dir='ltr'>quidam</span> 
     </span>
    </p>
   </div>
  </div>
 </body>
</html>
