2020 3342
840 247 922 283 AN.
955 246 1044 283 1556
1691 242 1756 279 121

218 345 287 387 Sit
309 357 491 397 semper
512 346 614 385 laus
634 345 784 384 honor
804 349 848 383 et
869 342 1019 393 gloria
1048 341 1148 381 Deo
1175 346 1218 380 et
1239 339 1440 380 Domino
1468 344 1628 378 nostro
1649 337 1759 390 Jesu

127 416 255 469 Xpo.
278 417 324 480 in
346 416 547 456 saecula.
571 415 738 455 Amen.

347 486 593 526 Ferrariae
613 485 637 524 7
659 485 719 525 id.
742 483 985 525 Februarii
1005 481 1118 522 1556.

770 555 823 595 T.
847 554 900 594 R.
924 553 973 594 Ρ.
996 552 1171 593 inutilis
1192 562 1370 601 seruus,

1074 694 1340 735 AMBRosws
1361 692 1649 732 Purmemcs.

217 912 278 951 In
310 914 484 962 quarta
510 910 698 961 pagz'mz
727 909 826 949 loco
855 905 1294 959 superscmptzom‘s:
1324 906 1351 951 †
1385 903 1762 954 Quadrimestres

126 981 447 1022 ferrarienses.

214 1051 326 1092 Alia
346 1063 509 1091 mamt:
540 1050 653 1091 1556.
678 1050 910 1090 Ferraria.
935 1047 1309 1099 Quadrimestres
1329 1046 1352 1085 7
1373 1044 1630 1085 Februarii.

766 1473 1121 1530 GDLXXIX

200 1705 236 1742 F
238 1706 465 1743 ranciscus
484 1703 734 1752 Stephanus

245 1771 368 1808 Patri
381 1770 550 1818 Ignatio
566 1770 620 1807 de
639 1770 822 1817 Loyola.

295 1836 514 1879 Messana,
534 1835 558 1872 9
575 1835 805 1872 Februarii
825 1834 915 1871 1556
934 1834 958 1870 ¹.

882 1989 979 2066 ulis

205 2188 305 2230 Pax
326 2190 513 2230 Christi.

215 2261 541 2313 Praescriptae
562 2261 805 2301 breuitatis
833 2270 1010 2300 memor
1047 2257 1355 2307 (obseruande
1389 2257 1435 2296 in
1462 2255 1647 2296 Christo
1668 2256 1751 2295 Pa*

134 2332 236 2382 ter),
261 2333 446 2372 omissis
461 2333 632 2382 multis,
652 2343 770 2383 quae
789 2331 995 2382 alioquin
1015 2341 1164 2381 parua
1184 2340 1276 2368 non
1292 2333 1413 2378 sunt,
1433 2339 1487 2367 ea
1509 2327 1753 2366 dumtaxat

133 2402 302 2453 dicam,
327 2414 445 2454 quae
466 2403 775 2454 praetermitti
796 2402 982 2442 omnino
1003 2413 1094 2441 non
1116 2405 1325 2452 possunt.

208 2473 364 2526 Atque
393 2480 442 2515 ut
471 2487 498 2515 a
528 2474 702 2514 scholis
735 2484 916 2513 sumam
950 2472 1145 2521 initium,
1175 2470 1325 2511 maior
1350 2476 1418 2510 est
1440 2480 1576 2518 nune,
1612 2480 1752 2519 quam

122 2545 263 2585 fuerit
283 2557 503 2597 unquam,
528 2545 811 2585 studentium
831 2555 1066 2592 numerus,
1096 2553 1211 2594 quos
1242 2540 1381 2581 credo
1403 2546 1627 2580 attractos
1654 2545 1751 2578 tum

128 2615 186 2656 ob
208 2617 466 2657 orationem
487 2621 532 2656 et
551 2616 692 2656 trium
712 2616 979 2666 linguarum
995 2613 1219 2663 carmina,
1244 2623 1362 2663 quae
1386 2613 1450 2660 (ut
1472 2622 1572 2650 mos
1592 2616 1752 2650 noster

126 2698 311 2738 semper
330 2687 430 2735 fuit)
452 2687 595 2727 initiis
616 2686 874 2726 studiorum
894 2696 1052 2725 mense
1073 2683 1264 2724 Octobri
1280 2682 1475 2723 recitata
1491 2681 1634 2732 fue1·e;
1653 2687 1751 2720 turn

130 2758 334 2798 maxime
351 2758 408 2798 ob
425 2769 597 2798 nouam
614 2756 864 2808 quamdam
878 2755 1098 2806 fabulam,
1118 2766 1210 2794 non
1225 2753 1377 2793 minus
1391 2752 1594 2793 facetam
1611 2763 1751 2803 quam

127 2827 447 2878 artificiosam,
470 2840 589 2880 quae
610 2828 674 2868 ita
694 2828 861 2867 decore
890 2832 933 2866 et
954 2831 1149 2866 venuste
1175 2830 1244 2865 est
1270 2824 1316 2864 in
1343 2824 1515 2875 templo
1541 2828 1699 2862 nostro
1722 2834 1749 2860 a

130 2899 295 2950 pueris
316 2906 435 2949 acta,
459 2905 509 2938 ut
529 2898 602 2938 uel
622 2899 653 2938 ii
680 2898 757 2949 qui
791 2897 1004 2937 doctrina
1036 2895 1212 2948 pariter
1233 2907 1288 2935 ac
1321 2893 1576 2934 nobilitatis
1603 2893 1752 2944 splen-

174 3057 187 3078 ¹
233 3058 482 3091 Autozraphae
498 3058 621 3092 duplici
637 3057 727 3092 folio,
743 3065 797 3084 nn.
814 3057 864 3084 144
878 3061 910 3084 et
927 3057 988 3084 1⁴15.
