2020 3342
249 231 318 268 1⁶26
757 231 984 268 Lirreamt
1009 242 1369 275 QUADRIMESTRES

248 329 489 370 doctrinae
520 330 803 371 christianae
824 331 1085 370 rudimenta
1114 335 1319 379 nossent,
1353 329 1416 369 ita
1444 336 1550 370 sunt
1581 330 1794 380 permoti,
1818 336 1876 370 vt:

248 400 357 441 licet
379 401 462 441 sub
484 401 559 441 dio
581 408 750 449 essent,
774 403 904 441 locus
926 406 1047 440 esset
1069 401 1164 440 luto
1185 401 1362 451 plenus,
1387 406 1430 440 et
1452 407 1562 440 tunc
1583 401 1723 440 etiam
1745 402 1867 451 plue—

247 477 333 521 ret,
352 472 397 511 in
416 478 589 511 terram
606 478 761 512 tamen
778 483 952 521 omnes,
972 471 1049 523 qui
1067 471 1131 521 (ut
1148 472 1236 511 fert
1253 470 1391 520 fama)
1410 472 1566 522 plures
1588 478 1720 511 erant
1734 483 1881 522 quam

248 542 319 581 bis
340 543 477 591 mille,
501 555 593 582 uno
616 544 819 582 clamore
839 542 1033 593 parique
1054 542 1180 581 luctu
1201 541 1511 593 procidentes,
1530 549 1776 593 utrumque
1797 542 1876 582 fle-

247 624 361 652 xere
381 624 519 664 genu,
544 613 590 653 in
612 615 791 653 coelum
813 626 861 652 se
881 620 924 652 et
946 624 1105 653 coram
1122 613 1323 652 Domino
1341 624 1562 664 peccasse
1584 613 1874 654 confitentes*

327 683 418 723 Sed
439 695 586 734 neque
607 685 653 724 in
684 685 833 735 ripam
861 684 1005 723 maris
1034 685 1197 733 solum,
1230 695 1394 723 verum
1416 683 1556 723 etiam
1582 684 1629 723 in
1657 695 1881 724 carceres,

248 766 394 806 Vsque
416 762 459 795 et
476 756 689 795 triremes
706 755 890 794 dilectio
908 766 1010 794 sese
1027 755 1275 806 protendit:
1297 767 1385 805 quo
1406 755 1592 806 saepius
1609 755 1746 794 etiam
1763 767 1871 794 ven-

247 833 346 866 tum
367 833 450 875 est,
475 833 523 866 ut
550 827 828 866 docerentur
858 831 953 865 tam
975 826 1120 873 multi,
1150 825 1227 876 qui
1255 825 1495 865 doctrinae
1527 825 1698 866 Christi
1726 837 1880 877 Vsque>

247 896 364 936 adeo
396 903 501 936 sunt
531 897 697 947 ignari.
734 896 1055 936 Admonemus
1086 896 1272 936 interim
1305 903 1354 935 vt
1386 908 1412 935 a
1444 896 1564 935 ludis
1597 896 1872 947 blasphemi-

246 968 378 1019 isque
400 968 675 1007 abstineant.
706 967 793 1007 Die
824 967 966 1017 igitur
993 967 1195 1017 quadam
1225 967 1289 1017 (ut
1318 967 1408 1006 alia
1436 967 1526 1006 hoc
1556 967 1657 1006 loco
1690 967 1880 1007 silentio-

247 1038 501 1088 inuoluam)
536 1039 582 1078 in
615 1049 757 1077 Vnam
783 1050 806 1077 e
838 1038 1107 1078 triremibus
1138 1038 1326 1089 quidam
1361 1050 1419 1077 ex
1448 1038 1619 1077 nostris
1651 1048 1879 1077 conscen—

246 1109 375 1158 dens,
398 1109 731 1148 humanissime
753 1115 823 1148 est
844 1120 870 1148 a
892 1108 1133 1148 Praefecto
1154 1109 1275 1148 illius
1295 1116 1555 1160 susceptus;
1576 1120 1772 1159 cumque
1793 1109 1868 1149 ad-

248 1186 414 1219 uentus
443 1192 633 1219 causam
664 1181 974 1230 exposuisset,
1006 1179 1158 1230 coepit
1185 1191 1410 1230 quaerere
1437 1180 1475 1219 si
1504 1180 1581 1231 qui
1610 1185 1764 1219 essent
1794 1180 1874 1231 qui

246 1251 473 1290 luderent:
498 1251 562 1290 illi
582 1263 708 1300 uer0,
729 1250 852 1290 dicto
871 1250 1152 1300 obedientes,
1174 1257 1217 1290 et
1238 1251 1427 1290 chartas
1443 1251 1644 1290 lusorias
1667 1258 1710 1290 et
1732 1257 1871 1290 tesse-

246 1332 326 1360 ras
348 1333 430 1360 sua
453 1328 616 1372 sponte
635 1321 693 1361 ad
713 1321 864 1373 ipsum
887 1322 1106 1371 detulere,
1131 1328 1180 1360 vt
1199 1322 1244 1360 in
1266 1333 1394 1361 mare
1415 1321 1678 1372 proficeret,
1702 1332 1876 1372 rogan-⁷

249 1398 333 1431 tes.
356 1392 612 1440 Postremo,
637 1392 823 1432 resectis
844 1392 931 1432 illis
952 1393 1083 1432 uerbi
1105 1392 1191 1432 Dei
1213 1393 1330 1441 cibo,
1350 1393 1546 1443 rogabat
1563 1398 1749 1443 praeter
1771 1404 1871 1432 cae-

247 1469 374 1502 teros
394 1463 595 1502 triremis
617 1463 901 1513 Praefectus,
919 1470 969 1503 vt
989 1475 1042 1502 eo
1063 1462 1351 1514 frequentius
1368 1464 1555 1512 rediret,
1576 1463 1662 1513 cui,
1689 1463 1877 1514 quoties⁴

246 1533 346 1573 fieri
367 1534 529 1585 potuit,
554 1533 847 1574 satisfactum
869 1540 953 1574 est.

327 1604 444 1645 Cum
465 1616 557 1644 non
578 1605 745 1644 minori
766 1605 854 1644 hac
878 1605 1061 1655 hyeme,
1082 1617 1220 1656 quam
1243 1612 1420 1645 aestate
1442 1605 1709 1656 praeterita,
1729 1616 1869 1644 anno-

248 1688 338 1715 nae
359 1676 514 1727 inopia
531 1676 698 1715 civitas
720 1676 836 1715 haec
860 1676 1113 1725 laboraret,
1147 1682 1244 1716 tum
1266 1687 1323 1715 ne
1345 1676 1450 1726 alio,
1474 1676 1513 1715 si
1534 1676 1714 1727 publice
1735 1675 1876 1726 panis

249 1747 592 1795 diuenderetur,
614 1747 866 1786 transmitti
882 1753 1054 1797 posset,
1076 1753 1173 1786 tum
1190 1747 1329 1786 etiam
1347 1759 1403 1786 ne
1420 1758 1675 1798 pauperum
1692 1751 1870 1797 egesta-

247 1824 341 1857 tem
372 1817 564 1857 diuitum
592 1818 800 1868 potentia
830 1818 1135 1869 opprimeret,
1160 1818 1337 1857 nobiles
1359 1817 1584 1869 quosdam
1606 1818 1867 1868 religiosos-

246 1899 333 1939 que
367 1888 516 1937 viros,
548 1888 624 1938 qui
653 1889 773 1928 ultro
803 1900 918 1937 sese,
950 1900 1040 1939 quo
1068 1899 1324 1939 pauperum
1352 1887 1507 1938 inopia
1536 1888 1743 1938 ipsorum
1765 1899 1869 1939 ope-

245 1970 297 1998 ra
329 1959 665 2007 subleuaretur,
689 1959 896 1998 obtulere
918 1958 1026 1998 huie
1047 1959 1242 2009 muneri,
1273 1965 1322 1998 ut
1348 1970 1516 2009 panem
1538 1965 1635 1998 tota
1663 1958 1775 1998 urbe
1806 1959 1869 1998 di-

243 2029 518 2079 uenderent,
551 2029 679 2068 vrbis
707 2028 932 2069 Rectores
961 2030 1297 2080 praefecerunt.
1327 2029 1608 2068 pientissimi
1637 2040 1749 2079 ergo
1778 2029 1875 2069 viri

244 2111 343 2139 rem
364 2100 484 2139 hanc
507 2099 841 2139 officiosissime
863 2099 1249 2139 administrarunt
1282 2112 1336 2139 ea
1356 2101 1473 2149 lege,
1504 2108 1549 2139 ut
1573 2106 1671 2139 tota
1699 2100 1775 2139 illa
1796 2112 1872 2151 pe—

246 2170 398 2220 cunia,
428 2182 567 2221 quam
590 2171 763 2210 laboris
790 2171 989 2221 pretium
1019 2176 1172 2210 essent
1204 2171 1441 2221 accepturi
1470 2170 1685 2220 (redeunt
1715 2177 1870 2210 autem

245 2240 303 2279 ad
325 2252 405 2280 eos
425 2241 471 2280 in
492 2241 702 2291 singulas
723 2240 1040 2280 hebdomadas
1064 2241 1360 2292 septuaginta
1382 2248 1461 2281 aut
1482 2253 1536 2280 eo
1565 2243 1719 2292 plures
1741 2253 1870 2281 coro-

244 2312 374 2362 nati),
398 2313 444 2352 in
470 2323 698 2363 pauperes
727 2312 1094 2352 distribueretur.
1128 2312 1274 2352 Vides
1296 2319 1468 2364 quanta
1490 2313 1548 2352 sit
1569 2313 1767 2362 illorum,
1791 2313 1869 2363 qui

243 2388 455 2422 nostrum
475 2383 772 2434 frequentant
793 2384 1030 2434 templum,
1050 2383 1097 2422 in
1118 2383 1382 2434 proximum
1399 2383 1619 2422 charitas.
1642 2382 1705 2422 At
1727 2394 1869 2433 quan-

245 2461 291 2492 to
324 2453 600 2504 pientissimi
630 2453 848 2504 Proregis
878 2453 1335 2505 officiosissimaeque
1366 2454 1511 2505 ipsius
1542 2453 1661 2493 filiae
1682 2453 1869 2494 effusior

244 2524 456 2574 largitas!
480 2524 557 2575 qui
577 2524 657 2564 vix
675 2524 825 2564 sciunt
843 2512 1090 2564 conserere
1108 2535 1345 2564 sermones
1362 2524 1450 2563 nisi
1468 2524 1523 2564 de
1539 2524 1868 2564 subueniendis

244 2594 540 2646 pauperibus.
566 2594 781 2634 Ceterum
802 2595 846 2634 id
868 2595 1020 2645 magis
1042 2606 1091 2634 re
1112 2601 1375 2646 praestant,
1400 2606 1539 2646 quam
1561 2595 1717 2634 verbis
1738 2606 1866 2645 prac-

245 2665 415 2705 dicant.
446 2665 505 2704 Hi
531 2665 701 2704 etenim
727 2678 819 2705 non
850 2667 1092 2716 exiguam,
1122 2666 1267 2705 hocce
1297 2665 1434 2705 famis
1453 2671 1682 2716 tempore,
1716 2666 1875 2705 victus.

244 2742 425 2786 partem
447 2735 695 2775 detrahunt
710 2736 926 2786 familiae,
952 2748 1090 2787 quam
1111 2736 1158 2775 in
1178 2747 1405 2787 pauperes
1427 2742 1635 2785 erogent:
1661 2737 1876 2786 ipsorum?

245 2818 428 2858 quoque
449 2812 493 2846 et
514 2805 709 2845 aliorum
730 2806 951 2846 nobilium
972 2806 1182 2846 virorum
1209 2817 1352 2857 opera
1374 2807 1463 2846 ista
1491 2812 1560 2845 est
1587 2806 1870 2846 studiosissi-

246 2888 318 2916 me
335 2877 470 2916 simul
487 2883 530 2916 et
541 2876 841 2927 pientissime,
867 2888 972 2916 cum
990 2877 1240 2916 multorum
1256 2876 1638 2926 Messanensium,
1657 2884 1753 2916 tum
1769 2888 1864 2916 ma-

245 2947 369 2987 xime
390 2958 564 2995 eorum,
589 2947 664 2998 qui
687 2959 710 2986 e
731 2946 946 2986 Calabria
970 2947 1058 2986 huc
1081 2947 1127 2986 in
1148 2947 1246 2986 dies
1266 2946 1519 2997 confluunt,
1542 2947 1724 2998 inopiae
1757 2959 1863 2987 eon-

244 3018 428 3068 sultum,
462 3024 510 3057 ut
543 3018 697 3068 plures
727 3028 867 3068 quam
897 3018 1093 3057 trecenti
1121 3029 1348 3068 pauperes
1381 3017 1583 3069 quotidie
1613 3023 1786 3058 statuto
1815 3018 1861 3057 in
