2020 3342
891 287 973 324 AN.
1006 286 1095 325 1556
1524 337 1528 341 .
1733 288 1801 325 317

179 382 410 423 adducere
439 388 712 434 potuerunt,
748 389 795 423 vt
825 389 921 423 tota
950 390 1140 435 peracta
1168 383 1528 436 quadragesima
1558 385 1632 424 vel
1660 385 1799 424 vnico

180 454 253 494 die
275 453 486 494 concioni
507 465 672 494 sacrae
694 465 743 493 se
765 454 1078 495 subtraheret.
1103 453 1194 495 Sed
1211 454 1333 507 quod
1351 455 1500 505 magis
1518 455 1715 505 mireris,
1734 454 1801 495 sic

180 524 359 576 rapitur
382 525 440 565 ad
462 536 596 565 omne
618 525 804 576 pietatis
825 525 1157 577 religionisque
1177 536 1359 575 munus,
1383 532 1432 565 vt
1454 538 1546 566 non
1567 526 1659 566 iam
1676 526 1799 567 intra

181 607 350 636 caecos
372 596 592 648 parieteS‚
616 596 698 636 sed
719 596 876 648 palam
897 596 943 636 in
963 603 1126 637 nostra
1148 597 1345 638 ecclesia
1369 603 1563 648 peccata
1591 597 1802 649 frequen-

182 671 251 706 ter
272 666 489 707 confessa
510 667 571 707 sit
592 672 637 707 et
657 678 843 707 sacram
871 668 1088 719 synaxim
1116 668 1368 719 receperit3
1398 674 1448 708 vt
1475 679 1558 708 suo
1589 670 1801 720 exemplo

181 737 436 778 familiares
457 749 618 778 omnes
640 738 699 778 ad
720 738 791 778 sui
813 738 1118 778 imitationem
1138 738 1422 779 inuitauerit.
1450 738 1593 780 Immo
1620 751 1734 780 vero
1760 746 1803 780 et

180 809 292 850 Dux
314 809 414 861 ipse
435 821 528 850 non
549 821 657 850 raro
686 810 850 850 iisdem
881 810 1185 850 concionibus
1217 810 1446 861 interfuit,
1477 810 1556 862 qui
1585 816 1628 851 et
1654 811 1802 862 pridie

180 880 556 921 Resurrectionis
577 881 853 922 Dominicae
875 882 922 922 in
943 881 1106 921 eodem
1132 888 1293 922 nostro
1320 882 1492 932 templo
1521 893 1686 922 sacrae
1716 882 1804 923 Eu-

182 951 435 992 charistiae
456 953 833 993 communionem
854 953 1050 1004 accepit.
1076 952 1252 993 Eadem
1273 952 1418 993 ferme
1440 958 1483 992 et
1504 952 1560 992 de
1577 951 1801 1004 Assuero,

178 1022 404 1073 Proregis
425 1022 533 1075 filio,
558 1023 699 1063 scribi
720 1030 932 1076 possunt,
962 1023 1040 1075 qui
1061 1024 1237 1064 sororis
1257 1023 1489 1064 sedulitati
1508 1024 1554 1063 in
1571 1024 1803 1064 concioni-

180 1093 266 1134 bus
288 1093 530 1135 audiendis
551 1106 644 1135 non
667 1095 861 1135 multum
884 1095 1039 1135 cessit.

261 1164 444 1216 Quanto
481 1171 636 1206 autem
669 1165 830 1206 fauore
866 1172 910 1206 et
945 1166 1269 1207 beneuolentia
1304 1165 1482 1207 Prorex
1515 1178 1602 1207 nos
1622 1178 1806 1218 semper

180 1242 506 1289 prosequatur,
528 1237 574 1278 id
596 1237 761 1289 opinor
780 1237 828 1277 P.
854 1237 905 1278 T.
930 1237 1101 1288 multiS,
1126 1237 1275 1289 iisque
1296 1249 1389 1278 non
1412 1238 1638 1289 obscuris,
1669 1249 1805 1289 argu-

181 1309 350 1349 mentis
371 1308 779 1359 persuasissimum
814 1320 931 1349 esse.
961 1308 1057 1349 Nec
1088 1320 1171 1359 pro
1204 1308 1365 1349 innata
1399 1309 1475 1349 illa
1506 1321 1590 1350 sua
1621 1315 1664 1350 et
1685 1311 1806 1361 plus-

181 1391 322 1432 quam
350 1379 552 1420 humana
573 1379 877 1429 humanitate,
901 1380 1127 1420 hactenus
1153 1380 1241 1420 sibi
1267 1380 1396 1420 visus
1427 1386 1496 1420 est
1520 1391 1631 1420 suae
1653 1380 1699 1420 in
1720 1392 1806 1421 nos

181 1450 514 1491 beneficentiae
541 1451 706 1491 fecisse
736 1451 865 1501 satis,
902 1451 991 1491 nisi
1026 1451 1215 1503 insuper
1243 1451 1288 1491 in
1324 1452 1626 1492 concessione
1654 1451 1806 1492 Abba-

180 1522 273 1563 tiae
295 1522 535 1563 cuiusdam
559 1524 707 1574 (quae,
739 1521 955 1562 Rocchae
985 1521 1222 1562 Amatoris
1250 1522 1382 1562 titulo
1413 1522 1652 1574 inscripta,
1677 1523 1805 1574 quin-

182 1605 268 1646 que
281 1593 480 1634 millibus
497 1605 721 1644 passuum
735 1593 952 1634 Messana
970 1593 1152 1634 abiacet
1167 1592 1194 1643 ¹)
1208 1605 1391 1634 omnem
1405 1605 1596 1646 operam
1612 1593 1625 1612 ‘²
1639 1605 1806 1634 nauas—

182 1670 265 1706 set.
290 1664 450 1706 Abbas
487 1671 556 1705 est
589 1665 681 1705 iam
709 1671 961 1717 prouectae
998 1664 1165 1705 aetatis
1200 1671 1244 1705 et
1275 1665 1520 1717 plusquam
1550 1676 1806 1717 sexagena-

182 1736 294 1777 rius.
319 1736 436 1778 Cum
457 1736 546 1777 hoc
569 1737 662 1788 egit
683 1742 733 1776 vt
755 1742 857 1789 post
878 1736 1021 1788 ipsius
1042 1742 1239 1776 mortem
1262 1735 1465 1776 Abbatia
1488 1737 1620 1777 nobis
1641 1735 1654 1755 ³
1676 1737 1806 1778 cede·

183 1813 268 1859 ret,
291 1819 431 1860 quam
454 1807 513 1848 ad
533 1819 633 1848 rem
650 1819 906 1848 consensus
922 1807 1224 1859 Imperatoris
1243 1807 1397 1848 Caroli
1413 1807 1570 1848 indies
1592 1814 1806 1860 expecta·

181 1885 271 1920 tur.
319 1879 435 1920 Tam
473 1879 691 1931 profusae
736 1879 1040 1930 benignitatis
1085 1891 1178 1919 non
1218 1879 1357 1919 aliam
1404 1890 1595 1920 causam
1641 1880 1807 1920 elicere

181 1962 386 2002 possum,
418 1950 507 1991 nisi
534 1951 816 1991 laboriosam
849 1950 1207 1991 sollicitudinem
1232 1956 1275 1990 et
1303 1950 1554 1991 sollicitum
1582 1951 1804 2002 laborem,

181 2034 317 2074 quem
338 2033 474 2062 nemo
495 2033 590 2062 non
614 2021 739 2062 videt
761 2021 806 2061 in
829 2021 927 2062 dies
949 2033 1176 2071 crescere,
1201 2028 1298 2062 tam
1319 2022 1364 2061 in
1391 2020 1527 2062 dictis
1555 2023 1806 2064 sacerdoti·

179 2093 264 2134 bus
285 2099 329 2134 et
350 2093 713 2143 confessoribus,
736 2105 876 2145 quam
897 2093 1036 2133 etiam
1058 2092 1188 2132 verbi
1210 2092 1355 2133 diuini
1382 2093 1804 2145 praedicatoribus,

181 2176 376 2217 quorum
398 2176 539 2217 opera
560 2166 627 2205 sic
648 2165 815 2217 ubique
837 2170 1114 2216 exprompta
1135 2170 1273 2216 atque
1294 2164 1430 2205 obuia
1452 2171 1535 2215 est,
1567 2172 1617 2206 vt
1646 2177 1738 2206 non
1761 2166 1808 2206 in

181 2236 378 2287 templis,
401 2248 494 2277 non
510 2236 557 2276 in
574 2236 828 2287 coenobiis,
851 2248 943 2276 non
961 2235 1084 2288 apud
1103 2241 1336 2287 aegrotos,
1356 2236 1496 2277 immo
1518 2248 1575 2277 ne
1587 2237 1633 2278 in
1652 2249 1806 2278 carce-

182 2308 310 2348 ribus
331 2307 517 2360 quidem
539 2314 617 2348 aut
639 2307 904 2348 triremibus
932 2318 1138 2359 vnquam
1169 2307 1395 2348 hactenus
1422 2308 1686 2349 desiderata
1713 2308 1807 2349 fue·

182 2379 256 2430 rit;
280 2385 329 2419 vt
351 2385 540 2419 taceam
563 2379 653 2419 alia
676 2379 752 2431 pia
773 2390 931 2430 opera,
955 2390 1073 2430 quae
1102 2377 1365 2430 decrepitiS,
1391 2379 1510 2419 lecto
1534 2379 1806 2420 decumben-

183 2450 306 2490 tibus
342 2462 395 2491 ac
428 2449 703 2502 desperatae
738 2449 1020 2491 valetudinis
1054 2449 1331 2501 hominibus,
1369 2463 1395 2490 a
1432 2450 1626 2502 Collegii
1661 2451 1809 2498 nostri

183 2521 458 2573 fautoribus,
484 2534 539 2562 ac
561 2522 701 2562 etiam
729 2534 755 2562 a
790 2521 962 2562 nostris
997 2521 1290 2572 exhibentur,
1331 2533 1449 2574 quae
1478 2522 1655 2563 maiora
1684 2529 1805 2573 sunt,

184 2604 323 2645 quam
344 2599 394 2633 vt
415 2593 634 2634 breuitati
656 2592 916 2633 consulenti
937 2592 1012 2632 hic
1034 2592 1320 2633 recensenda
1342 2593 1446 2634 sint.

262 2663 384 2704 Inter
406 2664 512 2714 alia,
535 2663 724 2716 quidam
759 2675 906 2715 nuper
928 2676 986 2704 ex
1021 2664 1192 2703 nostris
1222 2664 1456 2705 hominem
1490 2670 1736 2717 mortuum,
1761 2666 1807 2706 in

182 2735 259 2775 via
282 2741 532 2786 repertum,
562 2747 667 2775 cum
701 2746 836 2775 nemo
871 2735 1102 2787 sepeliret,
1140 2735 1341 2787 propriis
1375 2735 1580 2776 humeris
1614 2737 1739 2777 solus
1761 2737 1807 2778 in

182 2806 404 2858 templum
424 2806 690 2857 sepulturae
710 2806 863 2857 gratia
887 2805 1164 2857 deportauit.
1188 2805 1314 2846 Idem
1335 2806 1498 2847 eadem
1520 2807 1633 2848 hora
1665 2809 1807 2849 alium

182 2876 429 2928 quemdam
450 2877 813 2928 semimortuum,
837 2876 1107 2929 despectum
1128 2883 1172 2916 et
1193 2877 1240 2917 in
1260 2877 1335 2917 uia
1357 2877 1600 2929 iacentem,
1634 2890 1743 2919 suos
1761 2879 1806 2920 in

238 3012 249 3033 ¹
289 3011 376 3041 Vide
393 3013 543 3042 Portum
559 3013 761 3048 chronicon,
774 3018 798 3042 t.
814 3021 861 3049 111,
877 3022 955 3049 pag.
971 3014 1022 3041 224
1034 3018 1067 3041 et
1082 3014 1144 3042 225.

238 3060 252 3081 ²
290 3062 388 3089 nobis
404 3062 545 3090 inseruit
560 3062 615 3090 hic
630 3062 797 3090 Polancus
813 3063 844 3089 in
860 3063 968 3097 primo
983 3064 1147 3097 exemplo.

239 3108 251 3128 5
292 3109 377 3137 Voci
394 3110 492 3137 uobis
510 3110 685 3137 substituit
703 3110 823 3137 ibidem
839 3109 1005 3138 Polancus
1020 3111 1115 3137 haec:
1133 3112 1249 3138 nostro
1265 3111 1416 3145 collegio.
