2020 3342
849 213 930 248 Ax.
964 212 1054 249 1556
1720 214 1764 250 41

140 309 357 350 Stellensi
380 307 406 360 ¹,
431 310 628 361 denique
649 309 695 349 in
716 319 839 360 pago
861 307 1126 348 Soriacensi
1146 309 1174 357 ²,
1199 308 1276 359 qui
1298 313 1342 346 et
1370 312 1605 347 structura
1638 309 1764 358 oppi-

139 380 298 419 dulum
320 386 404 429 est,
427 379 731 419 concionibus
751 385 858 418 ante
886 378 1153 418 Aduentum
1186 377 1372 427 habitis,
1401 377 1584 427 frugem
1614 378 1764 417 Euan-

138 451 251 501 gelii
273 450 395 490 haud
420 451 661 501 vulgarem
686 450 837 497 retuli,
863 449 953 489 mei
975 449 1205 488 desiderio
1228 449 1397 499 ubique
1427 448 1607 498 relicto,
1637 447 1767 488 Chri-

141 529 214 560 sto
235 521 400 568 gloria.

222 591 402 631 Biliomi
425 591 690 632 Aduentum
718 591 941 642 transegi,
974 598 1079 630 octo
1109 591 1332 641 epistolae
1360 589 1419 629 ad
1441 589 1671 629 hebraeos
1692 600 1765 628 ca—

141 662 238 713 pita
259 661 538 711 enarrando,
563 673 668 702 cum
690 667 819 701 tanta
841 661 1105 700 auditorum
1122 660 1273 709 turba,
1293 660 1587 710 potissimum
1604 658 1766 699 diebus

138 732 304 781 sacris,
329 739 379 772 vt
400 732 498 783 ipse
520 732 898 783 obstupescerem
920 732 978 771 ob
1000 731 1067 771 rei
1087 732 1361 770 insolentem
1383 730 1656 770 nouitatem.
1686 729 1766 769 Vi-

138 802 253 842 deas
272 803 449 853 passim
469 814 640 843 nouam
662 802 866 842 ciuitatis
887 802 1070 852 faciem,
1090 802 1128 841 si
1146 813 1252 841 cum
1270 802 1379 841 olim
1398 807 1622 841 consueto
1638 812 1767 840 more

140 873 331 913 viuendi
352 885 456 912 eam
477 873 707 913 conferas.
729 872 942 924 Jactatur
966 873 1141 923 passim
1156 872 1394 924 myriades
1411 871 1635 911 vitiorum
1653 871 1767 910 meis

140 944 444 983 concionibus
474 943 754 994 praepediri.
788 943 891 994 Ipse
921 943 1125 983 demiror
1153 950 1332 982 tantam
1362 942 1519 994 populi
1550 953 1663 992 erga
1693 953 1766 981 me

142 1014 454 1053 reuerentiam
477 1022 614 1064 atque
632 1015 748 1054 adeo
766 1014 1133 1054 obseruantiam.
1152 1013 1297 1054 Nemo
1315 1021 1383 1053 cst
1401 1013 1478 1064 qui
1494 1024 1589 1052 non
1606 1023 1767 1051 verea-

138 1090 215 1123 tur
236 1095 395 1123 coram
416 1096 488 1123 me
510 1084 662 1124 Deum
683 1084 940 1135 offendere,
964 1096 1019 1124 ac
1041 1084 1079 1124 si
1100 1084 1218 1123 forte
1237 1086 1370 1135 lapsu
1387 1084 1574 1133 linguae
1591 1089 1670 1122 aut
1686 1082 1767 1122 im-

139 1154 384 1205 prudentia
403 1153 526 1205 juret
547 1155 793 1206 quispiam,
817 1167 927 1195 mox
949 1156 1162 1195 vltroneo
1185 1155 1361 1205 pudore
1393 1154 1606 1204 arguitur
1637 1164 1766 1193 suus-

140 1236 230 1275 que
259 1225 346 1264 sibi
372 1223 516 1276 judex
545 1232 630 1265 est.
661 1225 853 1276 Quoties
883 1226 1082 1274 Biliomi‚
1115 1226 1205 1264 alio
1226 1233 1438 1274 vocatus,
1463 1236 1555 1263 non
1576 1234 1767 1274 possum

139 1296 430 1346 concionari,
454 1295 696 1336 Biliomaei
724 1297 982 1336 absentiam
1009 1307 1160 1336 meam
1193 1307 1335 1346 aegre
1362 1295 1532 1344 serunt,
1568 1305 1670 1333 meo
1701 1300 1766 1332 ta-

143 1377 249 1406 men
283 1377 418 1406 suum
451 1366 642 1406 arbitrio
674 1367 998 1406 submittentes
1029 1366 1262 1406 affectum.
1296 1366 1440 1406 Aiunt
1470 1376 1543 1404 me
1579 1365 1765 1404 diuinae

138 1438 322 1487 gratiae
342 1438 445 1477 luce
467 1438 780 1489 splendidiore
801 1438 1052 1489 gloriosius
1074 1449 1258 1488 semper
1274 1436 1504 1488 perfundi,
1525 1436 1764 1484 exornari,

141 1508 381 1548 illustrari.
404 1508 505 1549 Deo
527 1509 676 1549 honor
698 1515 814 1549 esto.

219 1579 353 1619 Rynus
375 1579 603 1620 Dominus
633 1581 709 1631 pio
738 1581 965 1620 vberioris
996 1581 1113 1620 lucri
1140 1580 1363 1630 spiritalis
1391 1579 1545 1618 studio
1576 1589 1767 1629 persua-

140 1662 234 1701 sus,
260 1663 332 1691 me
354 1651 412 1690 ad
434 1652 752 1691 confessiones
774 1651 1029 1691 audiendas
1051 1652 1264 1691 hortatus
1285 1657 1368 1698 est,
1392 1661 1553 1701 parem
1576 1649 1766 1699 Episco-

140 1722 236 1772 pali
267 1721 582 1773 jurisdictioni
615 1723 855 1762 Ecclesiae
887 1723 1089 1762 clauium
1117 1728 1410 1773 potestatem,
1448 1726 1671 1771 quantum
1707 1718 1767 1758 ad

144 1803 282 1832 casus
313 1799 580 1833 reseruatos
609 1794 787 1843 attinet,
817 1794 860 1833 in
890 1805 963 1833 me
994 1793 1296 1833 transferens.
1328 1791 1450 1832 RdUS
1484 1790 1533 1831 Ρ.
1567 1790 1766 1830 Pascha-

140 1863 238 1902 sius
275 1862 304 1913 ⁵,
334 1863 555 1914 Episcopi
582 1864 879 1903 subscribens
907 1864 1114 1913 arbitrio,
1148 1875 1224 1910 ea,
1255 1874 1345 1914 qua
1376 1870 1456 1902 tua
1488 1861 1767 1902 auctoritate

141 1933 364 1984 fungitur,
387 1933 624 1984 facultate,
650 1933 872 1974 Societati
900 1934 1201 1986 Apostolicae
1227 1933 1360 1975 Sedis
1386 1933 1633 1984 priuilegio
1662 1944 1766 1972 con-

137 2015 337 2055 cessam,
369 2005 572 2044 clauium
600 2005 1058 2045 administrationem
1086 2004 1197 2045 mihi
1225 2004 1473 2054 commisit,
1504 2015 1645 2055 quam
1673 2003 1768 2054 qui-

136 2074 244 2114 dem
264 2086 477 2125 exerceo,
502 2082 730 2126 quatenus
753 2087 835 2126 per
856 2076 1192 2127 occupationes
1213 2076 1334 2115 licet.

218 2145 634 2197 Vigesimoquarto
676 2145 892 2186 Octobris
912 2179 918 2196 ‚
961 2147 1007 2186 in
1047 2145 1238 2197 Synodo
1278 2145 1664 2195 Claromontana‚
1707 2144 1766 2184 ad

139 2227 279 2267 quam
300 2215 522 2256 Pastores
539 2217 787 2256 uniuersae
805 2217 1090 2257 Dioeceseos
1108 2222 1429 2257 conuocantur
1445 2228 1502 2256 ex
1519 2227 1649 2255 more
1665 2226 1765 2255 ora-

138 2287 313 2327 tionem
344 2288 400 2327 cle
430 2287 680 2328 Pastorum
707 2287 858 2328 officio
889 2288 1029 2328 habui
1059 2299 1219 2328 coram
1249 2288 1481 2339 Episcopo
1512 2293 1555 2326 et
1591 2287 1767 2338 aliquot

141 2357 403 2398 Abbatibus
425 2370 479 2397 ac
508 2358 886 2410 frequentissima
917 2359 1181 2399 auditorum
1208 2369 1404 2398 corona:
1434 2369 1551 2409 quae
1580 2357 1767 2409 quidem

194 2541 202 2561 ¹
244 2540 293 2567 De
309 2540 349 2567 iis
363 2542 578 2568 monasteriis
593 2541 677 2568 nihil
698 2542 779 2568 certi
805 2545 959 2568 statuere
982 2548 1168 2575 possumus.
1194 2540 1253 2568 Est
1278 2541 1422 2575 quidem,
1448 2541 1480 2567 in
1504 2540 1630 2567 weinia
1652 2541 1764 2574 oppidi

139 2588 295 2619 Ambert,
307 2589 501 2622 oppidulum
517 2589 649 2616 nomine
665 2588 929 2623 ll1arsacs'“chy
945 2590 987 2616 de
1003 2589 1124 2621 Dome,
1138 2596 1166 2615 c.
1177 2588 1246 2615 3071
1263 2589 1352 2618 hab„
1367 2595 1426 2615 sur
1447 2588 1481 2614 la
1502 2587 1606 2619 Dore,
1626 2591 1716 2613 cant.
1732 2591 1766 2613 et

139 2635 278 2662 arrond.
294 2635 482 2663 d’Ambert
505 2637 533 2670 (9
560 2636 648 2670 Kil.)‚
671 2636 706 2664 90
732 2637 796 2664 Kil.
825 2637 864 2663 de
890 2637 1093 2669 Cle1·:nont.„
1116 2636 1263 2669 JOANNE,
1289 2636 1537 2662 Dictiommire
1561 2634 1767 2668 geographi—

138 2689 215 2716 que,
226 2684 302 2714 etc„
316 2683 407 2709 dela
423 2682 585 2716 Franco),
598 2684 653 2710 ubi
668 2691 754 2710 nunc
766 2688 813 2710 est
829 2684 1073 2711 monasterium
1085 2683 1281 2710 monialium
1294 2683 1330 2710 O.
1343 2683 1374 2710 S.
1386 2683 1437 2715 D,;
1448 2690 1565 2709 verum
1575 2690 1617 2709 an
1628 2682 1690 2708 hoc
1700 2689 1766 2708 mo-

137 2730 335 2765 nasterium,
351 2737 414 2764 quo
430 2735 582 2764 tempore
597 2732 641 2758 ibi
663 2731 725 2758 fuit
747 2731 968 2767 Clayssonius
990 2736 1122 2765 noster,
1141 2731 1296 2757 extiterit
1319 2731 1486 2757 incertum
1501 2730 1596 2756 nobis
1611 2728 1763 2756 est.-De

138 2776 299 2804 Stellensi
314 2782 347 2804 et
363 2777 524 2805 Veinensi
540 2778 623 2805 nihil
639 2778 1006 2812 reperimus—Verum
1021 2779 1130 2805 eritne
1145 2778 1401 2810 monasterium,
1427 2778 1513 2812 quod
1536 2778 1589 2804 hic
1613 2777 1765 2811 appellat

137 2823 358 2859 Clayssonius
373 2824 558 2857 Stellense,
573 2826 660 2853 idem
684 2826 770 2860 quod
796 2826 985 2853 Abbatiam
1002 2826 1183 2852 Steensem
1208 2826 1398 2859 appellavit
1422 2832 1535 2859 supra,
1563 2829 1588 2852 t.
1617 2831 1666 2858 111,
1690 2831 1767 2857 pag.

140 2870 206 2898 702?

192 2917 206 2936 ²
245 2918 331 2946 Vide
349 2918 505 2947 Litterae
520 2919 821 2955 ,Quadrimestrez
839 2926 861 2948 t.
879 2928 926 2955 111,
942 2929 1020 2955 pag.
1035 2921 1099 2954 639,
1125 2924 1158 2948 et
1180 2920 1328 2948 Pomxm
1352 2919 1554 2951 chronicon,
1579 2924 1602 2946 t.
1625 2928 1657 2952 v,
1681 2925 1763 2952 pag.

139 2965 203 2997 313,
219 2971 334 2993 annot.
349 2967 375 2994 Δ.

196 3012 209 3031 5
250 3014 289 3041 P.
307 3014 514 3042 Paschasius
531 3015 646 3047 Broe‘t¹
663 3020 854 3043 nostrorum
870 3016 901 3043 in
918 3016 1031 3043 Gallia
1048 3016 1220 3050 Superior.
