2020 3342
633 220 849 257 ADDENDA
879 231 920 257 m
947 231 1060 258 Tomo
1089 231 1284 258 SECUNDO
1700 223 1774 260 089

146 314 192 354 hi
214 314 446 366 Compluti
479 316 787 367 metaphysici
808 323 1150 368 nuncupantur,
1175 317 1298 368 quod
1319 322 1535 368 quartum
1556 317 1603 357 in
1624 319 1768 369 philo-

146 385 310 436 sophia
332 397 504 426 annum
524 387 616 427 iam
638 387 812 438 agant),
836 387 1037 439 quinque
1059 393 1213 428 autem
1234 387 1507 428 dialecticae
1523 388 1769 439 diligenter

146 457 433 507 incumbunt;
468 457 514 497 in
549 457 756 509 physicis
790 464 945 498 autem
980 458 1073 510 (qui
1107 465 1176 498 est
1209 470 1359 499 annus
1391 459 1439 498 in
1472 458 1768 510 philosophia

145 527 327 577 tertius)
345 528 470 568 solus
487 538 546 568 ex
562 528 733 568 nostris
748 534 962 569 uersatur
979 529 1160 569 Henao:
1179 529 1218 569 is
1235 535 1303 569 est
1320 540 1457 580 quem
1472 540 1558 569 nos
1573 528 1764 580 Romae,

144 598 313 638 isthinc
335 598 641 648 discedentes,
664 599 937 650 reliquimus
957 599 984 650 ¹,
1009 599 1100 651 qui,
1123 600 1310 640 tametsi
1330 600 1556 639 hactenus
1577 607 1769 651 propter

143 668 242 708 eius
264 670 560 719 auunculum,
583 675 631 709 ut
652 671 760 719 scis,
783 676 917 710 extra
938 670 1197 721 Collegium
1218 676 1429 710 nostrum
1456 670 1569 710 foris
1590 670 1766 710 habita-

140 739 223 788 vit,
242 739 334 778 iarn
351 739 553 787 tandem,
569 740 625 780 de
638 740 784 791 ipsius
801 751 1046 790 consensu,
1066 740 1259 781 fratrem
1275 752 1380 780 eum
1391 747 1602 781 nostrum
1614 740 1769 781 adhuc

138 809 415 859 ignorantis,
436 810 555 850 inter
571 822 658 850 nos
673 817 757 850 est,
777 810 1125 852 Grammaticae
1141 823 1254 851 uero
1271 823 1390 851 unus
1405 817 1584 851 tantum
1601 823 1660 852 ex
1674 811 1764 851 fra-

138 880 286 920 tribus
303 892 494 932 operam
512 880 603 931 dat,
620 882 742 932 quod
759 881 857 921 eius
874 881 921 921 in
933 893 987 922 ea
1004 888 1104 922 arte
1116 882 1232 921 socii
1246 881 1513 922 Corduuam
1529 881 1658 922 missi
1669 881 1762 921 fue-

139 951 244 991 rint.
269 949 385 991 Sunt
406 957 649 1002 praeterea
667 951 791 991 domi
811 958 1001 992 nostrae
1021 952 1243 992 lectiones
1264 951 1398 1002 duae,
1423 953 1569 992 altera
1590 952 1765 992 theolo-

136 1022 259 1073 giae,
282 1021 603 1073 philosophiae
626 1023 786 1073 altera,
811 1034 944 1073 quae,
968 1023 1015 1062 in
1041 1023 1246 1073 gratiam
1270 1023 1460 1063 Domini
1487 1023 1762 1074 Hieronymi

139 1091 216 1145 [ct]
245 1093 552 1144 quorumdam
585 1093 799 1144 fratrum,
836 1093 894 1133 ab
916 1093 1029 1145 ipsis
1060 1093 1332 1134 dialecticae
1354 1094 1628 1134 rudimentis
1655 1105 1761 1134 sus-

137 1169 273 1215 cepta
294 1169 377 1203 est.

216 1234 302 1274 His
335 1234 477 1285 igitur
512 1235 710 1285 omissis,
747 1235 858 1275 illud
892 1235 1118 1286 imprimis
1154 1247 1256 1275 sese
1281 1234 1578 1275 scribendum
1612 1235 1759 1285 offert,

136 1305 259 1356 quod
280 1317 438 1345 mense
460 1306 711 1356 septembri
732 1306 870 1346 Pater
891 1314 1049 1346 noster
1071 1306 1322 1346 Villanoua
1344 1318 1447 1346 cum
1464 1305 1608 1346 fratre
1623 1307 1763 1346 licen-

133 1377 248 1416 tiato
270 1376 445 1428 Lopide
469 1377 732 1417 Cordubam
752 1377 990 1429 profectus
1006 1384 1090 1428 est,
1114 1379 1191 1418 ubi
1211 1390 1316 1418 eum
1335 1390 1360 1417 a
1379 1378 1534 1418 multis
1550 1378 1643 1418 iam
1664 1377 1759 1417 die—

131 1447 217 1487 bus
247 1448 574 1499 expectabant,
613 1456 657 1488 et
692 1448 749 1488 D.
776 1449 1010 1489 Antonius
1044 1449 1188 1489 frater
1220 1456 1378 1488 noster
1405 1455 1449 1488 et
1478 1455 1627 1488 mater
1660 1448 1759 1488 eius

132 1517 404 1558 Marchiona
423 1519 478 1558 de
502 1518 660 1569 Pliego
695 1525 885 1571 totaque
915 1520 1097 1570 ciuitas,
1127 1526 1176 1560 ut
1211 1520 1362 1571 prima
1398 1520 1571 1560 iaceret
1598 1520 1759 1560 funda-

132 1595 288 1629 menta
326 1589 537 1640 Collegii,
572 1590 883 1630 desiderabat.
913 1590 1072 1642 Neque
1096 1591 1218 1631 enim
1245 1591 1381 1630 citius
1412 1602 1572 1630 eorum
1606 1590 1756 1641 potuit

129 1661 254 1701 votis
274 1661 560 1710 satisfacere,
584 1662 868 1712 gravissima
889 1661 1101 1702 detentus
1123 1662 1406 1711 infirmitate,
1438 1669 1486 1701 ut
1508 1662 1655 1701 instar
1676 1662 1757 1702 mi·

128 1732 277 1772 raculi
298 1732 507 1772 habitum
528 1733 587 1772 sit
607 1732 666 1772 ad
687 1732 932 1783 pristinam
955 1733 1135 1772 restitui
1156 1734 1420 1783 sanitatem3
1453 1733 1520 1772 sic
1542 1738 1642 1772 erat
1663 1733 1755 1772 iam

126 1802 223 1842 fere
241 1803 517 1854 desperatae
531 1809 583 1843 <et
605 1803 875 1854 deploratae
897 1804 1074 1844 salutis:
1099 1804 1180 1844 sed
1201 1805 1419 1844 misertus
1442 1810 1509 1843 est
1526 1803 1754 1844 Dominus

127 1880 172 1913 et
191 1874 339 1913 nostri
361 1880 404 1913 et
432 1875 696 1924 multorum,
735 1874 889 1914 sciens
918 1881 1143 1926 quantum
1174 1881 1295 1915 esset
1323 1875 1397 1915 ille
1432 1875 1565 1914 nobis
1601 1874 1753 1914 adhuc

124 1945 426 1996 plurimisque
448 1945 551 1984 aliis
572 1946 880 1996 necessarius,
904 1946 1247 1997 prouidensque
1268 1953 1441 1997 quanta
1461 1951 1583 1986 esset
1600 1945 1752 1986 adhuc

124 2027 208 2066 per
228 2027 416 2056 seruum
438 2027 573 2056 suum
595 2022 638 2056 et
660 2016 706 2056 in
727 2016 859 2056 breui
879 2017 1101 2057 facturus.

203 2085 338 2136 Nam,
363 2087 442 2127 ubi
472 2099 525 2127 eo
562 2087 812 2127 deuentum
847 2093 931 2137 est,
965 2088 1033 2128 sic
1069 2099 1168 2127 rem
1202 2087 1375 2127 Christi
1408 2087 1602 2127 fideliter
1631 2093 1675 2127 et
1696 2099 1751 2126 ea

124 2169 230 2197 cum
250 2158 560 2197 sollicitudine
581 2158 741 2209 gessit,
767 2164 815 2198 ut
836 2158 963 2198 dictu
984 2160 1152 2199 mirum
1175 2166 1349 2209 quanta
1378 2158 1517 2198 fuerit
1539 2159 1585 2198 in
1606 2159 1750 2198 omni-

121 2228 207 2268 bus
228 2229 352 2268 facta
376 2241 401 2268 a
422 2228 505 2268 X.⁰
527 2229 722 2268 mutatio
758 2236 1023 2281 quantoque
1057 2230 1195 2269 fuerit
1224 2235 1268 2269 et
1290 2230 1550 2269 animorum
1581 2236 1625 2270 et
1646 2242 1752 2281 ope-

121 2311 225 2339 rum
246 2300 451 2339 omnium
473 2301 701 2350 applausu
721 2306 981 2351 susceptus3
1005 2301 1138 2340 cuius
1159 2301 1226 2340 rei
1246 2301 1319 2340 uel
1342 2300 1430 2340 hoc
1452 2300 1590 2340 fuerit
1612 2312 1748 2352 argu·

120 2376 346 2420 mentum,
384 2370 508 2421 quod
536 2370 742 2410 eiusdem
776 2371 980 2411 ciuitatis
1008 2371 1072 2422 (ut
1100 2371 1155 2412 de
1185 2371 1287 2410 aliis
1316 2371 1514 2421 taceam)
1543 2372 1749 2412 decanus

120 2441 324 2491 quidam,
350 2441 482 2480 cuius
504 2441 600 2480 vita
632 2447 675 2481 et
697 2441 849 2481 studia
871 2453 964 2482 non
986 2441 1235 2482 admodum
1257 2442 1442 2482 fuerant
1462 2443 1535 2482 uel
1563 2442 1652 2493 ipsi
1671 2455 1749 2494 po—

118 2512 227 2563 pulo
250 2512 463 2562 probata,
488 2511 530 2550 in
555 2523 659 2551 eam
680 2519 869 2563 repente
890 2513 957 2552 sic
978 2520 1047 2553 est
1065 2519 1218 2553 mente
1240 2519 1459 2563 mutatus,
1481 2519 1529 2552 ut
1546 2513 1747 2564 primum

118 2582 318 2634 quidem,
342 2582 419 2622 ubi
439 2582 627 2622 Patrem
655 2583 901 2623 aduenisse
928 2585 1134 2635 resciuit,
1166 2596 1257 2623 non
1285 2596 1391 2624 eum
1417 2584 1555 2624 fuerit
1576 2595 1744 2635 passus

117 2653 241 2704 apud
263 2653 404 2692 alium
424 2653 669 2703 hospitari,
693 2653 774 2693 sed
796 2653 981 2694 domum
1010 2666 1142 2694 suam
1170 2654 1407 2694 aduehens
1431 2655 1497 2694 sic
1530 2655 1747 2695 tractarit

113 2724 341 2764 hactenus
363 2723 470 2773 (iam
493 2724 614 2763 enim
636 2724 874 2774 propriam
895 2724 1108 2765 habitant
1135 2725 1355 2775 domum),
1387 2732 1436 2764 ut
1462 2737 1555 2765 non
1577 2737 1743 2777 parum

169 2834 180 2854 ¹
219 2834 282 2861 His
294 2839 425 2862 certum
440 2836 510 2862 fex-e
527 2836 680 2868 efficitur,
694 2836 780 2870 quod
793 2836 864 2870 jam
879 2843 993 2870 supra,
1010 2841 1033 2864 t.
1051 2844 1084 2867 11.
1099 2844 1175 2872 pag.
1190 2837 1252 2870 498,
1275 2840 1390 2864 annot.
1407 2837 1430 2869 1,
1454 2837 1634 2868 innuimus.
1656 2837 1744 2864 scili-

116 2886 181 2916 cet,
198 2882 319 2909 harum
335 2883 529 2909 litterarum
545 2888 720 2910 auctorem
742 2890 814 2910 esse
838 2883 1092 2912 Emmanuelem
1114 2885 1152 2911 de
1169 2884 1248 2917 Saa.
1271 2885 1325 2919 qui
1348 2884 1473 2911 Romae
1495 2892 1568 2912 eum
1590 2884 1626 2911 P.
1642 2884 1748 2911 Fran-

117 2930 206 2957 cisco
222 2930 261 2956 de
276 2930 380 2964 Borja
395 2931 539 2964 aliisque
555 2938 641 2957 anno
659 2930 726 2957 1550
740 2930 853 2958 suerat
867 2931 967 2966 (Vide
982 2931 1132 2959 PoLAth
1149 2932 1350 2963 Clzronicon,
1365 2935 1388 2958 t.
1404 2938 1438 2965 11,
1453 2939 1532 2966 pag.
1550 2931 1591 2966 10,
1608 2940 1638 2959 n.
1658 2932 1699 2964 16)
1711 2938 1744 2958 et

116 2977 331 3011 Complutum
353 2984 427 3004 cum
451 2976 579 3009 Joanne
602 2978 641 3004 de
661 2978 775 3011 Borja,
798 2977 912 3005 Patris
936 2977 1108 3006 Francisci
1130 2980 1169 3006 de
1191 2979 1294 3013 Borja
1309 2979 1387 3013 filio,
1404 2986 1490 3006 anno
1513 2980 1579 3006 1551
1601 2984 1745 3007 venerat

113 3023 188 3057 110..
203 3024 301 3056 ibid,
312 3031 389 3058 pag.
403 3023 466 3057 335,
480 3032 508 3051 n.
525 3025 601 3057 347).
