2020 3342
896 238 980 275 AN.
1011 235 1100 274 1556
1742 234 1810 271 2112

265 337 473 378 Audiunt
499 336 574 376 hic
603 335 874 376 coenobitae
902 334 1195 374 diuersarum
1224 331 1503 382 religionum
1530 330 1714 370 circiter
1742 329 1807 379 30,

186 408 350 460 quibus
370 414 416 448 et
435 413 765 459 praeceptores
786 411 892 446 sunt
914 405 1045 445 chari
1065 411 1109 444 et
1131 402 1326 454 accepti,
1350 407 1394 441 et
1416 401 1462 440 in
1484 400 1693 440 docendo
1715 400 1807 440 ido-

184 479 259 519 nei
280 478 382 519 visi.
406 478 548 519 Nobis
568 477 633 517 illi
662 488 711 517 se
732 475 997 528 significant
1018 473 1155 514 valde
1183 472 1447 513 beneuolos:
1481 476 1811 523 praeceptores

184 551 348 590 leniter
369 561 448 590 eos
470 552 514 589 et
535 548 798 588 humaniter
819 547 865 586 in
886 546 1098 586 omnibus
1126 548 1346 585 tractant.
1376 542 1534 594 Itaque
1557 541 1693 582 valde
1722 541 1811 582 illis

185 626 230 661 et
252 622 491 672 placemus
512 625 556 660 et
573 619 839 670 probamur.

265 691 353 742 Qui
372 692 526 742 legere
548 689 745 739 discunt,
770 689 935 729 horum
956 687 1089 727 nobis
1110 691 1179 726 est
1200 694 1371 735 magna
1390 683 1578 723 Virtutis
1596 689 1809 734 expecta-

183 762 262 813 tio,
287 762 504 814 quoniam
527 760 794 801 dulcissimo
816 758 995 799 timoris
1012 757 1100 798 Dei
1115 757 1235 797 lacte
1253 755 1524 801 educantur,
1549 754 1809 794 doctrinam

183 833 436 874 memoriae
474 838 570 872 tam
609 836 829 871 accurate
867 828 1169 877 mandantes,
1207 832 1258 866 vt
1296 837 1399 866 eam
1433 823 1556 864 domi
1596 824 1808 864 doceant:

182 910 290 944 sunt
311 909 467 944 autem
488 913 680 943 numero
703 901 762 941 ad
780 899 872 941 300.
906 900 1010 940 Huc
1036 898 1266 939 accedunt
1286 906 1626 948 nonnunquam,
1647 906 1807 947 paren-

182 981 251 1015 tes
271 974 541 1026 lachrymis,
565 984 685 1024 quae
706 982 869 1012 eorum
891 970 1099 1010 indicant
1119 968 1359 1018 laetitiam,
1384 966 1599 1018 profusis,
1625 967 1747 1017 quod
1763 967 1810 1006 li-

181 1046 318 1086 beros
340 1051 435 1085 tam
466 1050 626 1084 sancte
649 1042 839 1083 videant
859 1041 1051 1082 institui.
1080 1033 1292 1080 Iurantes
1321 1037 1683 1090 reprehendunt,
1715 1043 1806 1078 tam

184 1117 307 1157 domi
328 1127 468 1167 quam
484 1114 614 1165 foris,
634 1113 757 1165 quod
773 1112 929 1162 etiarn,
948 1123 1053 1152 cum
1071 1115 1177 1151 sunt
1192 1107 1488 1159 verberandi,
1509 1109 1658 1148 solent
1674 1108 1721 1148 in
1738 1108 1807 1148 sui

185 1186 501 1227 defensionem
522 1185 769 1235 adducere,
794 1195 851 1224 ne
873 1182 1128 1223 caedantur
1156 1178 1488 1232 supplicantes,
1514 1179 1636 1231 quod
1657 1180 1806 1219 iuran-

185 1264 255 1299 tes
276 1256 582 1308 obiurgarint.

262 1328 413 1368 Huius
432 1326 668 1379 gymnasii
694 1326 848 1366 nullae
876 1325 993 1365 aliae
1023 1330 1130 1365 sunt
1160 1324 1351 1374 regulae
1379 1334 1518 1374 quam
1551 1319 1598 1361 10
1624 1321 1808 1361 diuinae

180 1400 300 1451 legis
321 1403 588 1452 praecepta,
611 1408 811 1449 quorum
832 1402 964 1436 arcta
981 1395 1144 1447 quouis
1161 1394 1233 1435 die
1251 1393 1430 1434 saturni
1446 1393 1566 1433 ratio
1587 1392 1805 1443 exigitur,

178 1477 227 1511 ut
248 1482 298 1511 se
322 1472 368 1511 in
390 1470 481 1510 illis
501 1469 747 1510 seruandis
769 1467 1017 1520 gesserint:
1040 1466 1172 1518 pueri
1194 1472 1350 1506 autem
1372 1465 1567 1506 testibus
1597 1464 1807 1504 nituntur

178 1541 456 1582 confirmare
484 1552 533 1581 se
559 1551 644 1580 nec
665 1540 860 1589 iurasse,
883 1550 968 1579 nec
998 1548 1250 1590 pugnasse,
1281 1536 1550 1588 parentibus
1577 1534 1803 1587 paruisse,

176 1613 331 1653 omnia
353 1611 551 1664 denique
573 1611 819 1661 diligenter
846 1615 1082 1650 executos.
1115 1607 1248 1659 Quod
1275 1607 1314 1648 si
1336 1606 1566 1659 quispiam
1597 1618 1803 1657 compre-

178 1684 352 1724 hensus
381 1689 449 1724 est
481 1683 527 1722 in
556 1683 712 1734 culpa,
747 1682 785 1722 is
818 1680 876 1721 ad
906 1687 1257 1733 praeceptorem
1285 1678 1545 1728 adducitur,
1577 1689 1603 1718 a
1635 1689 1726 1729 quo
1756 1684 1801 1717 et

175 1754 411 1795 Christum
441 1754 628 1794 veniam
655 1764 826 1804 rogare
852 1752 1048 1802 iubetur,
1078 1750 1243 1792 deinde
1270 1749 1531 1800 verberari,
1566 1755 1802 1801 postremo

175 1825 407 1866 sacerdoti
430 1824 653 1865 confiteri.
679 1824 764 1864 His
787 1835 926 1875 saepe
948 1823 996 1863 P.
1017 1822 1189 1863 Rector
1204 1822 1430 1862 interesse
1447 1821 1579 1860 solet.
1598 1820 1801 1860 Plurima

173 1896 293 1937 inter
314 1908 394 1937 eos
416 1896 636 1936 eueniunt
656 1895 861 1935 maxime
882 1893 1318 1943 animaduertenda,
1350 1898 1393 1932 et
1415 1892 1474 1932 ad
1495 1892 1703 1932 diuinum
1724 1892 1800 1931 ho-

173 1980 334 2008 norem
357 1968 635 2019 spectantia,
660 1978 794 2018 quae,
817 1978 874 2006 ne
896 1967 1088 2016 longum
1108 1964 1293 2012 faciam,
1318 1964 1498 2004 tacebo.
1522 1963 1682 2014 Itaque
1704 1963 1800 2002 vni⁴

172 2039 295 2079 uersi
324 2039 370 2079 in
405 2039 657 2090 magistros
691 2044 799 2078 sunt
827 2038 1000 2089 optime
1028 2036 1236 2076 animati.
1269 2035 1515 2075 Profectus
1551 2034 1799 2085 aliquando

171 2110 361 2161 quidam
392 2110 451 2150 ad
486 2109 838 2150 coenobitarum
873 2108 1018 2148 vitam
1040 2107 1298 2156 colendam,
1323 2118 1350 2146 a
1380 2117 1464 2146 suo
1492 2106 1683 2146 doctore
1712 2106 1798 2145 dis—

172 2181 325 2230 cessit,
360 2192 539 2221 summa
571 2180 922 2232 lachrymarum
958 2179 1093 2230 copia
1124 2183 1302 2219 testans
1336 2189 1386 2217 se
1419 2182 1601 2217 tantum
1634 2176 1799 2216 benefi-

173 2252 311 2302 cium,
336 2252 458 2303 quod
478 2252 618 2292 vellet
641 2252 859 2302 religiose
881 2251 1057 2300 viuere,
1083 2255 1326 2301 acceptum
1352 2248 1432 2296 illi,
1463 2253 1659 2299 excepto
1680 2247 1795 2298 Deo,

171 2323 464 2374 potissimum
483 2323 674 2363 referre.
698 2322 814 2363 Illud
834 2322 975 2362 etiam
996 2319 1173 2361 addidit
1194 2332 1258 2370 se,
1283 2319 1505 2371 quoniam
1536 2318 1634 2359 eius
1654 2330 1797 2359 causa

171 2399 295 2435 esset
334 2393 644 2443 christianus,
688 2393 970 2434 monendum
1004 2403 1106 2432 esse
1141 2397 1185 2431 et
1224 2390 1525 2431 excitandum
1558 2389 1716 2430 verbis
1755 2395 1797 2430 et

171 2465 397 2517 exemplis
424 2465 483 2505 ad
515 2464 741 2521 maiorem
771 2464 896 2504 Vitae
930 2463 1277 2515 perfectionem.
1315 2461 1494 2502 Similia
1528 2467 1572 2501 et
1608 2460 1798 2512 reliquis

171 2536 466 2586 usuueniunt‚
501 2535 609 2588 quia
631 2547 689 2576 ex
711 2535 925 2575 omnibus
954 2533 1214 2586 gymnasiis
1244 2532 1451 2584 plerique
1480 2532 1527 2572 in
1547 2532 1797 2582 religiones

170 2606 514 2658 ingrediuntur.
546 2606 701 2658 Atque
732 2619 790 2646 ex
820 2617 874 2646 eo
905 2605 1041 2646 facile
1072 2605 1175 2657 quis
1201 2615 1363 2645 eorum
1393 2604 1439 2644 in
1467 2608 1795 2656 praeceptores

169 2677 391 2729 pietatem
412 2678 679 2730 perspicere
702 2677 861 2729 possit,
886 2677 1008 2728 quod
1030 2676 1239 2716 absentia
1270 2675 1484 2726 magistri
1506 2674 1795 2726 aegrotantis

170 2749 374 2789 maxime
397 2748 640 2798 doluerint,
666 2754 709 2797 et
732 2760 789 2788 ex
812 2748 899 2788 illis
930 2759 1048 2788 unus
1070 2747 1328 2787 orationem
1350 2746 1602 2787 confecerit
1630 2745 1688 2786 ad
1715 2757 1793 2796 pu-

170 2820 290 2860 blice
313 2818 647 2871 deplorandam
669 2819 740 2859 sui
762 2818 1080 2870 praeceptoris
1102 2818 1376 2858 absentiam.

248 2889 364 2931 Sunt
387 2902 579 2931 numero
602 2889 659 2930 ad
680 2889 759 2930 900
785 2890 1026 2942 (puerulos
1052 2888 1273 2940 excipio),
1299 2900 1383 2928 nec
1413 2895 1568 2928 tamen
1596 2888 1793 2938 exiguus

171 2966 239 3001 est
255 2972 476 3002 numerus
495 2961 535 3001 si
551 2961 795 3001 caritatem
812 2972 1023 3001 annonae
1045 2960 1284 3012 respicias,
1305 2971 1395 3011 qua
1412 2970 1641 3011 pauperes
1659 2957 1792 2997 ualde

171 3038 457 3085 premuntur.
481 3032 680 3083 Magnos
700 3032 746 3073 in
766 3032 913 3074 literis
932 3031 1110 3075 faciunt
1131 3041 1422 3087 progressus.
1444 3030 1576 3075 Nunc
1593 3030 1792 3086 primum
