2020 3342
868 203 952 240 Ax.
984 204 1075 240 1556
1739 208 1788 243 Δΐ)

162 298 371 347 generali
406 298 653 337 comitatus
686 297 964 346 Aruerniae,
998 305 1041 337 et
1071 298 1336 337 consulibus
1366 299 1492 338 urbis
1525 300 1741 341 Vicensis
1774 304 1781 320 ¹

160 374 371 417 rogatus,
409 368 613 408 crastino
648 368 722 408 die
756 368 843 407 iter
878 380 932 407 eo
961 368 1156 417 adorno,
1187 369 1496 408 concionandi
1525 371 1679 419 gratia
1711 372 1785 411 die

160 437 373 488 proximo
395 438 642 487 dominico,
678 438 772 478 iam
792 445 900 478 ante
922 438 1261 489 quadrimestre
1284 438 1452 489 ibidem
1474 439 1782 481 desideratus.

240 507 375 557 Vale,
399 508 538 548 Pater
558 509 605 548 in
636 508 820 549 Christo
850 508 1295 557 obseruandissime,
1330 520 1507 560 nosque
1534 511 1787 551 sacrificio-

162 589 263 618 rum
300 585 438 629 atque
472 579 738 619 orationum
766 586 951 618 tuarum
982 579 1214 618 tutissimo
1245 579 1480 630 praesidio
1517 580 1575 620 ad
1610 582 1784 632 praelia

161 647 352 688 Domini
373 649 560 689 heroice
580 649 787 700 gerenda
809 649 1038 689 aduersus
1059 650 1218 689 hostes
1245 650 1459 690 veritatis
1487 662 1618 691 arma
1646 659 1789 703 atque

160 730 425 770 propugna:
450 720 509 759 ad
530 731 728 771 quorum
744 719 1052 759 certaminum
1069 731 1344 771 prosperum
1363 727 1580 761 euentum
1595 721 1784 762 Patrum

163 802 219 830 ac
256 790 475 840 fratrum,
512 791 590 842 qui
618 791 722 830 istic
751 791 992 830 turmatim
1028 792 1348 830 castrametati
1383 799 1510 841 sunt,
1548 794 1790 843 suppetias

158 872 340 912 quoque
366 861 682 912 imploramus.
701 860 929 901 Dominus
943 861 1094 913 Jesus,
1113 873 1320 901 summus
1337 862 1609 912 Imperator,
1635 864 1784 903 heroi-

159 941 213 970 ca
235 938 312 970 tua
334 938 689 982 stratagemata,
715 943 799 971 ceu
820 931 952 971 ducis
974 932 1209 971 exercitus
1229 932 1392 981 nostri,
1412 943 1705 983 prosperare,
1731 946 1787 974 ac

158 1002 345 1041 tandem
369 1014 596 1042 coronare
613 1002 830 1053 dignetur
850 1009 955 1053 post
977 1002 1168 1042 militiae
1189 1009 1381 1042 exactos
1399 1004 1564 1053 longos
1584 1004 1784 1044 labores.

237 1072 434 1120 Biliomi,
459 1073 638 1113 decimo
658 1073 870 1126 Januarii
895 1073 1010 1113 1556.

237 1142 435 1194 Imperio
474 1143 567 1183 Rdi
611 1143 658 1184 P.
697 1143 794 1184 D.¹¹i
830 1143 1104 1195 Hieronymi
1135 1144 1286 1184 Bassii
1320 1143 1580 1195 Praepositi
1614 1145 1788 1186 Aruer—

158 1213 306 1263 niani,

563 1285 683 1326 ΗΜΘ
714 1286 813 1326 Pstis
843 1294 950 1326 tuae
972 1286 1192 1336 indignus
1214 1286 1357 1336 filiuS,
1413 1324 1417 1328 .

958 1427 1205 1468 ROBERTUS
1235 1427 1301 1468 CL
1309 1440 1569 1470 AYSSONIUS.

237 1640 588 1692 Superscrz'ptio
609 1641 659 1680 in
679 1644 848 1681 octava
862 1641 1080 1692 pagiua:
1099 1640 1200 1680 R.d0
1229 1640 1276 1680 in
1298 1641 1485 1681 Christo
1512 1641 1641 1681 Patri
1668 1641 1773 1681 D.1¹0

156 1711 340 1761 Ignatio
363 1712 418 1751 de
439 1711 619 1763 Loyola
640 1711 914 1763 Praeposito
934 1713 1146 1762 generali
1167 1711 1416 1752 Societatis
1436 1712 1561 1765 Jesu.
1584 1712 1780 1752 Romae.

234 1781 344 1821 Alsa
365 1793 528 1822 mama:
547 1782 696 1835 Jesus.
716 1782 913 1822 Biliomi.
929 1782 1305 1833 Quadrimestres
1320 1782 1365 1823 X
1380 1782 1592 1834 Januarii
1613 1782 1729 1823 1556.
1749 1782 1784 1833 Ἰ-

319 2225 568 2252 Praecedentes
584 2225 724 2252 Roberti
741 2224 933 2261 Clayssonii
951 2225 1091 2252 litterae
1107 2232 1127 2251 a
1143 2224 1178 2251 P.
1199 2224 1348 2251 Polanco
1364 2224 1565 2252 emendatae
1584 2225 1611 2253 ⁶2.

402 2421 642 2471 Quaedam
672 2433 735 2461 ex
763 2421 918 2461 literis
947 2422 1013 2461 M.
1050 2420 1248 2461 Rohertc'
1281 2420 1537 2460 Claz'ssom'z‘

578 2491 799 2531 Bc'llz'omc'
831 2493 895 2532 IO
926 2492 1163 2543 Januarii
1195 2492 1350 2531 1556.

232 2633 475 2684 Vigesimo
497 2635 648 2685 primo
669 2633 955 2685 Septembris
972 2646 999 2673 a
1015 2634 1129 2674 R.1110
1147 2634 1349 2674 Domino
1374 2634 1431 2674 ad
1450 2634 1701 2674 sacerdotii
1719 2634 1783 2673 di-

149 2704 392 2754 gnitatem,
414 2704 668 2755 z‘ndzgnus,
689 2712 879 2745 euectus
898 2705 963 2745 fui
991 2705 1309 2745 Claromonte:
1340 2704 1565 2756 postridie
1596 2705 1783 2745 Biliomi

150 2774 196 2814 in
218 2786 399 2814 summo
421 2777 591 2826 templo
614 2776 813 2826 primum
837 2775 1118 2816 sacrificium
1141 2775 1241 2815 Deo
1263 2777 1406 2816 obtuli
1428 2787 1535 2816 eum
1551 2783 1682 2816 tanta
1701 2776 1779 2815 ho—

208 2909 216 2928 ¹
264 2909 369 2937 Vic-le
385 2909 509 2937 Comte.

204 2955 218 2975 ‘-'
255 2956 347 2989 Quae
362 2964 620 2991 suppressorum
635 2958 708 2985 loco
723 2959 898 2986 substituit
916 2959 1100 2988 Polaticus,
1125 2959 1258 2986 italicis
1272 2959 1325 2986 hic
1343 2958 1602 2986 characteribus
1617 2966 1674 2986 seu
1690 2958 1780 2994 typi>

152 3004 392 3031 describemus.
