2020 3342
832 263 916 300 AN.
947 262 1040 300 1556
1094 244 1106 248 “
1675 263 1750 301 433

119 362 328 411 nicanOS‚
353 372 412 400 ex
431 360 597 412 quibus
635 359 682 399 15
715 360 945 409 doctores,
983 366 1027 399 et
1049 371 1167 399 unus
1195 359 1444 410 episcopus
1463 358 1563 399 fuit.
1592 358 1744 399 Habet

120 433 242 473 intra
265 436 396 483 septa
418 442 503 471 sua
524 430 729 471 omnium
750 430 980 471 artificum
1001 430 1224 480 officinas,
1248 429 1522 473 ,scholarum
1549 435 1593 469 et
1616 429 1742 470 habi-

122 502 311 543 tationis
327 501 717 551 commoditatem,
737 501 898 541 hortos
910 501 1050 541 etiam
1066 507 1111 541 et
1125 500 1320 552 reliqua,
1343 511 1462 552 quae
1478 501 1526 540 in
1546 500 1743 551 collegio

121 573 276 625 expeti
295 578 504 624 possunt;
528 578 572 612 et
593 571 843 622 aliquando
865 582 1001 622 spero
1017 571 1115 611 fore
1137 577 1186 611 ut
1206 571 1399 611 iuuenes
1415 572 1677 622 complures
1696 571 1745 611 in

121 644 267 685 literis
302 649 347 683 et
381 643 587 683 moribus
619 642 736 682 bene
772 642 1057 692 instituendi,
1093 653 1221 682 more
1256 641 1442 692 collegii
1476 641 1744 682 Germanici

127 715 280 765 VrbiS,
304 714 451 755 teneri
472 714 519 754 in
539 713 788 754 coniuncta
818 712 956 753 domo
979 724 1005 752 a
1032 713 1166 753 nobis
1187 713 1381 764 possint,
1412 724 1470 752 ne
1496 711 1742 752 incidendo

123 787 168 826 in
191 785 402 826 homines
423 796 588 836 parum
610 784 833 835 probatae
854 782 973 833 fidei,
998 784 1100 834 plus
1124 795 1286 824 eorum
1312 783 1647 823 consuetudine
1670 783 1744 823 de-

121 862 392 908 prauentur‚
417 867 557 906 quam
580 867 607 894 a
627 855 762 894 nobis
784 855 1015 894 iuuentus.

199 927 269 967 De
289 925 688 977 persecutionibus
708 925 910 965 breuiter
931 932 975 965 et
995 937 1146 976 pauca
1167 925 1433 976 perstrinxi,
1455 936 1560 965 cum
1577 925 1633 965 de
1654 925 1742 965 illis

121 999 290 1038 fratres
311 997 471 1047 nostri,
496 1003 545 1037 ut
566 997 694 1036 caeci
717 996 772 1036 de
789 996 1036 1045 coloribus,
1061 996 1187 1047 loqui
1206 996 1468 1047 uideantur3
1499 1002 1596 1036 tam
1621 996 1745 1036 enim

122 1070 288 1109 viuunt
309 1068 461 1108 securi
483 1068 529 1108 in
549 1067 766 1108 maximis
786 1067 1021 1118 periculis,
1045 1067 1178 1118 quasi
1205 1067 1298 1107 iam
1319 1068 1365 1107 in
1386 1067 1612 1107 Paradiso
1640 1078 1745 1118 age-

122 1146 240 1181 rent.
263 1139 360 1180 Nec
380 1140 563 1189 mirum,
587 1150 694 1178 cum
715 1138 808 1178 iam
829 1138 976 1178 altero
998 1138 1129 1189 pede,
1152 1149 1318 1190 nempe
1348 1138 1530 1188 affectu,
1553 1138 1616 1178 ibi
1636 1139 1743 1187 sint,

123 1217 167 1251 et
186 1210 354 1251 effectu
375 1221 477 1250 esse
505 1215 708 1261 sperent,
737 1209 785 1248 in
815 1208 915 1249 dies
949 1208 1134 1249 assidue
1169 1209 1294 1248 domi
1320 1215 1363 1249 et
1392 1214 1525 1249 extra
1560 1208 1747 1249 domum

119 1282 399 1333 martyrium
415 1286 731 1332 expectantes,
750 1280 1026 1331 praesertim
1040 1280 1149 1320 dum
1166 1280 1225 1320 ad
1242 1280 1428 1320 scholas
1440 1279 1726 1319 descendunt
1737 1311 1748 1330 ,

122 1352 202 1393 Vbi
222 1352 526 1403 probabiliter
547 1350 804 1391 secundum
824 1350 1078 1390 humanam
1100 1351 1331 1390 rationem
1352 1362 1591 1401 nunquam
1610 1361 1660 1390 se
1678 1361 1749 1390 re-

120 1424 300 1464 dituros
321 1422 380 1463 ad
401 1422 678 1471 cubiculum,
697 1421 778 1461 sed
799 1420 952 1472 potius
970 1421 1029 1461 ad
1049 1422 1251 1461 coeleste
1267 1421 1634 1470 tabernaculum,
1659 1420 1747 1460 sibi

120 1494 405 1546 persuadere
424 1499 633 1545 possunt.
657 1493 779 1533 Ecce
801 1492 847 1532 in
869 1492 1101 1543 Aquilone
1122 1491 1267 1532 India.

200 1565 350 1605 Hodie
367 1564 525 1605 habita
546 1570 615 1604 est
634 1564 681 1604 in
701 1563 886 1603 laudern
908 1562 1067 1603 Sancti
1082 1562 1276 1615 Joannis
1292 1563 1531 1614 Baptistae
1549 1562 1698 1603 oratio
1720 1574 1746 1602 a

121 1636 324 1688 quodam
363 1648 422 1676 ex
460 1635 700 1687 discipulis
720 1667 728 1685 ,
766 1646 871 1674 cum
910 1634 1258 1674 Catholicorum
1303 1641 1348 1673 et
1390 1633 1744 1673 Haereticorum

124 1708 329 1748 omnium
350 1706 669 1747 satisfactione
689 1706 912 1756 maxima,
936 1712 1023 1745 etc.

202 1779 264 1819 In
291 1781 465 1830 quarta
502 1778 687 1829 pagina
721 1777 833 1817 haec
871 1776 1122 1827 leguntur:
1161 1776 1274 1816 1556.
1313 1776 1510 1826 Pragae.
1553 1775 1748 1827 Quadri·

121 1856 318 1890 mestres
337 1849 461 1889 7bris
481 1847 587 1900 (sic)
611 1848 725 1888 1556.

311 3123 360 3161 T.
393 3135 445 3162 iv.
472 3146 476 3148 -
1515 3123 1557 3158 28
