2020 3342
829 262 912 302 AN.
943 263 1033 302 1556
1672 261 1741 301 577

124 363 378 403 conciliare
400 365 443 402 et
459 362 688 413 perficere
708 361 1056 413 nequiuissent),
1081 359 1282 411 quinque
1304 370 1352 398 se
1374 358 1503 401 uiros
1530 370 1586 398 ex
1617 361 1740 399 omni

122 434 313 474 ciuitate
334 433 527 474 idoneos
549 433 850 473 delecturum.

202 503 517 544 Accesserunt
539 511 583 544 et
604 505 695 544 duo
717 503 774 543 ad
797 503 1001 542 Montem
1023 501 1245 542 Sanctum
1263 501 1345 551 (sic
1364 500 1584 552 oppidum
1601 501 1740 552 quod-

122 574 228 614 dam
253 575 297 614 in
319 574 490 614 Piceno
512 575 715 624 uocant),
740 574 877 623 vnde,
908 573 1073 624 quibus
1103 572 1313 613 Societas
1343 572 1536 611 multum
1565 572 1740 612 exerci-

120 646 222 685 tari
252 645 493 686 consueuit
528 645 721 695 studiis,
756 644 1091 695 amplissimum
1126 642 1329 683 fructum
1357 643 1628 683 retulerunt.
1666 642 1740 683 Ad

120 726 317 766 magnas
339 716 460 756 enim
481 722 525 756 et
546 716 594 755 in
616 715 810 766 magnis
830 714 1031 754 summis
1046 713 1252 754 difficiles
1270 712 1586 753 restitutiones
1602 725 1735 765 quos-

119 785 227 826 dam
247 786 544 827 induxerunt.
568 786 902 826 Monasterium
929 785 1266 826 monacharum
1293 784 1391 824 eius
1418 784 1621 824 ciuitatis
1646 785 1733 836 pri-

118 857 269 897 stinae
290 857 549 909 integritati
570 857 829 897 communis
851 863 894 896 et
921 855 1221 907 Apostolicae
1251 855 1374 895 uitae
1406 854 1637 905 rationem
1666 867 1736 895 sa-

118 927 185 968 cri
212 928 415 973 conuiuii
448 927 819 979 frequentatione
846 927 1163 966 restituerunt.
1193 925 1342 965 Dirae
1372 926 1546 977 aliquot
1575 925 1738 967 Satha-

118 1010 205 1038 nae
227 999 303 1039 diu
320 999 615 1050 mancipatos
631 998 861 1048 seruituti,
879 997 1065 1038 Christo
1088 1002 1412 1047 asseruerunt;
1441 1008 1496 1037 ac
1518 997 1638 1037 inter
1659 1008 1740 1037 eos

116 1069 376 1121 iuuencula,
402 1071 466 1110 illi
488 1071 581 1110 iam
601 1070 720 1122 pesti
743 1070 798 1109 ab
819 1068 1132 1120 impurissima
1148 1074 1298 1108 matre
1315 1067 1561 1118 destinata,
1579 1080 1740 1109 eorum

119 1151 263 1192 opera
296 1145 339 1181 et
375 1140 551 1181 Christi
582 1140 816 1190 ductibus,
849 1140 1096 1191 implorato
1129 1138 1433 1189 magistratus
1464 1139 1652 1190 auxilio,
1682 1140 1739 1179 ab

117 1211 385 1263 turpissimo
416 1212 604 1252 interitu
636 1216 857 1252 reuocata
888 1210 997 1259 fuit,
1034 1216 1078 1250 et
1108 1220 1213 1249 cum
1248 1209 1527 1260 magistratu
1557 1210 1603 1250 id
1637 1210 1738 1250 effe-

116 1288 258 1334 ctum,
280 1289 328 1323 ut
350 1294 453 1323 eam
482 1283 580 1335 ipse
608 1293 902 1323 communem
930 1280 1117 1320 ciuitati
1142 1280 1414 1332 adoptatam
1443 1280 1586 1321 filiam
1616 1282 1738 1333 apud

117 1354 338 1394 honestas
358 1365 587 1406 personas
608 1354 873 1393 collocaret.

193 1424 289 1465 Nec
310 1425 464 1465 minus
486 1425 531 1464 in
553 1424 727 1464 Sancto
750 1422 989 1474 SeuerinO,
1014 1423 1221 1463 eiusdem
1252 1422 1410 1463 Piceni
1438 1421 1624 1474 oppido,
1658 1424 1744 1463 alii.

116 1496 175 1537 ad
195 1496 435 1548 religionis
456 1496 659 1536 studium
689 1495 866 1547 paucis,
900 1506 1016 1546 quas
1044 1494 1105 1534 ibi
1136 1494 1412 1544 habuerunt,
1441 1494 1745 1535 contionibus

113 1567 433 1619 profecerunt3
466 1580 521 1607 ea
549 1578 749 1618 namque
776 1578 884 1606 mox
912 1566 1165 1615 uoluntate,
1196 1565 1321 1605 haud
1349 1565 1413 1605 ita
1443 1565 1623 1616 pridem
1650 1566 1744 1606 sibi.

115 1639 323 1690 ignotam
358 1638 640 1679 Societatem
666 1643 897 1687 nostram,
931 1647 1036 1676 cum
1063 1637 1276 1688 populus,
1310 1642 1407 1676 tum
1437 1636 1735 1677 sacerdotum

113 1710 338 1761 imprimis
360 1709 572 1760 collegia,
598 1715 704 1748 sunt
726 1709 971 1760 complexi,
995 1713 1043 1747 ut
1064 1719 1156 1747 non
1178 1713 1270 1747 tam
1294 1707 1467 1748 distare
1494 1708 1648 1759 aliquo
1676 1709 1734 1748 ab

112 1793 165 1821 ea
187 1780 471 1831 discrimine,
495 1792 635 1832 quam
656 1780 756 1820 eius
777 1779 964 1819 omnino
986 1779 1080 1819 iam
1102 1779 1245 1819 ueluti
1259 1783 1429 1830 partes
1455 1783 1499 1818 et
1525 1780 1734 1819 membra

114 1853 343 1904 quaedam
374 1863 476 1892 esse
509 1851 771 1892 uideantur.
809 1850 1124 1891 Veneratione
1160 1856 1315 1890 autem
1352 1856 1483 1891 tanta
1515 1857 1622 1891 sunt
1655 1862 1732 1891 no-

111 1930 235 1964 stros
263 1923 513 1976 prosecuti,
546 1928 594 1962 ut
622 1923 774 1962 clerus
801 1921 951 1962 omnis
978 1922 1117 1972 longo
1145 1921 1322 1972 ordine,
1353 1927 1576 1973 tanquam
1603 1922 1649 1961 in
1666 1933 1732 1961 sa-

111 1995 203 2035 cris
235 1994 602 2045 lustrationibus,
636 1993 910 2046 procedens,
948 1979 1009 2033 ad
1042 1999 1317 2044 suggestum
1352 1994 1732 2034 concionatorem

109 2066 324 2117 deducat,
346 2072 390 2107 et
410 2066 575 2106 eodem
596 2077 758 2105 rursus
781 2065 974 2115 honore,
1002 2064 1126 2104 facta
1150 2064 1390 2115 concione,
1421 2065 1630 2105 reducat.
1661 2065 1732 2106 Ex

108 2138 346 2177 canonicis
374 2148 514 2189 porro
545 2135 827 2176 honoratior
856 2135 1050 2187 quisque
1081 2138 1124 2174 et
1154 2135 1447 2186 expectatz‘or
1473 2136 1661 2187 nostris,
1692 2138 1730 2177 si

108 2219 243 2248 sacra
265 2208 487 2258 facerent,
512 2207 718 2248 studiose
747 2206 1004 2258 cupideque
1031 2206 1284 2256 z'nserm‘at,
1310 2207 1417 2247 licet
1443 2208 1611 2248 obnixe
1642 2208 1731 2248 illis

108 2280 272 2329 nostri,
297 2286 345 2320 ut
367 2280 413 2319 in
435 2278 664 2319 eiusmodi
685 2290 734 2318 re
752 2289 836 2329 par
859 2284 943 2328 est,
968 2277 1240 2317 renitantur
1263 2277 1657 2330 reluctentnrqne.

187 2350 252 2390 lbi
274 2362 384 2390 uero
401 2349 702 2401 quatriduum
719 2348 1011 2399 commorati,
1030 2348 1331 2389 Camarinum
1352 2357 1457 2390 sunt
1474 2351 1727 2402 progressi.

109 2420 196 2462 Hic
219 2421 311 2462 iam
333 2421 459 2461 urbis
484 2421 744 2472 Episcopus
774 2418 799 2470 ¹,
836 2420 913 2470 qui
940 2420 1201 2460 incredibili
1229 2432 1309 2460 eos
1339 2421 1635 2462 contentione
1663 2434 1728 2462 re-

108 2493 346 2544 quisierat,
370 2492 561 2542 ingenti
579 2491 807 2532 desiderio
829 2497 1121 2542 expectarat,
1145 2491 1311 2532 maiori
1332 2492 1506 2533 laetitia
1529 2504 1583 2533 ac
1606 2494 1729 2534 uolu-

108 2569 235 2614 ptate
257 2564 453 2614 excepit.
486 2563 603 2603 Cum
635 2574 688 2602 eo
720 2562 922 2602 ciuitatis
952 2561 1231 2603 Moderator
1260 2564 1362 2615 pari
1390 2563 1445 2604 de
1476 2565 1608 2605 nobis
1638 2566 1729 2617 opi-

107 2634 245 2675 nione
269 2641 406 2686 atque
428 2634 774 2674 existimatione
796 2640 945 2673 certat
967 2645 974 2684 ;
999 2645 1054 2674 ac
1082 2634 1288 2674 nondum
1315 2636 1373 2675 ab
1400 2635 1456 2676 iis
1484 2637 1729 2688 salutatus,

108 2707 359 2746 aduentum
381 2716 542 2745 eorum
564 2705 762 2745 buccina
791 2704 913 2744 iubet
941 2711 1038 2745 tota
1071 2706 1184 2746 urbe
1207 2711 1520 2757 personatum
1552 2708 1732 2748 cunctis

106 2776 334 2817 nunciari.
360 2775 533 2817 Omnes
555 2776 614 2816 ad
635 2786 802 2815 sacras
824 2775 1066 2815 conciones
1086 2780 1129 2816 et
1147 2777 1410 2819 doctrinam
1428 2779 1732 2820 christianam

107 2847 297 2898 excitat,
322 2853 569 2898 conuocat,
593 2847 784 2888 inuitat:
808 2859 1001 2888 auersos
1022 2854 1066 2888 et
1086 2849 1379 2900 negligentes
1399 2862 1506 2891 cum
1527 2851 1649 2891 bono
1677 2862 1732 2890 ac

106 2917 228 2959 fideli
264 2918 568 2959 Moderatore
603 2919 804 2971 optimus
838 2918 1099 2971 Episcopus
1135 2921 1378 2974 omnisque
1408 2922 1586 2974 primus
1618 2922 1732 2963 ordo

124 3022 268 3030 mu—V-*<2
278 3025 282 3026 γ
289 3025 340 3030 ἴῳ
346 3025 381 3031 ἐς,

161 3079 173 3102 ¹
212 3080 386 3109 Berardus
398 3081 646 3117 Bongiovanm.

248 3140 302 3180 T.
324 3151 375 3180 xv,
1501 3157 1545 3194 37
