2020 3342
902 205 985 241 AN.
1023 203 1113 240 1556
1798 204 1820 239 7

196 313 343 342 vnum
364 300 652 351 Valentiam,
676 307 770 341 tres
792 300 1103 350 Placentiam,
1137 299 1255 339 duos
1283 298 1630 339 Conimbricam
1660 297 1669 317 ¹
1699 299 1820 339 misi-

202 384 318 412 mus.
343 372 496 424 Atque
518 372 573 412 de
594 372 666 412 his
686 372 802 412 haec
825 383 850 411 a
872 371 1004 411 nobis
1026 370 1286 421 generatim
1308 370 1433 410 dicta
1454 370 1561 409 sint.

277 443 501 484 Caeterae
522 454 635 483 uero
657 449 846 483 nostrae
868 442 1217 493 occupationes,
1242 441 1465 480 exercitia
1487 447 1625 492 atque
1645 441 1813 489 studia,

199 514 364 565 quibus
402 525 488 554 nos
527 513 735 553 distineri
772 513 960 564 saepius
995 512 1245 562 accepisti,
1284 517 1328 551 et
1359 512 1414 551 de
1447 523 1644 562 quorum
1678 512 1819 552 etiam

198 584 445 624 uberrimis
466 585 691 624 fructibus
712 584 758 623 in
779 584 850 623 his
872 583 1045 623 referre
1067 583 1125 622 ad
1156 589 1199 622 te
1221 582 1505 632 solebamUS‚
1529 582 1575 622 in
1597 582 1721 622 aliud
1743 594 1819 632 ge-

197 666 285 695 nus
307 667 332 695 a
355 655 513 695 diuina
534 655 828 706 prouidentia
850 659 1133 694 commutata
1156 660 1283 703 sunt,
1308 654 1570 703 multosque
1592 653 1709 692 alios
1729 653 1821 693 fru—

197 733 298 765 ctus
331 726 464 766 nobis
490 731 790 777 pepererunt;
822 732 953 765 tanta
981 725 1101 764 enim
1128 724 1397 764 morborum
1423 724 1495 763 uis
1523 729 1700 763 aestate
1729 723 1818 763 ista

196 797 410 848 proxima
432 797 690 847 Collegium
711 795 797 836 hoc
818 802 1029 836 nostrum
1055 796 1250 844 inuasit,
1280 801 1330 834 vt
1351 795 1397 834 in
1417 806 1560 834 Vnam
1590 806 1692 834 eam
1720 806 1819 834 rem

197 879 358 907 omnes
377 874 563 907 nostras
585 868 805 917 actiones,
830 874 1024 907 conatus
1047 872 1091 906 et
1112 866 1264 906 studia
1288 871 1563 905 conuertere
1583 865 1723 905 fuerit
1743 877 1818 904 ne-

197 949 342 985 cesse,
365 944 414 978 ut
435 939 589 988 aliquo
619 938 757 977 modo
787 943 916 977 tanto
945 938 1066 977 malo
1095 936 1356 976 imminenti
1383 947 1631 976 occurrere
1661 947 1816 986 posse-

197 1020 314 1059 mus;
338 1009 454 1048 adeo
477 1009 596 1048 mole
625 1009 724 1060 ipsa
755 1017 800 1048 et
829 1007 1122 1048 multitudine
1150 1008 1283 1059 quasi
1312 1007 1638 1047 obruebamur.
1666 1006 1817 1046 Fuere

196 1079 316 1119 enim
341 1091 398 1119 ex
418 1080 604 1127 nostris,
629 1080 707 1130 qui
726 1080 859 1120 uario
876 1079 1073 1119 febrium
1091 1079 1450 1129 morborumque
1464 1089 1637 1128 genere
1658 1084 1702 1117 et
1723 1084 1817 1117 ten-

196 1150 280 1190 tati
309 1156 353 1190 et
382 1150 593 1200 grauiter
620 1149 775 1190 affecti
809 1149 994 1199 fuerint,
1032 1151 1278 1200 plusquam
1313 1149 1640 1200 quadraginta,
1679 1154 1729 1188 vt
1758 1161 1817 1188 ne

196 1232 316 1261 unus
327 1221 511 1272 quidem
528 1221 730 1272 reliquus
748 1220 997 1271 uideretur,
1017 1221 1093 1272 qui
1106 1221 1363 1260 domestica
1382 1220 1638 1259 ministeria
1651 1231 1817 1259 curare

197 1297 374 1342 posset:
406 1292 469 1331 illi
496 1292 637 1331 etiam
667 1292 775 1342 ipsi,
798 1292 875 1342 qui
906 1304 932 1331 a
962 1290 1192 1331 Simancis
1213 1297 1256 1330 et
1287 1290 1476 1330 Concha
1498 1302 1583 1330 nos
1615 1290 1818 1330 adiuturi

194 1368 434 1410 uenerant,
458 1363 597 1413 paulo
619 1368 722 1412 post
743 1362 789 1402 in
809 1362 1055 1413 grauiores
1071 1362 1256 1401 morbos
1274 1361 1548 1401 inciderunt:
1568 1367 1667 1400 erat
1685 1373 1813 1411 prae-

193 1439 321 1473 terea
340 1444 489 1484 genus
505 1434 656 1484 ipsum
672 1433 822 1473 morbi
837 1444 998 1484 graue,
1018 1432 1330 1483 periculosum
1347 1438 1390 1471 et
1407 1432 1689 1482 diuturnum,
1710 1438 1754 1472 et
1771 1432 1818 1472 in

195 1504 332 1555 quod,
356 1512 659 1555 posteaquam
680 1505 821 1544 leuati
848 1504 1138 1552 uiderentur,
1168 1515 1330 1543 rursus
1358 1504 1413 1543 de
1444 1503 1627 1554 integro
1656 1503 1818 1543 reinci-

197 1575 358 1615 derent
379 1576 579 1626 saepius,
604 1587 752 1627 neque
774 1586 978 1626 unquam
996 1575 1134 1614 saluti
1151 1575 1377 1625 pristinae
1399 1574 1578 1614 restitui
1598 1585 1734 1625 posse
1755 1574 1819 1614 ui-

197 1646 438 1695 debantur3
462 1658 608 1698 eoque
631 1646 806 1686 factum
828 1652 911 1696 est,
935 1652 984 1686 ut
1015 1645 1186 1686 diutius
1207 1645 1450 1686 intermitti
1481 1652 1642 1685 nostra
1663 1646 1817 1685 omnia

197 1717 349 1756 studia
370 1717 508 1756 fuerit
533 1728 744 1766 necesse,
769 1717 892 1768 quod
920 1716 1356 1767 ingrauescentibus
1384 1717 1429 1756 in
1457 1715 1554 1756 dies
1580 1716 1732 1766 magis
1764 1728 1819 1756 ac

198 1787 348 1838 magis
368 1787 557 1835 morbiS,
582 1788 778 1839 unisque
806 1800 865 1827 ex
892 1788 993 1827 aliis
1026 1788 1177 1827 denuo
1206 1788 1339 1838 quasi
1368 1787 1741 1837 renascentibus,
1775 1794 1821 1827 et

197 1857 402 1898 nondum
436 1859 633 1898 aliorum
668 1858 942 1898 confirmata
978 1858 1268 1904 ualetudine,
1306 1858 1365 1897 ad
1400 1858 1709 1909 paucissimos
1744 1869 1820 1897 res

197 1940 356 1969 omnes
386 1929 605 1969 redactae
634 1930 818 1979 fuerint,
848 1928 926 1981 qui
955 1931 1151 1979 negocia
1182 1929 1352 1979 omnia,
1382 1936 1480 1968 tum
1508 1929 1694 1979 priuata
1723 1936 1820 1968 tum

198 1999 383 2049 publica
412 2011 577 2039 curare
603 2006 806 2051 possent.

278 2070 436 2121 Neque
452 2082 563 2110 uero
585 2071 696 2110 solis
716 2071 850 2111 nobis
870 2071 1099 2111 familiare
1121 2072 1208 2111 hoc
1230 2072 1328 2117 fuit,
1354 2071 1434 2110 sed
1457 2071 1630 2110 malum
1649 2070 1816 2121 ipsum,

199 2149 247 2181 ut
264 2142 407 2192 pestis
425 2142 652 2193 quaedam
673 2143 812 2192 longe
838 2143 1023 2193 lateque
1050 2143 1281 2192 saeuiens,
1307 2153 1399 2182 non
1420 2142 1571 2181 solum
1593 2141 1639 2180 in
1660 2142 1824 2194 urbem

201 2213 347 2261 hanc,
384 2212 466 2252 sed
499 2213 861 2264 circumquaque
889 2213 936 2253 in
963 2213 1181 2253 finitimos
1209 2224 1417 2264 quosque
1444 2212 1641 2263 populos
1672 2212 1821 2259 irruit,

200 2284 434 2334 multoque
451 2294 556 2322 cum
572 2284 778 2334 periculo
798 2290 842 2323 et
860 2291 1020 2335 strage
1037 2290 1306 2334 grassatum
1323 2289 1407 2323 est.
1433 2283 1471 2323 E
1491 2283 1666 2322 nostris
1694 2295 1823 2333 uero,

201 2354 414 2404 quamuis
440 2354 740 2393 uehementer
769 2354 1015 2405 plerosque
1042 2360 1086 2394 et
1115 2365 1262 2405 usque
1291 2354 1349 2394 ad
1376 2354 1674 2404 desperatam
1705 2355 1824 2393 salu-

201 2429 294 2463 tem
317 2423 547 2473 afflixerit,
571 2424 660 2464 duo
682 2430 864 2464 tantum
884 2424 1135 2464 desiderati
1160 2431 1282 2464 sunt.
1306 2424 1438 2464 Alter
1461 2424 1571 2464 dum
1592 2436 1619 2463 a
1646 2422 1823 2464 Siman—

203 2494 270 2534 cis
290 2494 349 2534 ad
370 2506 454 2534 nos
476 2495 626 2545 uenit,
652 2495 813 2535 morbo
836 2495 882 2535 in
903 2495 1068 2535 itinere
1102 2501 1366 2544 contracto,
1390 2505 1567 2545 paucos
1594 2501 1699 2546 post
1727 2494 1826 2534 dies

201 2571 435 2604 mortuus:
459 2566 576 2605 alter
597 2566 719 2616 apud
740 2577 825 2605 nos
847 2572 985 2605 acuta
1016 2565 1133 2605 febri
1155 2571 1199 2605 et
1221 2565 1395 2605 difficili
1416 2564 1619 2616 quadam
1640 2566 1820 2616 apople-

201 2634 294 2684 xia,
322 2634 453 2674 breui
485 2641 693 2686 tempore
720 2636 953 2676 extinctus
982 2643 1066 2676 est:
1098 2643 1292 2687 uterque
1320 2637 1366 2676 in
1396 2636 1496 2687 ipso
1529 2635 1642 2675 flore
1673 2636 1822 2675 adole-

200 2705 421 2754 scentiae,
440 2705 587 2757 iisque
607 2706 826 2756 moribus,
846 2708 1058 2758 exemplo
1082 2707 1208 2746 uitae
1231 2713 1369 2757 atque
1390 2706 1659 2755 sanctitate,
1684 2717 1823 2756 quam

202 2786 349 2826 usque
372 2776 430 2815 ad
454 2783 738 2827 postremum
761 2777 884 2817 uitae
911 2777 1124 2828 spiritum
1156 2777 1404 2817 retinuisse
1425 2788 1506 2816 eos
1528 2776 1750 2823 uidimus,
1776 2784 1824 2816 ut

202 2845 338 2885 facile
361 2846 416 2886 de
438 2846 595 2886 diuina
617 2847 940 2887 misericordia
962 2847 1094 2887 nobis
1115 2847 1418 2898 polliceamur
1442 2859 1498 2886 ex
1520 2847 1592 2886 his
1613 2847 1826 2896 corporis

257 3004 268 3024 ¹
306 3004 393 3032 Vide
409 3005 556 3033 PoLANCI
572 3006 773 3036 chronicon,
787 3010 810 3034 t.
825 3013 856 3040 v,
872 3013 949 3040 pag.
961 3006 1023 3038 453,
1039 3011 1154 3033 annot.
1171 3007 1194 3033 1.
