2020 3342
856 254 939 292 AN.
971 254 1061 293 1556
1703 242 1777 298 58'5

149 347 352 400 quotidie
372 358 535 389 sacras
556 360 718 401 preces
746 350 804 391 ad
835 363 1092 404 campanae
1115 352 1302 404 signum
1328 352 1647 405 frequentant.
1678 355 1779 397 Sin-

149 419 270 468 gulis
287 418 543 470 quibusque
570 421 805 462 mensibus
832 429 1163 465 sacrosanctae
1193 436 1384 465 mensae
1412 425 1633 466 conuiuia
1664 427 1778 466 cele-

147 488 297 540 brant,
322 489 686 533 munificentiam
707 499 845 546 atque
872 506 1055 536 omnem
1082 495 1302 547 pietatem
1329 501 1374 536 et
1400 496 1772 537 misericordiam

147 560 336 611 egregie
361 561 601 603 excolunt.
643 563 908 606 Inualuerat
941 579 1025 617 pro
1056 567 1291 607 communi
1318 567 1478 608 Italiae
1508 568 1781 610 calamitate

147 631 306 671 durior
328 632 389 672 ibi
405 646 607 675 annona:
641 641 741 676 erat
775 649 1032 689 pauperum
1061 645 1105 678 et
1132 639 1511 690 aegrotantium,
1544 639 1643 680 sine
1670 651 1779 692 opu-

146 701 374 744 lentorum
396 706 489 745 vlla
508 706 605 747 fere
625 719 711 759 ope
731 709 805 748 uel
821 708 1042 760 subsidio,
1069 720 1241 761 magna
1264 710 1524 751 multitudo.
1549 710 1644 751 Illis
1661 722 1774 752 uero

144 776 439 828 postmodum
460 790 552 818 non
573 778 772 830 benigne
793 780 943 821 solum
965 786 1009 821 et
1029 780 1282 821 liberaliter
1311 793 1364 821 ea
1393 781 1596 822 societas
1629 783 1778 834 opitu·

142 849 286 899 latur,
316 860 481 889 verum
514 860 668 890 omncs
702 850 889 898 ciuitas,
925 851 1088 892 eadem
1121 851 1199 892 illa
1234 863 1399 904 opera,
1437 865 1463 893 a
1493 853 1666 893 nostris
1694 853 1768 894 de-

144 920 318 972 scripta
339 932 393 960 ac
420 920 665 962 distributa
693 925 764 962 est
789 922 836 963 in
866 928 1023 974 partes
1054 929 1162 974 tres,
1190 923 1327 964 binae
1354 935 1412 964 ex
1445 923 1641 975 singulis
1672 936 1764 966 rna-

143 997 321 1043 tronae,
353 1003 525 1043 genere
559 993 752 1044 nobileS,
791 999 942 1035 aetate
977 994 1199 1045 grandes,
1238 1001 1282 1035 et
1302 995 1544 1047 religionis
1573 996 1772 1037 eximiae

143 1064 318 1104 electae
348 1070 470 1112 sunt,
499 1076 618 1116 quae
641 1065 928 1105 contributas
956 1077 1014 1106 ex
1041 1077 1124 1106 sua
1151 1077 1334 1118 quaque
1367 1066 1489 1106 tribu
1516 1067 1772 1119 eleemosy-

143 1147 229 1176 nas
250 1136 346 1175 suis
367 1147 425 1175 ex
446 1147 594 1187 aequo
617 1136 705 1176 sibi
726 1136 962 1177 attributis
983 1137 1157 1188 egenis,
1182 1143 1226 1177 et
1247 1137 1321 1177 uel
1350 1137 1478 1177 senio
1509 1137 1582 1177 uel
1607 1138 1771 1178 morbo

142 1206 487 1258 languentibus,
510 1219 595 1258 pro
617 1207 874 1258 indigentia
904 1208 1126 1259 cuiusque
1155 1207 1510 1260 dispartiantur.
1537 1208 1666 1249 Haec
1691 1221 1768 1250 au-

142 1285 235 1319 tem
257 1278 411 1318 omnia
432 1277 684 1318 Rectorum
705 1278 802 1318 siue
823 1277 1037 1319 Priorum
1057 1278 1261 1319 ciuitatis
1282 1284 1392 1319 sunt
1413 1279 1699 1320 authoritate
1721 1287 1766 1321 et

142 1349 483 1390 studiosissima
507 1350 745 1390 uoluntate
766 1349 1062 1390 confirmata.

220 1419 510 1461 Submiserat
532 1421 708 1461 interea
735 1420 789 1471 is,
813 1420 890 1472 qui
911 1432 1097 1472 semper
1119 1421 1165 1461 in
1195 1421 1401 1462 hominis
1434 1423 1690 1474 perniciem
1711 1423 1775 1463 ui-

139 1492 269 1542 gilat,
300 1491 538 1542 impuram
567 1495 610 1531 et
639 1492 882 1531 obscenam
901 1491 1148 1542 fabulam,
1180 1504 1321 1544 quam
1353 1493 1571 1534 iuuentus
1600 1506 1773 1546 magna

140 1562 407 1603 celebritate
429 1563 631 1603 ciuitatis
666 1568 842 1614 ageret,
875 1563 1006 1603 cuius
1035 1563 1108 1603 uel
1134 1563 1235 1615 ipsa
1257 1564 1553 1606 ethnicorum
1590 1566 1772 1606 theatra

140 1634 408 1686 depuderet.
439 1634 522 1685 Ea,
559 1640 749 1686 propter
778 1635 1037 1686 insumptas
1067 1647 1160 1675 non
1181 1646 1359 1687 paruas
1391 1636 1643 1687 impensas,
1668 1648 1773 1678 cum

139 1718 332 1758 prorsus
358 1706 572 1757 impediri
598 1718 691 1746 non
720 1712 890 1758 posset,
915 1718 971 1747 ne
1002 1713 1157 1747 tamen
1192 1718 1277 1758 pro
1313 1719 1396 1747 sua
1430 1707 1617 1748 libidine
1646 1708 1692 1748 in
1716 1720 1771 1749 ea

139 1777 456 1818 dominaretur
487 1789 542 1817 ac
572 1778 882 1829 triumpharet
903 1784 1146 1830 tyrannus,
1177 1778 1506 1829 quadraginta
1537 1778 1767 1819 horarum

139 1862 165 1890 a
187 1849 374 1899 nostris,
398 1849 477 1899 qui
497 1848 707 1898 aderant,
732 1849 849 1900 ipso,
874 1861 965 1901 quo
994 1848 1235 1890 comoedia
1263 1850 1527 1890 exhibenda
1551 1857 1670 1901 erat,
1699 1850 1773 1891 die

140 1921 351 1961 instituta
373 1927 442 1961 est
462 1920 625 1960 oratio.
652 1920 804 1971 Atque
823 1920 881 1960 ad
902 1920 1024 1960 hanc
1046 1920 1232 1972 quidem
1248 1926 1406 1962 tantus
1423 1921 1596 1962 ciuium
1615 1921 1770 1963 factus

114 1998 207 2048 ‘est
228 2002 498 2042 concursus,
523 1997 653 2031 tanta
674 1991 1079 2032 sanctissimorum
1110 1992 1424 2043 frequentatio
1453 1999 1772 2034 sacramento·

137 2075 253 2113 rum,
292 2065 357 2103 uti
389 2069 499 2113 tres,
540 2062 617 2114 qui
652 2062 716 2102 illi
749 2069 973 2102 uacarent
1009 2062 1289 2111 ministerio,
1329 2064 1600 2105 sacerdotes
1632 2065 1723 2105 vix
1744 2077 1770 2105 a

137 2134 287 2186 prima
306 2134 408 2174 luce
421 2133 480 2174 ad
496 2134 688 2174 multam
706 2139 905 2184 noctem,
925 2145 1016 2185 quo
1034 2133 1190 2174 cibum
1207 2142 1461 2184 sumerent,
1487 2136 1561 2176 uel
1582 2136 1770 2176 omnino

136 2205 435 2257 respirarent,
461 2205 799 2256 aliquantulum
816 2204 897 2244 otii
918 2205 1324 2245 nanciscerentur.
1350 2205 1528 2246 Tantus
1549 2207 1636 2247 fuit
1658 2207 1704 2247 in
1720 2219 1770 2248 re

137 2276 459 2317 sanctissimae
482 2276 719 2325 nouitatis,
757 2287 863 2316 cum
884 2287 1064 2316 summa
1094 2275 1403 2317 admiratione
1439 2283 1483 2318 et
1513 2278 1699 2329 pietate,
1723 2278 1769 2318 in

136 2347 367 2399 plerisque
390 2353 542 2387 motus
563 2346 840 2396 animorum,
877 2352 926 2387 ut
948 2347 1142 2398 externi,
1181 2359 1258 2399 qm
1284 2347 1397 2388 illac
1424 2348 1514 2388 lter
1542 2349 1767 2400 facerent,

136 2419 193 2458 ob
213 2419 449 2469 geminum
466 2419 623 2470 populi
643 2429 937 2468 concursum,
962 2430 1097 2470 quem
1116 2419 1459 2470 conspicerent,
1478 2419 1596 2460 duas
1618 2419 1768 2460 uideri

135 2488 236 2538 sibi,
261 2490 456 2529 alteram
478 2489 536 2529 ad
557 2501 768 2540 scaenas,
793 2490 990 2530 alteram
1005 2489 1063 2529 ad
1086 2491 1272 2541 templa,
1294 2490 1510 2530 ciuitates
1533 2490 1769 2531 confluere

133 2560 475 2612 praedicarent.
499 2559 590 2600 Sed
610 2559 795 2600 Christo
818 2561 920 2601 laus
937 2566 980 2600 et
998 2561 1276 2601 immortalis
1300 2561 1471 2612 gratia,
1502 2561 1580 2613 qui
1601 2561 1648 2601 in
1672 2567 1768 2602 tam

129 2630 363 2682 plausibili
386 2631 626 2671 daemonis
647 2631 865 2672 illecebra
886 2638 930 2672 et
952 2632 1197 2681 lenocinio,
1221 2632 1322 2684 ipso
1342 2634 1414 2672 uel
1437 2632 1600 2683 inuito,
1622 2632 1768 2673 maio-

132 2713 229 2742 rem
250 2714 306 2742 ac
327 2702 556 2753 potiorem
577 2709 758 2753 partem
785 2702 876 2742 sibi
892 2702 1171 2743 vmdz'cczm't.
1202 2703 1323 2744 Hinc
1346 2714 1461 2744 uero
1492 2704 1585 2744 iam
1616 2705 1663 2744 in
1685 2702 1769 2753 So,

131 2773 348 2813 cietatem
369 2779 578 2813 nostram
607 2773 860 2823 singularis
892 2774 992 2814 eius
1013 2775 1171 2825 populi
1200 2778 1244 2814 et
1265 2775 1576 2826 Magistratus
1596 2785 1651 2814 ac
1678 2774 1768 2816 Gu-

128 2844 391 2884 bernatoris
420 2844 564 2884 totius
592 2844 860 2884 Picentinae
893 2844 1100 2895 regionis
1136 2845 1228 2896 (qui
1260 2845 1322 2886 ibi
1355 2845 1512 2886 sedem
1546 2845 1699 2895 habet)
1722 2845 1768 2885 in

129 2920 314 2956 nostros
333 2915 669 2965 beneuolentz'a,
687 2915 778 2955 imo
802 2919 843 2955 et
866 2915 1196 2966 obseruantia,
1226 2919 1298 2956 est
1319 2920 1586 2956 consecuta.

212 2986 268 3026 Et
290 2998 395 3027 cum
413 2987 581 3036 omnia,
607 2998 725 3038 quae
746 2986 894 3026 nostri
918 2986 1240 3036 instituissent,
1273 2988 1395 3027 ultro
1426 2986 1767 3037 comprobam‘t,

133 3065 230 3099 tum
266 3056 375 3100 illud
410 3068 593 3111 quoque
625 3057 854 3111 promisit,
889 3057 1000 3100 nihil
1037 3058 1160 3112 quod
1195 3058 1254 3101 ad
1288 3058 1604 3111 blasphemias
1638 3064 1682 3100 et
1718 3057 1762 3101 in
