2020 3342
226 195 274 232 48
735 194 960 231 LITTERAE
987 205 1346 238 QUADRmsssrREs

911 645 1171 697 GDLXV

299 869 347 906 P.
370 870 596 917 Philippus
617 870 773 915 Faber,
795 871 900 907 olim
918 870 1141 918 Leernus,

346 935 468 972 Patri
486 935 655 981 Ignatio
678 935 730 972 de
752 935 934 982 Loona,

392 1000 572 1045 Mutina,
596 1000 638 1036 10
657 1000 854 1046 Januarii
876 1001 966 1038 1556
986 1001 1011 1036 ¹.

987 1156 1085 1232 11515

306 1351 375 1392 La
395 1352 550 1402 gratia
572 1358 615 1391 et
637 1363 752 1402 pace
772 1351 818 1391 di
835 1352 1021 1392 Christo
1046 1359 1207 1393 nostro
1228 1353 1424 1404 Signore
1456 1365 1639 1406 sempre
1670 1355 1736 1395 sia
1760 1367 1816 1394 nc
1841 1356 1853 1394 i

227 1423 358 1463 euori
379 1423 541 1463 nostri.
568 1422 734 1462 Amen.

304 1493 445 1533 Molto
468 1492 568 1533 R.d0
593 1494 638 1533 iu
659 1493 845 1533 Christo
866 1493 1032 1534 Padre:
1069 1493 1170 1534 Non
1203 1495 1398 1535 essendo
1430 1496 1547 1536 altro
1570 1496 1614 1535 al
1635 1503 1855 1547 presente

224 1565 270 1604 in
287 1570 450 1615 questo
467 1564 664 1613 collegio
684 1564 768 1603 che
785 1564 856 1603 cio
874 1575 1011 1615 possa
1028 1564 1142 1613 fare,
1169 1565 1283 1605 daro
1306 1566 1462 1606 auisso
1480 1566 1853 1607 soecintamente

225 1637 314 1675 alla
336 1635 390 1675 R.
419 1634 468 1674 Ρ.
500 1635 557 1675 V.
596 1634 792 1674 daleune
813 1629 963 1674 'euose
990 1635 1261 1686 particolari
1291 1636 1365 1676 del
1395 1637 1554 1677 diuino
1576 1637 1784 1688 seruitio,
1808 1639 1854 1678 le

225 1706 349 1758 quali
370 1705 463 1746 Sua
486 1705 589 1745 Μ.ῐὲῑ
624 1706 776 1757 questi
797 1711 964 1757 quatro
985 1706 1101 1745 mesi
1123 1706 1158 1746 s’
1181 1710 1205 1746 e
1226 1707 1429 1757 degnato
1453 1720 1662 1759 operare„

302 1775 392 1816 Per
411 1777 440 1816 l'
459 1777 621 1817 vltimo
658 1776 999 1827 quadrimestre
1028 1776 1076 1816 fu
1097 1778 1260 1817 scritto
1285 1790 1311 1817 a
1333 1777 1391 1818 V.
1418 1778 1470 1818 R.
1495 1778 1543 1818 P.
1575 1778 1589 1797 ²
1616 1790 1748 1819 come
1768 1791 1842 1830 pel

226 1849 480 1889 ministerio
499 1848 543 1888 di
562 1847 699 1887 Padri
718 1847 762 1887 di
776 1853 938 1898 questo
957 1848 1156 1898 collegio
1174 1848 1203 1887 il
1220 1847 1418 1899 Signore
1436 1849 1619 1889 haueua
1638 1850 1850 1900 agintato

224 1919 283 1960 ad
305 1920 468 1959 aleune
490 1919 656 1958 anime:
681 1918 754 1958 chi
775 1918 1012 1958 retirando
1035 1918 1111 1958 dal
1131 1925 1325 1970 peccato
1347 1921 1557 1960 mortale:
1588 1920 1663 1960 ehi
1685 1920 1852 1960 indriz-

220 1991 370 2031 zando
392 1991 482 2029 alla
503 1990 579 2029 uia
602 1989 721 2029 della
745 1989 1033 2040 perfettione:
1057 1989 1133 2029 ehi
1153 1990 1443 2041 disponendo
1466 1998 1509 2031 et
1528 1991 1783 2042 agiutando
1804 1992 1852 2030 al

223 2062 324 2101 ben'
346 2061 516 2101 morire
545 2072 627 2112 per
648 2061 723 2100 uia
759 2060 861 2100 dell'
897 2061 1242 2111 esshortationi‚
1280 2061 1576 2111 confessioni,
1614 2062 1851 2102 comunio-

223 2133 285 2182 ni,
309 2138 395 2172 etc.
419 2131 453 2171 Il
475 2131 727 2171 medesimo
750 2131 989 2170 essereitio
1011 2131 1160 2182 questi
1178 2137 1344 2182 quatro
1365 2132 1480 2172 mesi
1506 2130 1540 2172 s'
1561 2137 1585 2172 e
1612 2138 1748 2173 usato
1768 2144 1854 2184 per

223 2204 267 2242 la
287 2202 417 2242 Iddio
439 2202 607 2253 gratia,
646 2208 689 2241 et
722 2202 793 2242 fra
814 2201 841 2240 l’
864 2202 979 2241 altre
1005 2213 1160 2250 euose,
1198 2203 1363 2242 aleune
1386 2214 1442 2242 ne
1471 2203 1625 2242 seriuo
1649 2203 1850 2254 partico-

223 2274 464 2321 larmente,
496 2272 769 2324 parendomi
791 2272 940 2322 degne
969 2272 1011 2312 d‘
1042 2283 1196 2312 essere
1231 2272 1525 2313 manifestate
1554 2273 1685 2313 aceio
1717 2274 1756 2313 si
1775 2273 1851 2313 dia

224 2344 359 2384 laude
377 2350 421 2383 et
440 2344 592 2394 gloria
616 2355 641 2382 a
664 2343 689 2382 l'
714 2343 909 2382 authore
926 2342 971 2382 di
988 2354 1090 2382 esse
1111 2342 1166 2382 N.
1190 2342 1234 2383 S.

303 2414 377 2455 Un
398 2414 622 2454 eittadino
643 2414 841 2464 giouene
875 2413 915 2453 d’
939 2425 1030 2453 una
1061 2414 1210 2464 prima
1243 2421 1405 2454 casata
1435 2415 1480 2454 di
1516 2422 1679 2466 questa
1717 2416 1850 2465 eitta,

277 2574 286 2592 ¹
328 2574 462 2608 Duplici
478 2573 510 2600 in
525 2573 734 2607 folio‚prim0
748 2581 779 2600 n.
804 2573 863 2607 103,
879 2574 989 2600 altero
1012 2581 1076 2600 non
1095 2574 1521 2602 numerato.—Decernere
1543 2582 1606 2602 non
1631 2576 1786 2602 valemus
1807 2583 1850 2602 an

223 2621 461 2655 autographae
478 2621 543 2647 sint
559 2628 603 2647 an
617 2628 700 2647 vero
722 2621 955 2655 apographae,
974 2624 1045 2648 tum
1069 2620 1148 2655 quia
1174 2622 1301 2649 nullam
1326 2623 1428 2649 aliam
1453 2623 1552 2657 hujus
1577 2622 1724 2657 Philippi
1748 2620 1853 2650 Fabri

225 2672 319 2695 certo
335 2668 585 2701 autographam
602 2668 821 2702 scriptionem
836 2668 994 2701 vidimus,
1011 2672 1082 2695 tum
1097 2669 1175 2702 quia
1191 2670 1318 2696 nullum
1335 2670 1366 2696 in
1382 2670 1434 2696 his
1456 2670 1582 2697 litteris
1606 2669 1790 2703 vestigium
1804 2669 1853 2697 of-

221 2716 399 2747 fendimus,
415 2722 527 2747 cerae,
543 2715 658 2748 sigilli,
681 2720 757 2748 etc..
780 2723 844 2750 quo
866 2723 925 2742 eas
947 2716 1183 2750 autographas
1208 2717 1406 2744 existimare
1434 2718 1615 2751 possimus.
1644 2717 1741 2744 Adde
1765 2717 1852 2744 hunc

223 2763 415 2797 Philippum
438 2763 574 2796 belgam
598 2763 734 2789 natione
758 2763 861 2790 fuisse
885 2763 985 2796 (Vide
1009 2763 1160 2790 PotAxC1
1185 2763 1387 2797 Clzronz'con,
1410 2769 1433 2791 t.
1457 2772 1491 2799 Π,
1517 2772 1595 2799 pag.
1617 2764 1679 2794 512.
1693 2772 1724 2791 n.
1739 2764 1803 2797 241)
1818 2770 1851 2792 et

221 2810 416 2843 scriptionis
433 2816 537 2843 genus
554 2809 585 2835 in
601 2809 652 2836 his
668 2810 795 2836 litteris
813 2810 911 2837 valde
926 2810 969 2837 ab
984 2817 1022 2836 eo
1038 2810 1184 2844 differre,
1202 2811 1289 2845 quod
1312 2812 1481 2839 familiare
1505 2816 1580 2839 erat
1602 2812 1772 2846 plerisque
1793 2812 1852 2839 illo

220 2862 371 2891 tempore
387 2857 506 2889 belgis.
519 2856 648 2883 Verum
664 2864 724 2883 nec
740 2857 958 2891 apographas
981 2857 1176 2891 dixerimus,
1194 2866 1269 2885 cum
1292 2863 1426 2887 asserat
1448 2860 1519 2893 ipse
1541 2859 1720 2893 Philippus
1745 2859 1850 2886 alium

219 2908 357 2938 praeter
373 2911 407 2930 se
424 2903 455 2929 in
471 2903 614 2936 collegio
631 2911 695 2930 nou
711 2912 795 2936 esse,
812 2904 867 2938 qui
883 2904 1019 2931 litteras
1033 2906 1141 2939 possit
1163 2906 1501 2933 scribere.—Habent
1522 2907 1628 2934 etiam
1650 2906 1713 2933 hoc
1735 2907 1852 2941 singu-

221 2952 303 2984 lare,
316 2951 403 2985 quod
418 2950 567 2983 scriptae
582 2951 703 2977 suntin
716 2952 825 2985 prima
841 2955 874 2978 et
890 2956 1013 2985 quarta
1028 2952 1172 2986 duplicis
1187 2953 1257 2980 folii
1272 2954 1407 2987 pagina,
1423 2955 1534 2981 altera
1549 2958 1582 2980 et
1600 2954 1704 2981 tertia
1721 2954 1850 2982 nitidis.

274 2999 288 3018 2
326 2998 412 3024 Vide
427 3004 542 3031 supra,
558 3002 581 3024 t.
599 3004 644 3031 111,
661 3005 737 3031 pag.
751 2998 879 3026 691-695.
1738 3006 1740 3009 ’
