2020 3342
252 235 323 273 506
761 234 985 273 LITTERAE
1012 243 1367 278 QUADmMESTREs

252 335 356 374 nale
380 334 405 383 ¹,
440 333 536 373 eius
565 333 871 382 confessario,
895 333 972 383 qui
1002 332 1303 373 moribundae
1332 337 1470 383 atque
1493 331 1695 372 animam
1719 331 1878 382 agenti

253 405 555 456 superastitit,
581 414 834 454 numquam
854 403 979 443 illam
1001 403 1042 453 (o
1064 403 1204 443 foelix
1235 403 1406 453 anima)
1436 403 1481 442 in
1510 403 1754 442 mortalem
1786 403 1878 442 cul-

253 487 359 527 pam
381 475 612 515 incidisse.
636 474 764 525 Quae
786 475 923 515 fuerit
945 475 1079 514 huius
1100 474 1329 514 foeminae
1346 485 1471 514 mors
1488 473 1623 514 facile
1640 479 1709 514 est
1726 474 1877 514 conie-

253 552 395 595 ctare,
421 557 559 597 quam
580 545 685 584 talis
706 545 802 584 uita
825 545 1095 596 praecessit.

330 616 644 656 Concionatur
665 616 711 655 in
734 617 903 666 templo
925 622 1084 655 nostro
1106 616 1153 656 Ρ.
1187 616 1397 667 Angelus
1425 616 1438 634 ‘³
1468 616 1584 666 (laus
1616 615 1729 666 Deo)
1762 615 1876 655 satis

251 687 489 737 foeliciter,
514 698 710 738 eumque
732 688 927 737 populus
948 687 1226 738 perlibenter
1250 687 1394 737 audit,
1418 693 1515 726 tum
1536 692 1725 738 propter
1742 686 1877 737 spiri-

252 766 349 798 tum
370 756 472 806 Dei,
502 758 577 808 qui
607 758 651 797 in
680 757 778 808 ipso
808 758 971 807 elucet,
995 764 1091 797 tum
1113 758 1250 797 etiam
1279 757 1401 808 quod
1429 757 1601 797 siculus
1623 758 1876 797 siculorum

253 829 432 868 animos
471 828 651 868 facilius
690 840 828 880 quam
868 830 984 868 alius
1024 829 1253 880 quispiam
1291 829 1525 868 conciliat.
1564 828 1701 868 Fiunt
1737 828 1878 868 etiam

252 900 502 940 conciones
523 911 549 938 a
571 899 846 950 quibusdam
867 900 969 939 aliis
997 899 1206 950 patribus
1233 900 1279 939 in
1309 899 1506 939 diuersis
1536 899 1744 950 collegiis
1774 899 1873 938 reli·

251 971 489 1021 giosarum
517 970 844 1020 foeminarum,
875 977 918 1010 et
953 970 1199 1021 (quantum
1228 971 1457 1020 intelligo)
1494 981 1722 1022 nusquam
1764 981 1878 1010 sane

252 1041 551 1092 infrugiferae
573 1052 658 1081 nec
681 1041 880 1081 ociosae.
902 1040 1005 1081 Non
1029 1041 1163 1092 pauci
1184 1042 1320 1090 enim,
1345 1041 1486 1081 uerbo
1507 1041 1594 1081 Dei
1616 1041 1815 1093 permoti
1834 1047 1879 1081 ct

253 1112 443 1163 incensi,
474 1113 677 1164 priorem
704 1113 849 1152 uitam
876 1113 1194 1162 immutarunt,
1226 1124 1283 1152 ex
1312 1113 1477 1163 quibus
1504 1112 1646 1164 aliqui
1674 1112 1876 1163 Religio-

252 1195 357 1224 nem
381 1190 485 1224 sunt
508 1184 721 1234 ingressi.
746 1183 1020 1224 Doctrinam
1044 1184 1232 1224 Xianam
1254 1190 1441 1224 enarrat
1463 1183 1512 1224 Ρ.
1545 1184 1711 1223 Petrus
1739 1182 1752 1201 ⁵
1784 1183 1875 1223 die-

251 1255 335 1295 bus
356 1255 556 1295 ueneris:
581 1255 657 1295 alii
680 1254 818 1294 etiam
840 1254 1009 1294 fratres
1039 1255 1186 1294 nostri
1213 1255 1385 1294 habent
1415 1266 1523 1294 suas
1554 1254 1600 1294 in
1629 1254 1740 1294 urbe
1772 1265 1874 1305 par-

215 1371 221 1376 ,
252 1326 438 1366 rochias
469 1326 746 1375 destinatas,
784 1325 859 1365 ubi
893 1326 1089 1376 singulis
1117 1325 1279 1365 diebus
1307 1325 1550 1365 dominicis
1577 1325 1767 1365 xianam
1797 1325 1870 1365 do-

253 1398 451 1437 ctrinam
486 1403 592 1437 sunt
626 1396 946 1448 interpretati,
990 1402 1068 1436 aut
1103 1397 1435 1436 conciunculas
1469 1408 1562 1436 non
1598 1396 1783 1436 inutiles
1819 1395 1877 1436 ad

253 1469 471 1520 puerulos
493 1474 537 1508 et
558 1468 737 1519 plebem
758 1467 1034 1508 habuerunt.
1067 1468 1305 1508 Hactenus
1328 1467 1383 1508 de
1407 1467 1731 1518 concionibus,
1756 1479 1879 1507 nunc

255 1539 312 1580 de
333 1540 520 1580 scholis.

333 1609 731 1652 Scholasticorum
760 1622 980 1650 numerus
1009 1611 1123 1650 satis
1158 1616 1226 1651 est
1262 1611 1495 1662 frequens3
1530 1611 1687 1662 plures
1722 1617 1878 1651 tamen

254 1683 417 1734 procul
440 1681 576 1722 dubio
599 1682 657 1722 ad
678 1693 764 1721 nos
787 1682 1082 1732 uentitarent,
1107 1682 1146 1722 si
1167 1682 1355 1722 scholae
1377 1694 1468 1722 non
1491 1689 1645 1722 essent
1666 1682 1713 1722 in
1735 1693 1879 1733 angu-

253 1754 346 1814 lum
367 1753 615 1805 quemdam
638 1753 842 1793 ciuitatis
863 1759 1088 1803 retrusae,
1113 1753 1277 1803 quibus
1299 1759 1486 1803 praeter
1502 1753 1605 1802 hoc,
1630 1752 1753 1805 quod
1769 1752 1882 1793 vrbs

254 1825 299 1864 in
334 1835 504 1876 magna
541 1824 659 1864 ualle
694 1829 918 1875 tanquam
947 1824 993 1863 in
1021 1824 1223 1875 quadarn
1253 1824 1432 1864 concha
1464 1830 1533 1864 est
1564 1824 1731 1876 posita,
1763 1824 1883 1864 aliae

253 1907 434 1947 quoque
456 1895 860 1935 incommoditates
882 1894 1134 1935 accedunt:
1170 1906 1225 1934 eo
1258 1907 1457 1947 namque
1485 1895 1531 1935 in
1552 1896 1654 1935 loco
1677 1901 1782 1935 sunt
1804 1907 1878 1935 ex-

251 1972 471 2016 structae,
496 1966 570 2006 ubi
593 1973 689 2006 tota
713 1972 889 2005 aestate
912 1973 1241 2017 praeceptores
1262 1978 1367 2006 cum
1391 1966 1629 2017 discipulis
1647 1966 1815 2006 mirum
1834 1967 1880 2007 in

253 2037 439 2077 modum
470 2037 580 2076 solis
611 2037 844 2076 caloribus
877 2043 1105 2077 aestuant.
1137 2037 1269 2088 Quod
1300 2049 1404 2077 cum
1435 2037 1738 2077 intellexisset
1771 2036 1879 2077 Pro-

253 2120 336 2148 rex
358 2107 385 2158 ⁴,
411 2108 592 2148 senatui
622 2119 702 2158 per
730 2108 888 2147 literas
916 2107 1169 2157 mandauit,
1205 2114 1252 2148 ut
1279 2108 1318 2148 si
1351 2108 1460 2159 quid
1488 2108 1535 2148 ln
1562 2109 1651 2148 hac
1682 2119 1731 2148 re
1764 2107 1884 2148 effici

255 2186 425 2231 posset,
452 2179 495 2219 id
517 2179 676 2218 sedulo
699 2185 930 2218 curarent.
956 2178 1056 2219 Non
1080 2190 1226 2228 mora;
1254 2179 1379 2219 uenit
1405 2179 1593 2219 Praetor
1617 2190 1722 2219 cum
1749 2190 1878 2219 sena-

255 2258 318 2298 tu,
342 2257 479 2300 atque
502 2250 690 2289 minima
713 2261 922 2300 quaeque
944 2249 1296 2300 diligentissime
1327 2251 1681 2301 perlustrarunt.
1713 2249 1881 2300 Singu-

257 2322 327 2361 lae
349 2322 522 2360 classes
545 2332 627 2360 sua
657 2321 1010 2371 epigrammata,
1043 2321 1118 2359 alii
1148 2332 1335 2371 graeca,
1371 2321 1448 2361 alii
1478 2321 1636 2361 latina:
1671 2321 1881 2361 rhetores

256 2403 388 2432 suam
410 2392 668 2431 orationem
691 2392 736 2431 in
758 2391 941 2431 laudem
962 2392 1266 2442 magistratus
1288 2392 1555 2432 recitarunt:
1580 2403 1698 2444 quae
1720 2392 1878 2432 omnia

256 2469 384 2503 tanta
407 2462 691 2502 audientium
714 2463 964 2513 uoluptate,
995 2469 1038 2502 et
1069 2462 1272 2502 studium
1299 2463 1431 2502 nobis
1460 2462 1704 2503 offerentes
1733 2461 1762 2513 ⁵,
1786 2463 1879 2503 iam

257 2534 349 2573 iam
384 2540 639 2573 statuerent
674 2533 857 2584 publico
891 2540 1076 2584 sumptu
1107 2544 1327 2583 reparare
1359 2533 1662 2574 commodiori
1696 2534 1742 2574 in
1778 2535 1879 2573 loco

257 2604 485 2655 quaedam
507 2604 732 2654 aedificia,
757 2604 832 2644 ubi
854 2604 1085 2655 opacitate
1107 2610 1351 2655 tectorum,
1374 2604 1565 2655 umbris,
1589 2611 1632 2645 et
1654 2616 1875 2646 aurarum

314 2812 323 2832 ¹
365 2812 401 2838 Ρ.
417 2811 583 2845 Juvenale
601 2811 748 2838 Boterio.

314 2860 327 2879 ἓ
365 2859 401 2886 Ρ.
419 2859 569 2892 Angelus
586 2858 782 2886 Pullicinus.
799 2859 880 2886 Vide
898 2860 1087 2893 AGUILERA‚
1104 2861 1127 2886 l.
1148 2867 1164 2886 c
1182 2881 1187 2893 ‚
1204 2866 1279 2893 cap.
1293 2868 1324 2893 v,
1341 2867 1371 2887 n.
1387 2859 1431 2886 ‘2-1.

314 2906 327 2926 5
364 2906 401 2933 P.
417 2906 538 2932 Petrus
556 2905 738 2933 Venustus.
756 2906 839 2934 Vide
855 2907 952 2938 ibid„
966 2914 1039 2940 cap.
1056 2914 1100 2934 vx.
1118 2914 1148 2934 n.
1163 2908 1189 2934 9.

313 2955 327 2974 Δ
365 2953 510 2986 Joannes
526 2953 564 2979 de
582 2953 694 2987 vega.

313 3001 326 3020 5
365 3000 419 3027 Sic
434 3000 610 3035 perspicue
632 3001 664 3027 in
684 3008 756 3034 ms.;
770 3001 897 3027 rectius
917 3000 1073 3027 fortassis
1089 3001 1147 3028 sic:
1171 3008 1259 3035 quae
1281 3001 1400 3028 omnia
1420 3002 1521 3028 tanta
1537 3000 1762 3028 audientium
1784 2999 1879 3026 volu-

257 3050 356 3082 ptate
369 3047 468 3084 [acta
482 3047 597 3084 sunt]‚
613 3049 650 3074 ut
664 3048 824 3075 studium
841 3048 939 3075 nohis
954 3047 1153 3083 offerentes
