2020 3342
872 312 953 351 ΑΝ.
984 312 1074 353 1556
1719 317 1789 354 299

241 996 520 1033 Eleutherius
540 994 765 1034 Pontanus

287 1060 409 1098 Patri
426 1059 595 1107 Ignatio
616 1060 669 1098 de
688 1061 872 1109 Loyola.

333 1124 514 1171 Bibona,
535 1125 582 1163 20
602 1126 704 1174 Maji
726 1127 817 1165 1556
837 1127 862 1163 ¹.

965 1267 992 1313 -ἶ-

252 1407 352 1448 Pax
371 1406 560 1448 Domini
580 1408 729 1448 nostri
748 1407 859 1460 Jesu
882 1407 1075 1460 Christi,
1100 1415 1187 1450 etc.

249 1478 498 1519 Rationem
517 1479 728 1530 proxime
748 1479 896 1531 elapsi
916 1480 1269 1532 quadrimestris
1299 1481 1397 1532 tibi,
1422 1481 1711 1522 obseruande
1743 1481 1790 1521 in

172 1550 359 1592 Christo
393 1549 547 1599 Pater,
584 1550 863 1602 redditurUS‚
901 1563 994 1592 non
1029 1551 1165 1593 uideo
1192 1551 1313 1593 unde
1341 1552 1633 1593 commodius
1662 1563 1794 1592 exor-

172 1621 298 1662 dium
328 1632 531 1673 sumam,
562 1633 701 1674 quam
729 1633 755 1662 a
785 1621 910 1663 facili
945 1629 988 1664 et
1022 1623 1262 1665 succincta
1297 1624 1475 1665 itineris
1510 1624 1661 1664 nostri
1689 1635 1791 1664 nar—

173 1693 368 1734 ratione.

248 1764 407 1816 Itaque
424 1765 573 1817 primo
591 1777 646 1806 ac
662 1765 1048 1817 quinquagesimo
1071 1766 1143 1807 die
1161 1772 1411 1819 postquam
1426 1765 1577 1807 Roma
1595 1766 1795 1819 profecti

172 1847 347 1885 sumus,
371 1835 651 1887 Messanam,
676 1835 861 1877 Siciliae
888 1837 1201 1889 metropolim,
1231 1838 1342 1878 laeti
1370 1845 1509 1890 atque
1537 1838 1794 1879 incolumes
1834 1880 1837 1882 ,

174 1907 483 1960 peruenimus,
508 1907 672 1947 itinere
694 1908 834 1959 longo
857 1908 1044 1948 omnino
1067 1920 1122 1949 ac
1143 1908 1329 1949 difficili.
1354 1909 1496 1950 Cuius
1526 1921 1613 1961 ego
1635 1910 1674 1950 si
1695 1922 1795 1950 suc-

173 1990 332 2020 cessus
356 1989 516 2019 amnes
537 1979 752 2030 persequi
773 1979 926 2030 uelim,
950 1985 1155 2020 nontam
1172 1981 1416 2032 epistolam
1434 1974 1638 2021 scribere
1655 1992 1794 2032 quam

173 2049 416 2091 historiam
438 2049 630 2090 uidebor
651 2056 916 2090 contexere.
947 2050 1149 2091 Tantum
1177 2051 1331 2091 scribo
1361 2063 1599 2104 nunquam
1627 2064 1701 2093 me
1721 2064 1795 2093 ne-

175 2133 261 2173 que
283 2121 542 2172 longiorem
562 2132 711 2173 neque
731 2121 1086 2162 laboriosiorem
1113 2123 1540 2174 peregrinationem
1568 2124 1795 2175 suscepis-

173 2204 236 2243 se,
262 2198 305 2233 et
325 2198 482 2233 tamen
503 2192 678 2232 nullam
698 2204 902 2244 unquam
928 2193 1078 2234 uisam
1106 2194 1218 2234 mihi
1238 2195 1485 2246 leuiorem,
1516 2201 1567 2235 vt
1597 2195 1795 2235 mirarer

177 2265 275 2316 ipse
297 2275 479 2304 mecum
506 2263 628 2304 unde
650 2263 708 2304 ad
735 2264 1038 2316 perferendas
1066 2265 1184 2305 coeli
1210 2266 1447 2318 marisque
1473 2266 1667 2306 iniurias
1697 2272 1795 2307 tan-

175 2341 273 2376 tum
294 2334 446 2375 subito
474 2334 656 2375 roboris
683 2335 839 2375 animo
871 2335 1161 2376 accessisset.
1186 2335 1305 2377 Nam
1328 2343 1378 2377 ut
1398 2343 1582 2378 taceam
1603 2343 1796 2378 exactas

176 2412 254 2446 aut
274 2417 414 2458 super
434 2405 604 2446 tabulis
625 2406 816 2447 nauium
837 2412 916 2447 aut
937 2406 1065 2447 humi
1086 2407 1169 2447 sub
1188 2406 1262 2448 dio
1281 2413 1441 2448 noctes
1462 2408 1703 2459 plurimas,
1727 2419 1796 2448 re-

176 2477 390 2529 pentinas
419 2478 465 2517 in
492 2488 578 2517 nos
609 2477 664 2518 de
691 2478 820 2518 coelo
851 2478 1067 2518 imbrium
1094 2478 1370 2530 effusiones,
1402 2491 1624 2520 nauseam
1655 2486 1795 2532 atque

177 2554 400 2589 sexcenta
428 2548 520 2588 alia
543 2549 856 2600 nauigationis
881 2549 1199 2600 incommoda,
1224 2551 1301 2590 illa
1331 2551 1470 2590 etiam
1499 2550 1599 2602 ipsa
1624 2551 1796 2591 saeuis-

176 2620 294 2660 sima
315 2624 584 2672 tempestaS,
608 2631 726 2671 quae
749 2631 856 2660 cum
882 2621 993 2661 naui
1024 2632 1114 2661 una
1142 2632 1259 2672 pene
1287 2632 1448 2662 omnes
1474 2627 1611 2662 nocte
1641 2622 1796 2662 absor-

175 2690 288 2742 buit,
311 2702 404 2731 non
425 2691 576 2731 solum
596 2691 803 2732 animum
824 2702 978 2732 meum
1000 2691 1113 2732 nihil
1140 2692 1358 2744 perculit,
1382 2704 1547 2733 uerum
1568 2693 1708 2733 etiam
1736 2693 1796 2733 ad

174 2762 382 2814 pericula
403 2772 486 2813 pro
509 2761 695 2802 Christo
723 2774 781 2803 ex
810 2761 1113 2814 Superiorum
1143 2774 1353 2804 meorum
1383 2764 1664 2804 authoritate
1695 2763 1797 2804 sub·

177 2833 329 2874 eunda
351 2833 627 2874 alacriorem
648 2832 863 2873 reddidit.
887 2833 1038 2885 Quam
1066 2844 1154 2884 ego
1176 2833 1223 2874 in
1243 2834 1478 2874 laboribus
1501 2845 1556 2874 ac
1578 2834 1796 2886 periculis

174 2904 247 2945 his
276 2903 590 2946 constantiam
620 2903 675 2954 (si
710 2904 849 2945 modo
885 2914 980 2945 tam
1014 2904 1185 2945 leuium
1216 2916 1374 2946 rerum
1408 2905 1648 2958 perpessio
1679 2905 1795 2946 adeo

231 3086 240 3106 ¹
281 3087 527 3122 Autographae
543 3087 667 3122 duplici
681 3087 770 3119 folio.
784 3095 843 3116 nn.·
855 3087 906 3116 170
920 3092 952 3115 et
969 3088 1188 3116 l7l.—Pauca
1205 3088 1236 3115 in
1249 3087 1300 3115 his
1312 3088 1507 3116 immutavit
1521 3088 1697 3116 Polaticus.
1711 3095 1796 3122 quae

178 3141 237 3161 nos
252 3134 294 3161 ad
308 3134 455 3168 paginae
469 3135 599 3162 calcem
616 3135 850 3163 indicabimus,
