2020 3342
252 221 325 269 518
755 223 982 261 LITTERAE
1008 233 1366 266 QUADRIMESTRES

253 330 414 359 omnes
444 319 692 370 aliquando
721 319 913 359 summis
939 319 1155 370 precibus
1176 331 1203 363 a
1229 319 1427 360 Rectore
1460 321 1468 339 ¹
1497 320 1794 371 contendam,
1826 328 1875 361 ut

253 401 346 439 eos,
371 401 660 441 quacumque
683 390 879 429 uoluerit
901 401 1067 440 poena,
1092 390 1274 440 afficiat,
1306 400 1497 441 propter
1516 393 1676 431 'eorum
1708 391 1763 439 (si
1786 391 1874 432 hoc

253 472 362 501 uere
383 461 475 500 dici
496 461 660 511 potest)
683 460 728 500 in
751 461 1056 500 obseruandis
1078 461 1250 511 regulis
1270 462 1620 512 negligentiam.

332 531 494 571 Patres
526 543 637 571 uero
666 531 722 571 iis
760 538 946 582 praesto
979 543 1079 572 esse
1110 533 1279 582 solent,
1313 533 1391 584 qui
1419 545 1449 587 ‚e
1487 534 1584 573 uita
1615 533 1872 584 discedunt,

253 614 421 653 eosque
439 602 533 641 suis
549 602 948 642 cohortationibus
966 603 1187 643 adiuuant
1205 610 1248 643 et
1265 604 1556 644 confirmant:
1576 604 1715 655 quod,
1734 615 1874 655 quam

254 674 361 713 utile
384 685 438 713 ac
460 673 560 713 Deo
583 673 686 724 Opt.
710 673 836 714 Max.
858 681 1046 724 gratum
1065 674 1136 721 sit,
1160 674 1314 714 uerbis
1335 675 1563 726 explicari·
1590 687 1682 715 non
1705 682 1872 726 potest.

253 743 370 783 Nam
401 755 506 783 cum
536 744 740 784 maxima
771 753 815 784 et
846 745 1178 796 propemodum
1213 746 1496 786 incredibilis
1527 747 1873 797 aegrotantium

254 814 497 854 multitudo
520 815 565 854 in
584 815 673 854 hac
708 816 819 856 urbe
848 817 919 863 sit,
950 817 996 856 in
1023 817 1078 857 iis
1109 816 1364 857 inuisendis
1394 829 1448 857 ac
1479 817 1685 868 peccatis
1716 828 1875 857 eorum

253 885 570 936 expurgandis
599 885 696 925 dies
722 893 974 938 noctesque
1002 895 1293 928 consumunt:
1327 895 1482 928 tantus
1513 895 1581 927 est
1612 888 1733 927 enim
1765 899 1876 938 erga

252 963 437 996 nostros
459 957 663 997 omnium
693 969 824 998 amor
852 964 895 998 et
922 959 1261 1009 beneuolentia,
1293 966 1512 1011 tantaque
1543 960 1597 999 de
1628 959 1683 999 iis
1714 965 1810 999 tum
1832 959 1876 998 in

253 1026 410 1077 literis,
435 1033 530 1067 tum
552 1028 692 1068 etiam
719 1029 765 1068 in
793 1029 964 1070 uirtute
995 1042 1049 1070 ac
1078 1030 1201 1070 uitae
1228 1030 1536 1070 sanctimonia
1568 1030 1689 1081 apud
1718 1041 1879 1070 omnes

253 1098 407 1149 opinio
430 1106 512 1148 est,
538 1105 586 1138 ut
608 1100 778 1139 nemini
806 1099 862 1140 de
892 1102 1096 1156 peccatis
1113 1100 1327 1142 confiteri
1354 1101 1496 1141 uelint
1527 1101 1614 1141 nisi
1636 1101 1739 1141 illis:
1773 1111 1877 1141 cum

253 1176 407 1208 tamen
429 1169 475 1209 in
498 1170 586 1209 hac
609 1170 721 1210 urbe
749 1176 793 1210 et
821 1170 1063 1212 doctorum
1094 1179 1136 1212 et
1165 1173 1491 1223 religiosorum
1518 1172 1757 1212 hominum
1786 1184 1877 1212 non

252 1251 397 1291 parua
428 1241 673 1281 multitudo
705 1241 777 1281 sit:
812 1242 934 1291 quod
965 1243 1150 1294 quidem
1182 1255 1239 1283 ex
1270 1256 1322 1283 eo
1354 1245 1427 1283 uel
1457 1244 1658 1283 maxime
1692 1243 1877 1283 euenire

252 1311 480 1361 existimo,
505 1312 611 1362 quia
634 1323 740 1352 cum
760 1313 891 1353 multi
915 1325 971 1353 ex
999 1314 1070 1353 his
1101 1315 1277 1354 crebris
1301 1314 1471 1354 diaboli
1498 1314 1878 1365 persuasionibus

252 1393 305 1421 eo
341 1381 635 1422 miseriarum
670 1383 987 1434 deuenissent‚
1025 1391 1073 1424 ut
1108 1385 1163 1424 de
1199 1386 1347 1425 salute
1384 1385 1645 1425 animorum
1689 1395 1879 1436 suorum

251 1452 436 1492 omnino
464 1453 792 1504 desperassent
826 1454 881 1494 ab
906 1466 1051 1506 eoque
1083 1468 1109 1495 a
1140 1456 1492 1507 quamplurimis
1526 1455 1770 1506 religiosis,
1803 1455 1878 1506 qui

251 1534 299 1562 se
334 1523 468 1563 huius
504 1525 569 1564 rei
599 1525 753 1575 gratia
786 1536 839 1565 eo
876 1527 1184 1575 contulerant,
1220 1526 1387 1566 abduci
1420 1539 1510 1567 non
1541 1531 1745 1577 possent,
1783 1532 1877 1565 tan-

251 1593 354 1634 dem
377 1594 533 1634 diuina
556 1594 642 1634 Dei
665 1593 770 1647 Opt.
802 1596 926 1636 Max.
958 1597 1162 1636 bonitate
1189 1596 1404 1636 effectum
1434 1604 1517 1646 est,
1549 1596 1720 1636 nostris
1749 1607 1860 1636 acce

253 1665 481 1712 dentibUS,
507 1672 554 1705 ut
576 1666 634 1705 ab
656 1666 710 1706 iis
733 1667 946 1707 omnibus
970 1667 1296 1708 liberarentur.

332 1736 651 1777 Accersuntur
672 1744 915 1789 praeterea
937 1740 1083 1778 nostri
1105 1730 1163 1778 ad
1189 1739 1391 1790 gratiam
1414 1739 1532 1779 inter
1560 1739 1729 1778 multos
1758 1749 1880 1777 com-

250 1808 517 1858 ponendam
539 1816 677 1859 atque
700 1808 789 1848 alia
809 1810 1151 1860 quamplurima
1169 1810 1355 1861 pietatis
1373 1809 1537 1854 officia,
1557 1809 1722 1861 quibus
1740 1809 1880 1849 omni-

251 1879 335 1918 bus
356 1879 507 1929 rebus,
534 1880 706 1919 auxilio
731 1886 775 1919 et
802 1880 963 1920 fauore
992 1881 1163 1931 diuino,
1196 1881 1300 1921 licet
1333 1881 1468 1932 pauci
1495 1881 1600 1929 sint,
1634 1887 1786 1920 tamen
1811 1891 1880 1919 sa-

251 1949 503 1999 tisfaciunt3
524 1962 631 1990 nam
653 1962 758 1990 cum
780 1952 970 2002 quidam
992 1952 1203 1992 homines
1235 1953 1410 1992 nobiles
1431 1952 1741 2003 grauissimas
1762 1951 1881 1991 inter

251 2031 299 2060 se
328 2020 596 2061 inimicitias
623 2029 863 2072 gererent,
900 2034 1039 2074 seque
1067 2030 1226 2063 mutuo
1253 2023 1520 2063 uulneribus
1552 2022 1879 2072 confecissent,

251 2092 420 2131 missus
443 2092 501 2131 ad
522 2103 601 2132 eos
622 2092 768 2132 frater
789 2093 977 2144 quidam
999 2100 1171 2143 noster,
1191 2094 1409 2134 Lionelus
1426 2094 1558 2134 Lima
1581 2094 1782 2144 nomine,
1802 2104 1882 2133 eos

254 2162 564 2214 iii—pristinam
586 2175 640 2203 ac
662 2169 868 2204 ueterem
892 2165 1145 2204 amicitiam
1168 2165 1367 2204 reduxit:
1399 2165 1545 2216 iisque
1576 2176 1669 2204 non
1698 2170 1885 2204 conten-

252 2240 340 2281 tus,
361 2240 408 2272 ut
433 2234 697 2274 inuiolabile
719 2242 762 2274 et
784 2242 1058 2286 perpetuum
1080 2242 1201 2276 esset
1225 2237 1456 2276 amicitiae
1474 2236 1650 2285 foedus,
1675 2235 1879 2275 elabora—

252 2305 316 2344 uit
340 2304 478 2355 (quod
499 2312 623 2345 certe
654 2313 965 2358 consequutus
993 2307 1076 2356 est)
1100 2314 1146 2347 ut
1174 2319 1275 2347 sese
1301 2315 1456 2347 mutuo
1485 2307 1665 2358 publice
1695 2307 1740 2346 in
1772 2312 1881 2346 tem-

253 2377 328 2425 plo
351 2387 512 2415 coram
534 2386 840 2417 sacrosancto
863 2389 1060 2429 corpore
1084 2377 1271 2417 Domini
1293 2379 1439 2418 nostri
1460 2379 1570 2431 Jesu
1592 2378 1765 2418 Christi
1787 2389 1879 2417 am—

254 2447 582 2496 plecterentur:
607 2459 696 2498 quo
717 2447 857 2498 facto,
888 2449 1116 2488 maximas
1141 2460 1314 2498 omnes,
1350 2450 1425 2500 qui
1448 2449 1508 2488 ibi
1538 2449 1746 2498 aderant,
1778 2448 1879 2488 Deo

257 2515 361 2567 Opt.
387 2516 511 2556 Max.
537 2519 715 2567 gratias
745 2526 955 2570 egerunt.

334 2587 420 2627 Hic
442 2589 583 2628 etiam
604 2588 763 2639 frater,
785 2602 889 2630 cum
906 2590 1044 2630 Patre
1063 2590 1199 2631 Cotta
1222 2590 1234 2609 ²
1256 2592 1406 2640 simul,
1432 2591 1501 2630 bis
1519 2591 1634 2630 duos
1655 2591 1882 2642 quosdam

255 2658 465 2698 homines
493 2660 739 2700 comitatus
768 2668 852 2710 est,
883 2662 960 2712 qui
988 2662 1168 2712 publice
1201 2662 1258 2702 ad
1292 2662 1545 2713 patibulum
1576 2662 1878 2711 ducebantur,

256 2740 450 2779 quorum
473 2731 603 2778 alter,
630 2743 734 2771 cum
756 2731 912 2782 iniquo
935 2739 981 2773 et.
1001 2733 1171 2771 acerbo
1194 2733 1348 2772 animo
1371 2733 1647 2772 sententiam
1670 2733 1725 2772 de
1746 2744 1801 2772 eo
1818 2734 1881 2772 la—

257 2806 351 2839 tam
374 2801 568 2850 tulisset,
593 2801 680 2840 sibi
708 2802 797 2852 ipsi
823 2809 1019 2842 mortem
1049 2803 1341 2844 consciscere
1373 2803 1436 2853 (ut
1464 2803 1606 2853 aiunt)
1638 2803 1882 2843 constitue-

311 2985 320 3003 ¹
362 2983 398 3010 P.
415 2983 526 3010 Leone
543 2983 724 3017 Enriquez.

312 3031 323 3050 ‘2
362 3031 396 3059 P.
414 3030 595 3058 Melchiore
612 3031 723 3058 Cotta.
