2020 3342
247 303 315 340 ⁴204
755 304 978 342 LITTERAE
1005 315 1360 349 QUADRIMESTRES

247 407 321 440 tus
342 401 399 441 sit
421 412 641 441 numerus
663 402 983 443 accedentium
1005 402 1063 442 ad
1091 402 1371 443 dominicam
1398 412 1610 442 mensam
1639 401 1686 441 in
1718 401 1865 453 capel·

247 473 292 512 la
312 477 489 512 nostra.
514 472 638 513 Vere
659 474 853 514 mutatio
876 473 1097 514 dexterae
1116 473 1303 514 Excelsi
1324 478 1416 514 est:
1440 472 1541 513 heri
1563 473 1644 513 Vix
1672 483 1793 513 vnus
1820 472 1866 513 in

248 555 333 584 nos
368 554 425 583 ne
460 544 619 584 oculos
653 545 837 596 quidem
869 550 1142 586 conuertere
1169 544 1390 586 audebat:
1422 544 1514 584 iam
1545 543 1682 584 hodie
1711 544 1868 595 plures

249 626 390 666 quam
410 620 548 655 antea
569 616 701 656 nobis
724 616 789 657 vti
817 615 1083 657 desiderant
1111 616 1416 657 familiariter,
1448 615 1498 656 In
1525 615 1727 667 quodam
1751 613 1867 667 jubi-

250 687 367 737 laeo,
391 686 450 726 ad
470 686 608 726 finem
629 687 952 738 praecedentis
974 687 1083 728 anni
1105 699 1343 739 concesso,
1368 692 1527 728 tantus
1546 685 1632 727 fuit
1646 697 1868 727 numerus

251 757 587 809 accedentium,
610 764 660 798 vt
680 757 758 798 diu
779 764 1010 810 noctuque
1040 770 1316 810 cogeremur
1344 758 1662 799 confessiones
1689 757 1866 808 audire;

251 841 335 869 nec
358 828 518 869 datum
539 835 608 869 est
629 835 758 870 tanto
779 841 971 870 numero
993 830 1287 870 satisfacere:
1309 829 1499 870 tandem
1519 840 1612 870 non
1634 829 1870 881 potuimus

251 912 343 941 non
370 911 543 940 vocare
571 906 790 941 externos
822 901 1047 952 quosdam
1078 901 1362 948 sacerdotes,
1398 901 1478 953 qui
1513 900 1585 941 die
1620 900 1868 951 dominico,

253 983 357 1012 cum
384 983 521 1012 sacra
542 972 805 1012 communio
827 972 1051 1013 sumenda
1072 971 1173 1022 fuit,
1203 983 1288 1012 nos
1316 972 1364 1012 in
1394 971 1640 1012 audiendis
1667 971 1871 1012 reconci-

253 1043 520 1083 liationibus
542 1043 770 1084 iuuarent.
801 1043 886 1083 His
914 1044 1053 1083 etiam
1081 1043 1242 1084 diebus
1269 1043 1514 1083 habuimus
1547 1054 1630 1095 pro
1661 1042 1871 1083 christia-

252 1126 417 1155 norum
438 1114 701 1166 principum
724 1114 973 1155 obtinenda
996 1126 1112 1166 pace
1128 1113 1384 1166 jubilaeum
1416 1115 1516 1166 (pro
1549 1112 1682 1165 cujus
1714 1124 1871 1154 conse·

253 1186 439 1227 cutione
460 1184 545 1226 fuit
567 1186 706 1226 etiam
729 1197 973 1226 necessum
994 1185 1235 1237 confiteri),
1260 1191 1398 1237 atque
1419 1185 1466 1225 in
1496 1195 1668 1236 magno
1696 1184 1756 1225 ad
1788 1196 1873 1225 nos

252 1269 445 1298 numero
468 1257 726 1297 confessuri
756 1257 1237 1309 communicaturique
1268 1267 1533 1297 accessere:
1567 1256 1655 1296 hoc
1686 1254 1872 1308 quidem

253 1328 386 1369 nobis
406 1340 490 1380 pro
512 1327 759 1369 manifesto
781 1334 865 1379 est,
888 1335 937 1369 vt
959 1340 1044 1380 pro
1067 1328 1363 1369 sacerdotum
1391 1339 1584 1368 numero
1611 1328 1750 1378 longe
1778 1327 1872 1379 plu—

254 1411 329 1440 res
366 1399 413 1439 in
447 1398 663 1451 jubilaeis
703 1405 746 1440 et
786 1400 831 1440 in
871 1399 1231 1452 quadragesima
1270 1399 1464 1451 aliisque
1502 1398 1682 1439 festiuis
1713 1398 1874 1439 diebus

254 1470 499 1511 audiamus
539 1470 869 1518 confessiones,
913 1483 1052 1523 quarn
1091 1471 1137 1510 in
1176 1470 1374 1511 caeteris
1413 1470 1622 1511 ecclesiis
1660 1469 1791 1510 vrbis
1829 1476 1873 1510 et

253 1542 566 1599 monasteriis.
616 1541 726 1582 Post
772 1542 1024 1582 aduentum
1063 1548 1274 1582 nostrum
1313 1541 1605 1593 praedictum
1648 1540 1874 1592 plurimas

253 1613 518 1654 audiuimus
547 1614 808 1665 generales,
843 1619 885 1653 et
919 1613 1034 1654 alias
1065 1614 1316 1654 multorum
1343 1613 1437 1665 (qui
1468 1613 1526 1653 ad
1555 1623 1642 1653 nos
1672 1612 1876 1652 nondum

254 1684 568 1736 accesserant)
592 1684 929 1735 confessiones3
954 1696 1045 1736 qua
1067 1684 1112 1724 in
1135 1695 1183 1724 re
1205 1696 1297 1724 non
1314 1684 1596 1725 mediocrem
1611 1683 1813 1724 fructum
1830 1681 1875 1722 in

254 1757 574 1808 proximorum
598 1756 895 1796 conscientiis
917 1755 1095 1807 experti
1118 1766 1297 1796 sumus:
1319 1761 1520 1807 quantus
1537 1761 1691 1795 autem
1708 1754 1766 1795 sit
1784 1754 1874 1804 ille,

246 1817 386 1868 'nouit
408 1827 460 1877 is,
488 1827 565 1879 qui
592 1827 704 1867 nihil
732 1827 938 1878 ignorat:
969 1838 1105 1878 quem
1140 1838 1232 1867 non
1261 1827 1388 1877 latet,
1421 1831 1532 1878 quot
1565 1825 1878 1866 conscientiae

256 1900 390 1951 (quae
412 1899 580 1939 misere
603 1898 892 1949 corruerant)
916 1904 1162 1950 reparatae
1184 1904 1305 1949 sunt,
1330 1904 1441 1950 quot
1472 1903 1665 1950 peccata
1692 1897 1877 1949 publica

255 1976 513 2021 cessarunt,
538 1975 650 2022 quot
673 1971 854 2010 animae
878 1981 903 2009 a
926 1968 1159 2010 Sathanae
1181 1970 1414 2021 vnguibus
1436 1975 1622 2021 ereptae
1643 1975 1775 2009 sunt:
1801 1969 1879 2008 ha-

257 2054 357 2082 rum
381 2041 626 2082 nonnullas
648 2052 731 2093 pro
754 2047 879 2082 certo
902 2041 1074 2082 scimus
1096 2041 1141 2081 in
1165 2041 1285 2081 bono
1316 2047 1542 2093 perstare.
1572 2040 1699 2081 D.111¹S
1723 2039 1873 2093 Jesus,

255 2113 314 2154 ad
336 2113 467 2154 cuius
489 2112 688 2164 gloriam
710 2113 864 2152 omnia
887 2112 1014 2163 fiunt,
1039 2112 1115 2153 det
1142 2112 1496 2163 incrementum,
1527 2111 1646 2152 sicut
1676 2118 1721 2152 et
1747 2111 1878 2151 auxi·

258 2185 367 2225 lium
390 2191 433 2225 et
455 2184 581 2225 vires
600 2185 832 2236 praestitit
855 2190 903 2224 ut
923 2184 1038 2225 haec
1061 2184 1334 2235 inciperent.

332 2255 421 2296 Sed
442 2267 527 2295 nec
555 2266 714 2295 eorum
745 2255 1035 2307 spiritualem
1064 2254 1324 2307 profectum
1355 2254 1536 2295 silentio
1567 2253 1879 2306 pertransibo,

254 2339 368 2379 quos
398 2327 698 2379 frequentius,
732 2327 925 2378 singulis
958 2327 1173 2367 videlicet
1205 2326 1453 2376 mensibus,
1488 2326 1646 2377 quinto
1678 2324 1880 2374 decimo,

255 2405 390 2450 atque
412 2404 579 2438 octauo
604 2409 785 2450 quoque
808 2398 893 2445 die,
918 2410 1002 2449 pro
1025 2398 1246 2449 cuiusque
1268 2397 1570 2448 dispositione
1592 2403 1636 2436 et
1658 2402 1783 2436 statu
1805 2406 1876 2435 sa-

254 2476 500 2510 crosancto
523 2481 641 2521 pane
662 2469 790 2520 pasci
815 2469 1023 2509 sinimus:
1046 2469 1077 2508 ii
1105 2468 1227 2509 enim
1259 2468 1390 2519 (quos
1419 2467 1558 2508 credo
1590 2467 1694 2519 plus
1723 2466 1876 2524 minus

255 2553 447 2581 numero
477 2546 662 2580 centum
692 2539 808 2590 esse)
840 2542 904 2581 ita
934 2539 1116 2580 fortiter
1152 2539 1451 2591 hilariterque
1492 2545 1793 2590 perseuerant
1836 2536 1882 2576 in

255 2612 403 2661 bonis,
429 2611 657 2651 maximas
680 2617 843 2652 contra
865 2624 913 2652 se
935 2611 1297 2652 obtrectationes
1319 2610 1736 2661 indeuotorumque
1761 2619 1883 2648 mur·

256 2683 544 2723 murationes
564 2694 656 2722 non
678 2688 909 2733 curantes,
938 2688 984 2722 vt
1005 2682 1051 2722 in
1072 2681 1186 2734 ipsis
1207 2680 1395 2721 Domini
1423 2681 1637 2732 spiritum
1667 2691 1773 2720 cum
1808 2678 1884 2719 do-

258 2765 422 2794 norum
453 2753 721 2793 coelestium
752 2753 1172 2793 communicatione
1203 2764 1294 2792 non
1323 2752 1525 2804 qualibet
1553 2751 1768 2792 habitare
1791 2761 1885 2790 non

257 2824 532 2865 dubitemus.
556 2824 658 2864 Hoc
679 2824 863 2876 quidem
887 2830 929 2864 et
950 2824 1069 2864 inter
1101 2823 1191 2863 alia
1222 2823 1320 2863 iure
1351 2822 1615 2864 mirandum
1650 2827 1733 2872 est,
1771 2832 1884 2861 non·

258 2896 407 2936 nullos
427 2895 611 2935 infimae
633 2895 912 2935 conditionis
934 2895 1145 2936 homines
1166 2900 1209 2934 et
1231 2894 1445 2935 mulieres
1468 2894 1534 2944 (vt
1567 2899 1718 2934 status
1748 2903 1886 2944 supe-

261 2967 397 3008 rioris
419 2973 631 3007 caeteros
652 2966 849 3017 taceam)
881 2967 945 3007 ita
976 2966 1118 3006 fortes
1150 2965 1196 3006 in
1226 2966 1372 3006 nostri
1402 2964 1671 3005 defensione
1704 2975 1731 3004 a
1761 2963 1883 3004 testi-

261 3038 428 3079 moniis
447 3036 577 3078 falsis
598 3043 641 3077 et
663 3037 876 3077 conuitiis
899 3037 1109 3089 (quorum
1132 3037 1329 3087 plurima
1345 3047 1428 3088 per
1445 3035 1683 3077 hominum
1702 3046 1784 3076 ora
1801 3046 1883 3075 vo-

263 3108 471 3156 litabant)
514 3107 769 3160 perstitisse
810 3107 983 3148 inuenti
1025 3115 1145 3157 sunt,
1188 3113 1324 3158 atque
1365 3106 1408 3146 in
1450 3106 1648 3158 receptis
1690 3118 1713 3145 a
1752 3105 1884 3145 nobis
