2020 3342
282 242 349 288 180
780 246 1004 290 LITTERAE
1031 259 1392 295 QUADRIMESTRES

553 488 833 517 praecedentium
847 489 965 522 Jacobi
980 490 1117 518 puellas
1132 489 1326 517 litterarum
1342 489 1452 517 latina
1466 489 1581 517 versio
1599 488 1620 517 ¹.

1045 614 1143 692 nis

357 775 631 816 Reuerendo
660 775 705 815 in
733 774 919 815 Christo
948 774 1073 815 Patri
1104 775 1286 826 Ignatio
1322 775 1512 816 Loiolae
1545 775 1746 829 Jacobus
1774 775 1901 816 Puel-

279 848 367 887 lius
389 846 435 886 S.
461 846 509 886 Ρ.
533 846 590 886 D.

358 918 521 958 Gratia
543 924 586 958 et
609 930 701 969 pax
723 918 898 959 Christi
919 918 976 958 sit
997 923 1166 969 tecum,
1188 924 1232 958 et
1254 929 1359 958 cum
1380 917 1608 958 omnibus.
1634 917 1803 958 Amen.

356 989 457 1029 Hac
479 988 675 1040 epistola
693 988 1037 1041 quadrimestri‚
1058 988 1307 1029 admodum
1319 987 1590 1029 Reuerende
1606 988 1761 1040 Pater,
1782 1000 1902 1040 quae

277 1059 500 1100 beneficio
523 1059 611 1100 Dei
632 1071 714 1112 per
737 1066 893 1111 patres
921 1072 976 1100 ac
998 1060 1166 1100 fratres
1202 1059 1338 1100 huius
1372 1059 1519 1099 nostri
1552 1059 1749 1110 Collegii
1780 1059 1901 1100 Gan-

279 1131 454 1171 diensis
471 1131 610 1182 digna
633 1131 753 1171 scitu
775 1137 881 1171 acta
903 1137 1025 1181 sunt,
1048 1131 1210 1182 paucis
1232 1131 1291 1171 ad
1312 1137 1355 1171 te
1372 1130 1589 1170 scribam.
1610 1129 1780 1182 Atque,
1802 1136 1853 1170 Vt
1874 1142 1900 1170 a

281 1202 605 1242 communibus
625 1202 805 1242 initium
843 1201 1030 1252 faciam,
1063 1202 1179 1242 scito
1207 1201 1282 1241 hic
1303 1201 1390 1242 hac
1416 1201 1628 1253 proxime
1649 1201 1902 1252 praeterita

275 1272 650 1323 quadragesima,
675 1278 927 1324 praecepto
948 1272 1102 1312 Patris
1122 1272 1381 1323 Francisci,
1405 1271 1592 1312 Patrem
1613 1270 1901 1312 Gouiernum

276 1343 605 1384 concionatum
633 1342 776 1383 fuisse
803 1342 1049 1383 dominicis
1082 1343 1303 1395 festisque
1339 1343 1499 1383 diebus
1527 1343 1574 1382 in
1608 1343 1778 1394 templo
1807 1354 1900 1383 ma-

273 1415 414 1464 ximo,
435 1415 537 1454 aliis
558 1426 672 1454 vero
693 1414 854 1454 diebus
875 1415 921 1454 in
943 1415 1165 1454 coenobio
1188 1414 1495 1466 quarumdam
1523 1414 1771 1454 Vestalium
1800 1414 1900 1454 reli-

273 1486 660 1536 giosissimarum.
684 1485 856 1526 Habuit
878 1492 1100 1537 perpetuo
1118 1485 1383 1537 frequentes
1401 1486 1652 1534 auditoreS,
1672 1484 1839 1537 quibus
1857 1492 1902 1525 et

274 1568 357 1597 suo
374 1568 587 1597 sermone
609 1563 746 1608 atque
767 1556 1027 1596 eruditione
1049 1568 1229 1608 semper
1258 1567 1397 1608 quam
1423 1555 1721 1607 gratissimus
1750 1556 1834 1596 fuit
1855 1562 1902 1596 et

274 1627 561 1668 Vtilissimus.
582 1627 667 1668 Cui
684 1639 845 1667 omnes
862 1638 1009 1679 vsque
1028 1627 1143 1668 adeo
1161 1627 1333 1667 addicti
1352 1633 1499 1677 erant,
1521 1632 1570 1666 vt
1589 1638 1693 1667 cum
1713 1625 1899 1678 quidam

273 1699 516 1749 theologus
551 1699 747 1739 eximius
782 1699 873 1739 huc
908 1699 1113 1738 venisset
1148 1698 1473 1738 concionatum
1504 1697 1560 1737 de
1595 1697 1900 1749 diplomatum

222 1815 223 1819 Ἰ
274 1770 472 1810 Vtilitate
501 1782 581 1821 per
610 1770 828 1819 triduum,
866 1782 956 1821 quo
989 1769 1168 1810 Pascha
1205 1769 1480 1818 celebratur,
1518 1769 1676 1809 statim
1700 1780 1726 1808 a
1747 1769 1896 1820 prima

272 1841 495 1881 concione
515 1848 709 1892 rogatus
730 1847 799 1881 est
832 1841 1023 1881 summis
1059 1840 1273 1892 precibus
1307 1852 1333 1879 a
1365 1840 1633 1880 consulibus
1667 1847 1712 1880 et
1743 1840 1900 1879 multis

272 1912 389 1963 aliis,
413 1918 478 1963 vt,
503 1912 541 1952 si
575 1911 673 1952 fieri
705 1918 877 1963 posset,
915 1911 1255 1961 supersederet,
1292 1918 1336 1951 et
1372 1910 1503 1950 daret
1530 1911 1685 1951 locum
1713 1910 1898 1950 concio-

270 1983 414 2023 nandi
436 1983 625 2034 reliquis
647 1983 826 2023 duobus
848 1982 1010 2023 diebus
1031 1988 1192 2022 nostro
1214 1981 1356 2022 Patri.

350 2054 439 2113 Die
459 2054 675 2094 mercurii
697 2053 1014 2094 hebdomadae
1037 2062 1227 2093 sanctae
1250 2053 1555 2093 concionatus
1587 2059 1657 2094 est
1689 2054 1896 2094 meretri-

270 2126 414 2174 cibus,
434 2136 631 2177 quarum
652 2125 834 2165 animos
854 2125 917 2165 ita
946 2125 1214 2175 commouit,
1252 2131 1302 2164 vt
1323 2124 1548 2164 extribus
1584 2124 1703 2165 duae
1735 2124 1897 2165 eodem

271 2205 478 2248 tempore
512 2197 657 2236 vitam
693 2203 987 2246 praesentem
1022 2196 1299 2247 relinquere,
1340 2196 1385 2235 in
1412 2195 1553 2235 alium
1583 2201 1757 2236 statum
1784 2197 1896 2248 opti-

271 2279 397 2308 mum
417 2274 778 2317 commutanteS,
811 2267 1127 2307 decernerent.
1165 2266 1321 2306 Tertia
1358 2272 1527 2317 autem,
1567 2278 1685 2318 quae
1720 2266 1896 2318 reliqua

270 2338 438 2389 fuerat,
463 2350 568 2378 cum
590 2337 777 2378 Patrem
800 2344 1011 2378 nostrum
1033 2338 1106 2377 die
1127 2337 1311 2377 veneris
1333 2337 1547 2388 proximo
1583 2337 1639 2377 de
1674 2336 1897 2378 Passione

271 2409 446 2450 Christi
470 2416 688 2459 agentem
706 2409 901 2459 audiret,
925 2409 1118 2459 eiulans,
1143 2408 1323 2448 cunctis
1344 2408 1677 2459 spectantibus,
1696 2408 1756 2449 ad
1775 2420 1897 2449 eum-

272 2480 375 2520 dem
399 2480 613 2530 accessit,
637 2479 823 2520 veniam
846 2491 872 2519 a
894 2478 994 2519 Deo
1016 2490 1208 2519 suorum
1243 2485 1544 2530 peccatorum
1577 2485 1754 2531 petens,
1778 2491 1895 2531 quae

271 2550 489 2602 perendie
510 2551 666 2601 nupsit
688 2550 872 2590 cuidam
899 2550 1055 2590 iuueni
1089 2549 1348 2600 gandiensi,
1386 2550 1586 2601 optimis,
1622 2550 1782 2602 eisque
1802 2562 1895 2591 non

270 2621 479 2671 abiectis,
502 2621 772 2672 parentibus
794 2627 919 2661 nato.
954 2620 1091 2661 Pater
1125 2619 1303 2660 Doctor
1338 2620 1594 2661 Rodericus
1628 2621 1790 2662 diebus
1818 2622 1895 2662 do-

270 2692 451 2731 minicis
473 2697 515 2731 et
532 2691 661 2731 festis
696 2691 902 2731 eiusdem
925 2691 1313 2743 quadragesimae
1348 2691 1652 2732 concionatus
1682 2698 1751 2732 est
1772 2691 1895 2744 apud

271 2761 422 2803 Diuae
443 2761 623 2812 Clarae,
644 2762 759 2802 hora
781 2762 985 2802 secunda
1015 2773 1042 2801 a
1076 2761 1283 2812 meridie,
1319 2761 1549 2813 frequenti
1581 2762 1827 2804 auditorio:
1850 2769 1895 2804 et

271 2833 431 2874 diebus
452 2833 670 2873 mercurii
690 2833 736 2872 in
756 2839 916 2873 nostro
938 2833 1122 2883 temp10,
1153 2832 1211 2871 ad
1246 2832 1603 2889 quodpmagnus
1639 2845 1894 2874 concursus

271 2916 375 2944 eum
397 2903 612 2944 audiendi
633 2915 776 2944 causa
792 2903 943 2947 fiebat.
974 2903 1202 2954 Coeperat
1227 2909 1471 2954 praeterea
1503 2903 1624 2944 idem
1653 2911 1894 2956 praestare

327 3063 335 3084 ¹
376 3062 622 3098 Autographae
638 3062 760 3096 duplici
778 3061 867 3094 folio,
884 3062 990 3097 primo
1007 3069 1036 3088 n.
1050 3061 1112 3094 461,
1128 3061 1238 3088 altero
1253 3068 1317 3088 non
1333 3066 1520 3089 numerato.
