2020 3342
861 322 942 364 ΑΝ.
975 323 1064 363 1556
1699 323 1768 360 259

216 1003 438 1053 Josephus
457 1004 677 1043 Fabritius

265 1070 386 1108 Patri
403 1069 571 1117 Ignatio
591 1069 644 1108 de
663 1070 848 1119 Loyola.

313 1134 511 1183 Neapoli,
531 1135 555 1172 2
572 1135 675 1184 Maji
696 1136 786 1175 1556
805 1137 830 1174 ¹.

888 1274 1038 1327 Jesus.

230 1417 505 1459 Reverende
528 1417 575 1458 in
596 1417 679 1458 X.0
700 1417 853 1460 Pater.

227 1489 327 1530 Pax
345 1488 421 1531 X.i

229 1560 358 1613 Quae
385 1567 583 1614 quatuor
612 1561 781 1602 abhinc
810 1562 1047 1602 mensibus
1077 1558 1272 1614 Neapoli
1301 1561 1348 1602 in
1376 1561 1583 1615 Collegio
1618 1569 1777 1604 nostro

150 1639 256 1674 sunt
276 1639 424 1684 gesta,
449 1633 513 1673 ita
540 1643 589 1673 se
611 1632 798 1673 habent.
827 1632 1025 1674 Seruata
1053 1639 1136 1684 est,
1166 1640 1210 1673 et
1240 1633 1393 1674 adhuc
1423 1640 1653 1686 seruatur,
1685 1647 1779 1675 non

149 1705 249 1745 sine
276 1704 481 1745 maximo
511 1705 686 1754 fructu,
715 1704 1001 1745 consuetudo
1030 1704 1260 1756 superiori
1289 1717 1411 1746 anno
1442 1706 1655 1747 instituta
1688 1713 1777 1747 tra-

147 1775 286 1816 dendi
306 1776 468 1816 diebus
489 1775 619 1816 festis
641 1775 880 1816 doctrinae
899 1773 1097 1817 Xianae.
1118 1783 1369 1829 praecepta
1387 1779 1572 1829 popu10,
1592 1778 1670 1830 qui
1686 1789 1779 1818 non

148 1847 416 1900 infrequens
439 1847 635 1898 accedit;
658 1852 702 1887 et
724 1847 860 1888 simul
883 1859 951 1898 ea,
977 1847 1032 1888 de
1054 1859 1144 1899 qua
1175 1849 1267 1889 iam
1290 1848 1515 1900 scriptum
1542 1858 1625 1900 est,
1655 1860 1777 1890 com-

151 1918 486 1959 municantium
507 1918 707 1959 societas
727 1918 898 1958 uirtute
920 1930 975 1959 ac
998 1929 1190 1959 numero
1214 1919 1259 1959 in
1278 1919 1375 1959 dies
1393 1920 1544 1971 magis
1562 1926 1777 1972 augetur,

153 2002 258 2031 cum
290 1990 477 2031 interim
513 1990 764 2030 conciones
789 1988 920 2030 festis
956 1996 999 2030 et
1027 1990 1252 2031 lectiones
1285 1990 1501 2042 profestis
1537 1991 1698 2032 diebus
1733 1992 1780 2032 in

151 2063 323 2114 templo
344 2067 505 2102 nostro
527 2061 716 2102 minime
736 2061 1117 2112 intermittantur,
1142 2073 1424 2114 quamquam
1451 2070 1495 2103 et
1524 2063 1570 2103 in
1596 2063 1780 2115 quibus-

153 2133 260 2173 dam
298 2132 535 2184 uirginum
579 2141 824 2173 sacrarum
869 2132 1052 2183 templis
1096 2132 1310 2184 proximo
1356 2133 1780 2185 quadragesimalis

153 2203 309 2244 ieiunii
329 2210 538 2255 tempore
561 2203 813 2244 conciones
834 2215 861 2244 a
882 2203 1056 2243 nostris
1078 2203 1265 2244 habitae
1287 2209 1408 2244 sunt.

231 2274 479 2315 Praeterea
504 2274 569 2325 (ut
591 2275 637 2315 in
668 2274 940 2315 uniuersum
967 2274 1134 2325 dicam)
1167 2280 1211 2315 et
1240 2274 1557 2316 confitentium
1588 2282 1632 2317 et
1660 2287 1780 2317 com-

152 2346 490 2387 municantium
525 2345 648 2398 apud
683 2358 769 2386 nos
799 2346 1044 2386 multitudo
1080 2356 1252 2397 magna
1284 2353 1368 2397 est,
1407 2359 1526 2398 quae
1557 2354 1601 2387 et
1634 2348 1782 2388 maior

154 2417 358 2470 quotidie
379 2417 443 2468 fit,
462 2423 505 2458 et
521 2417 725 2458 maxima
746 2416 828 2458 fuit
846 2417 1075 2469 superiori
1092 2417 1470 2469 quadragesima:
1489 2430 1579 2470 quo
1597 2418 1783 2470 quidem

155 2495 360 2541 tempore
395 2490 691 2541 praeclarum
713 2488 935 2540 quiddam
970 2489 1182 2540 contigit,
1214 2489 1337 2541 quod
1367 2490 1550 2530 silentio
1581 2496 1781 2542 praeter-

154 2560 355 2602 eundum
373 2560 486 2601 mihi
506 2572 804 2612 nequaquam
826 2560 1023 2601 uidetur.
1049 2559 1169 2601 Nam
1197 2560 1418 2601 meretrix
1445 2561 1676 2613 quaedam
1706 2564 1787 2604 uni

155 2643 212 2672 ex
233 2632 406 2672 nostris
427 2632 642 2672 confessa
664 2637 748 2682 est,
773 2637 817 2672 et
849 2643 955 2672 cum
990 2631 1277 2683 poenitentia
1308 2632 1447 2672 ducta
1478 2633 1603 2673 vitae
1632 2644 1788 2673 mores

154 2710 348 2753 mutare,
374 2708 513 2755 atque
534 2702 652 2743 adeo
674 2703 721 2743 in
742 2702 1053 2754 xenodochio,
1089 2703 1213 2754 quod
1243 2704 1503 2755 appellatur
1530 2704 1606 2745 hic
1634 2704 1785 2756 hospi-

155 2775 245 2815 tale
271 2774 618 2823 incurabilium,
651 2774 909 2815 ministeria
943 2774 986 2814 ei
1011 2775 1113 2814 loco
1145 2775 1414 2816 necessaria
1443 2775 1656 2816 obeundo
1686 2776 1788 2815 reli-

157 2857 299 2898 quum
319 2851 501 2897 tempus
535 2857 813 2886 consumere
842 2846 1105 2896 statuisset,
1135 2844 1253 2886 forte
1281 2846 1496 2887 inuentus
1526 2846 1709 2898 estqui,
1742 2846 1789 2886 in

213 3009 223 3027 ¹
264 3006 349 3035 Bina
365 3011 444 3035 sunt
459 3007 580 3035 harum
596 3008 792 3035 litterarum
808 3007 976 3042 exempla,
991 3010 1172 3042 utrumque
1188 3007 1221 3035 in
1235 3008 1314 3036 sollo
1336 3009 1444 3043 unico,
1458 3008 1567 3044 primo
1588 3016 1620 3037 n.
1638 3009 1659 3042 1,
1683 3009 1792 3037 altero

161 3060 192 3081 n.
205 3054 230 3081 2.
250 3054 387 3083 Nullum
402 3061 517 3083 autem
528 3056 655 3082 habent
670 3054 828 3082 indicium
844 3055 930 3082 unde
952 3055 1135 3082 decernere
1156 3055 1324 3090 possimus
1345 3063 1388 3084 an
1402 3057 1470 3084 sint
1486 3056 1733 3091 autographae,
1749 3064 1791 3083 an

161 3107 245 3127 vero
262 3102 495 3136 apographae,
510 3100 717 3136 praesertim
732 3108 814 3128 vero
829 3107 905 3129 cum
920 3101 1048 3128 nullum
1064 3101 1197 3135 uspiam
1218 3101 1329 3129 adhuc
1344 3102 1444 3136 hujus
1459 3102 1605 3129 Fabritii
1628 3103 1792 3136 seriptum

162 3147 350 3176 viderimus
365 3152 458 3178 certo
475 3148 738 3183 autographum.
