2020 3342
242 218 289 255 72
757 218 979 255 LITTERAE
1007 230 1364 262 omnnium-mas

246 325 452 353 amorem
488 313 824 364 impellentem,
862 314 998 354 modo
1034 328 1058 354 a
1088 316 1218 355 vitiis
1253 315 1564 355 deterrentem
1599 320 1626 356 ¹.
1651 319 1692 355 et
1715 327 1872 366 quam-

243 383 320 421 ταὶς
354 384 416 422 ad
461 387 659 423 nostras
703 384 924 424 lectiones
966 386 1114 436 panes
1156 390 1240 424 cml
1287 385 1414 424 nulls
1449 387 1671 426 accedant
1721 387 1743 436 (
1762 387 1872 437 quia

243 464 411 492 reuera
442 465 535 493 tlon
564 458 678 494 smzt
707 466 851 505 neque
878 455 927 494 in
956 456 1126 506 oppl'do
1156 468 1299 506 neque
1325 468 1374 495 m
1403 456 1575 506 templo
1602 455 1871 507 lauretano,

246 524 328 574 qui
345 523 520 563 lstterss-
541 536 712 564 vacare
739 526 927 565 ommino
944 526 1157 577 possint)
1179 530 1313 577 patet
1344 531 1500 566 tamen
1534 526 1746 566 omnibns
1772 527 1868 567 adi-

245 597 341 644 tus,
352 595 569 645 facitque
590 595 844 644 collegium
866 598 989 647 qnod
1008 597 1057 636 in
1074 609 1124 637 se
1143 601 1228 637 est.

323 665 481 716 Neque
510 666 695 706 interim
727 667 960 707 interioris
987 668 1189 708 hominis
1225 680 1428 719 suaeque
1457 669 1721 708 vocationis
1748 669 1867 720 quis-

241 748 380 787 quam
400 737 584 776 videtur
606 738 862 785 inimemor,
894 737 974 777 sed
996 749 1100 778 cum
1124 740 1249 778 omni
1271 739 1573 789 subiectione,
1599 739 1866 791 simplicita-

240 813 300 858 te,
324 807 585 847 obedientia
608 814 652 847 et
674 808 862 859 spiritus
884 808 1084 858 feruore,
1111 809 1209 849 Deo
1232 816 1275 849 et
1298 810 1560 850 hominibus
1580 821 1631 849 se
1648 809 1868 850 exhibent

241 878 477 927 gratiosos
497 885 540 918 et
562 879 1006 929 irreprehensibiles.
1032 879 1134 930 Quo
1157 880 1299 920 etiam
1321 880 1370 920 fit
1401 887 1466 929 vt,
1497 881 1678 931 quoties
1699 880 1757 919 sit
1779 879 1868 919 illis

241 960 298 987 ex
333 948 592 988 obedientia
628 949 952 1000 prodeundum
986 950 1032 989 in
1067 950 1318 1000 publicum,
1349 962 1441 990 non
1477 952 1627 991 solum
1663 951 1867 990 adstanti

240 1019 523 1059 multitudini
543 1021 774 1070 placeant,
800 1019 879 1059 sed
901 1020 1042 1059 etiam
1068 1020 1304 1060 mirabiles
1327 1028 1370 1061 et
1392 1022 1517 1061 omni
1539 1022 1674 1062 laude
1695 1021 1866 1072 dignis-

239 1090 343 1130 simi
364 1090 641 1130 habeantur.

318 1161 367 1200 In
391 1161 561 1212 templo
583 1161 723 1200 etiam
745 1161 951 1213 quotidie
974 1161 1027 1201 R.
1049 1161 1097 1202 P.
1117 1162 1339 1213 Montoya
1359 1163 1600 1214 profitetur
1620 1164 1864 1204 lectionem

239 1243 431 1271 casuum
453 1232 783 1282 conscientiae,
808 1233 882 1272 cui
906 1233 1135 1272 intersunt
1158 1234 1306 1273 nostri
1328 1245 1487 1273 omnes
1509 1234 1792 1286 sacerdoteS,
1817 1243 1863 1275 et

240 1302 444 1342 maxima
465 1314 575 1353 pars
598 1303 929 1342 canonicorum
951 1311 995 1342 et
1018 1303 1216 1343 aliorum
1240 1304 1635 1355 presbyterorum.

316 1372 455 1412 Pater
478 1373 617 1412 etiam
637 1372 808 1413 Rector
839 1374 1053 1413 omnibus
1074 1374 1236 1414 diebus
1258 1375 1504 1415 dominicis
1525 1382 1569 1414 et
1590 1375 1719 1416 festis
1748 1377 1862 1427 legit

237 1443 480 1494 epistolam
498 1444 556 1483 ad
574 1444 857 1483 Corinthios:
878 1456 935 1484 ex
953 1444 1194 1496 Vtriusque
1216 1446 1453 1485 laboribus
1471 1446 1691 1496 dignatur
1707 1447 1862 1488 Domi-

235 1526 321 1554 nus
342 1526 433 1553 non
456 1515 738 1554 mediocrem
760 1515 960 1555 fructum
985 1515 1220 1566 colligere.

314 1584 482 1625 Noster
502 1586 643 1625 etiarn
664 1586 968 1626 concionator
989 1586 1018 1635 ²,
1043 1587 1182 1626 certis
1211 1587 1511 1638 temporibus,
1537 1588 1698 1639 optimi
1720 1590 1862 1628 eccle-

234 1655 411 1695 siastici
434 1668 601 1696 munus
623 1663 824 1707 exercet,
845 1668 899 1695 ac
922 1658 1139 1708 relinquit
1162 1658 1207 1697 in
1231 1658 1398 1697 animis
1419 1658 1658 1698 hominum
1678 1671 1770 1699 non
1792 1671 1860 1699 so-

232 1727 326 1766 lum
342 1727 527 1777 pietatis
545 1734 589 1766 et
611 1727 852 1767 doctrinae
876 1728 1156 1779 opinionem,
1178 1729 1258 1768 sed
1277 1729 1417 1768 etiam
1435 1728 1653 1769 fructum.
1675 1729 1732 1769 Et
1753 1730 1861 1781 quia

233 1809 393 1837 omnes
410 1799 468 1837 ad
490 1799 711 1848 templum
730 1810 822 1838 non
840 1798 1095 1848 confluunt,
1116 1799 1360 1839 mittuntur
1377 1799 1434 1838 ad
1453 1801 1632 1850 plateas
1653 1802 1861 1841 nonnulli

231 1880 289 1907 ex
309 1868 545 1919 fratribuS,
570 1869 647 1919 qui
670 1870 848 1909 otiosae
877 1869 1160 1909 multitudini
1188 1870 1450 1920 spiritualia
1473 1871 1757 1910 charismata
1779 1871 1858 1910 im-

230 1939 506 1990 partiantur,
538 1946 588 1979 vt
619 1947 662 1979 et
692 1940 782 1991 ipsi
817 1940 875 1979 ad
903 1940 1091 1991 nuptias
1120 1940 1302 1990 gratiae
1338 1939 1426 1979 Dei
1458 1941 1640 1991 ingredi
1662 1942 1858 1993 compel-

231 2011 403 2050 lantur.

308 2080 489 2132 Reliqui
510 2093 622 2121 vero
644 2089 816 2132 patres,
845 2083 985 2122 immo
1008 2094 1168 2122 omnes
1188 2082 1324 2122 simul
1341 2083 1523 2134 quoties
1546 2094 1661 2133 opus
1683 2089 1752 2122 est
1773 2083 1859 2132 (est

228 2158 382 2191 autem
404 2164 519 2203 opus
547 2152 643 2192 fere
667 2154 887 2204 semper),
912 2160 1061 2193 totum
1089 2166 1205 2204 pene
1228 2154 1316 2193 diei
1347 2161 1526 2204 tempus
1548 2154 1593 2193 in
1615 2154 1858 2194 Poeniten-

227 2222 365 2262 tiaria
387 2230 547 2263 sancte
569 2230 614 2263 et
637 2224 930 2264 laudabiliter
949 2225 1231 2275 transigunt.
1253 2224 1348 2264 Iam
1370 2225 1491 2265 enim
1510 2231 1657 2264 totum
1677 2225 1858 2276 pondus

226 2293 563 2333 audiendarum
604 2295 952 2334 confessionum
993 2295 1041 2334 in
1080 2302 1346 2335 nostrorum
1388 2296 1607 2335 humeros
1645 2295 1858 2346 vergisse

225 2364 424 2414 videtur,
463 2376 569 2404 cum
604 2366 740 2416 pauci
777 2366 888 2415 sint,
924 2366 1001 2416 qui
1037 2378 1130 2406 non
1158 2366 1320 2406 malint
1350 2366 1524 2405 nostris
1544 2365 1696 2417 potius
1717 2377 1857 2416 quam

226 2435 328 2474 aliis
346 2434 571 2475 confiteri.
593 2435 728 2476 Vnde
747 2437 887 2476 etiam
907 2437 955 2476 fit
972 2443 1022 2476 vt
1036 2438 1290 2477 multorum
1303 2437 1529 2476 bonorum
1547 2448 1690 2476 causa
1707 2436 1855 2476 nostri

226 2505 442 2556 existant,
467 2512 657 2557 propter
679 2508 914 2558 ingentem
937 2514 980 2547 et
1002 2508 1241 2547 assiduum
1272 2519 1567 2558 concursum,
1591 2519 1684 2547 non
1706 2508 1855 2548 solum

224 2576 594 2626 peregrinorum,
631 2589 689 2616 ex
720 2578 987 2629 longinquis
1018 2578 1288 2628 regionibus
1317 2585 1360 2618 et
1395 2578 1651 2629 prouinciis
1686 2577 1854 2618 aduen-

224 2646 438 2696 tantium,
470 2647 550 2686 sed
580 2647 844 2688 vicinarum
880 2648 1018 2688 etiam
1055 2648 1316 2698 ciuitatum,
1341 2648 1434 2700 qui,
1461 2649 1533 2687 vel
1559 2648 1692 2688 suaui
1719 2660 1854 2699 expe-

225 2716 392 2756 rientia
414 2718 487 2756 vel
509 2718 708 2768 publicis
731 2719 995 2758 rumoribus
1018 2719 1229 2770 permoti,
1250 2719 1308 2758 ad
1325 2726 1528 2768 nostrOS,
1552 2725 1775 2769 tanquam
1795 2719 1855 2759 ad

225 2787 536 2827 certissimum
560 2788 936 2840 tutissimumque
964 2801 1154 2829 suarum
1175 2789 1495 2829 infirmitatum
1514 2789 1854 2829 molestiarum-

227 2868 317 2907 que
340 2858 650 2908 spiritualium
672 2858 924 2909 refugium,
949 2859 1152 2909 quotidie
1175 2860 1441 2899 conuolant.

281 2970 290 2988 ⁴¹
332 2970 368 2996 in
385 2970 541 2996 medium
555 2971 712 3004 prodire.
730 2970 915 2997 Pomucus.

286 3018 299 3034 2'
338 3017 374 3043 P.
389 3016 536 3049 joannes
552 3017 757 3045 Laurentius
772 3017 966 3045 Patarinus.
