2020 3342
836 250 921 288 AN.
952 251 1043 289 1556
1681 252 1761 289 510

130 351 217 395 rat,
241 345 321 386 sed
343 346 519 386 crebrls
537 352 580 386 et
603 346 802 387 assiduis
823 353 1092 387 nostrorum
1114 346 1406 387 sermonibus
1428 346 1515 385 hac
1534 353 1627 386 tam
1651 358 1753 386 exe-

129 415 303 456 cranda
324 423 367 456 et
389 416 661 457 detestanda
694 418 1054 458 cacodaemonis
1080 416 1383 469 persuasione
1410 416 1647 465 liberatus,
1678 428 1754 467 ge-

128 487 262 526 nibus
284 487 436 534 nixus,
459 487 517 527 ab
539 488 752 527 omnibus
784 489 968 528 ueniam
998 489 1248 539 impetrare
1276 487 1505 538 cupiebat,
1537 487 1750 537 rogabat-

128 569 215 608 que
236 565 284 598 ut
306 559 512 598 animum
534 571 669 599 suum
690 559 790 599 Deo
813 560 1204 599 commendarent:
1229 559 1295 598 sic
1317 558 1503 598 tandem
1527 558 1571 597 in
1594 558 1681 605 fide
1699 570 1754 598 ac.

128 629 352 680 religione
374 630 627 670 christiana
651 630 952 670 confirmatus
982 641 1235 682 suspensus
1258 630 1352 669 uita
1374 629 1589 668 excessit.
1616 629 1749 669 Alter

126 699 213 740 hoc
236 701 450 751 supplicii
472 712 620 748 genus
650 713 741 741 non
770 702 907 741 modo
936 702 1091 741 subire
1118 712 1212 741 non
1242 700 1491 747 recusauit,
1525 700 1607 739 sed
1629 701 1753 739 laeto

124 777 167 810 et
188 771 322 811 hilari
346 773 473 812 uultu
497 772 607 812 illud
629 773 825 824 excepit,
850 784 990 824 seque
1013 785 1067 812 ea
1090 779 1132 812 et
1154 773 1297 812 multo
1322 772 1496 811 maiore
1520 782 1668 821 poena
1687 771 1750 811 di·

123 852 266 890 gnum
288 853 390 882 esse
413 843 626 883 omnibus
647 843 930 883 declarabat:
955 842 1076 894 quod
1099 849 1224 883 certe
1247 849 1513 882 nostrorum
1543 841 1749 881 consiliis

122 918 165 952 et
201 913 583 963 persuasionibus
618 914 828 954 euenisse
864 914 1100 954 existimo:
1137 913 1304 964 quibus
1338 912 1556 963 peractis,
1595 913 1746 952 solent

118 984 274 1023 statim
297 984 341 1023 in
365 995 418 1024 eo
440 985 542 1024 loco
564 985 838 1024 concionem
869 984 1039 1024 habere
1067 984 1125 1023 ad
1151 983 1580 1035 frequentissimum
1603 983 1748 1022 homi-

118 1065 227 1095 num
249 1061 544 1103 conuentum,
568 1056 644 1107 qui
665 1063 821 1095 sontes
844 1062 887 1095 et
907 1061 1127 1095 nocentes
1148 1055 1249 1094 illos
1269 1055 1314 1093 in
1337 1054 1391 1093 iis
1414 1055 1571 1103 regnis
1589 1053 1645 1093 ad
1669 1066 1745 1104 pa-

121 1124 313 1165 tibulum
336 1137 481 1177 usque
503 1126 716 1166 comitari
738 1132 1078 1166 consueuerunt
1105 1126 1128 1165 ¹.

198 1194 396 1236 Accedit
417 1196 556 1236 etiam
576 1197 702 1236 illud:
727 1196 913 1236 Patrem
944 1196 1189 1247 quemdam
1222 1202 1446 1243 nostrum,
1480 1195 1741 1247 Gasparem

118 1265 348 1307 Didacum
370 1266 384 1285 ²
402 1269 601 1317 nomine,
621 1268 936 1319 superioribus
954 1266 1178 1318 proximis
1195 1267 1354 1306 diebus
1373 1266 1431 1306 ad
1449 1267 1740 1306 sacerdotem

114 1337 359 1388 quemdam
382 1350 430 1378 se
452 1339 718 1388 contulisse,
747 1339 823 1390 qui
846 1338 1018 1378 iamdiu
1047 1337 1355 1377 concubinam
1383 1337 1633 1388 quamdam
1663 1337 1740 1376 ha-

113 1407 249 1448 bebat
270 1420 328 1448 ex
349 1421 495 1460 eaque
516 1409 658 1449 filium
679 1409 942 1461 quemdam;
962 1420 1098 1460 quem
1116 1419 1219 1448 cum
1242 1408 1412 1447 acriter
1431 1413 1474 1447 et
1496 1408 1739 1447 uehemen-

114 1485 182 1518 ter
213 1480 604 1531 reprehendisset,
638 1481 793 1531 illique
824 1491 961 1531 quam
995 1479 1318 1519 detestandum
1348 1486 1392 1518 et
1424 1478 1739 1519 execrandum

112 1550 198 1590 hoc
221 1551 386 1591 uitium
406 1558 529 1591 esset
556 1551 857 1601 declarasset,
889 1550 1103 1591 effectum
1130 1556 1198 1590 est
1220 1556 1268 1589 ut
1300 1550 1469 1598 statim,
1504 1550 1735 1600 poeniten-

109 1620 172 1660 tia
204 1621 390 1670 ductuS,
422 1622 728 1662 concubinam
760 1621 1120 1673 derelinqueret,
1153 1633 1293 1672 seque
1320 1620 1386 1670 (vt
1417 1620 1586 1667 ferunt)
1624 1628 1736 1661 uoto

109 1693 338 1733 castitatis
359 1693 459 1734 Deo
481 1693 586 1745 Opt.
611 1693 736 1733 Max.
767 1694 1123 1744 constringeret.

188 1762 516 1804 Confessiones
555 1776 666 1805 uero
706 1776 761 1804 ac
801 1764 1051 1805 conciones
1085 1764 1232 1804 nostri
1267 1764 1423 1815 templi
1463 1764 1735 1815 reliquaque

109 1834 315 1875 eiusdem
336 1836 522 1887 generis
544 1836 767 1876 exercitia
800 1847 891 1876 non
922 1835 1099 1875 minore
1123 1835 1234 1874 fiunt
1264 1835 1525 1886 frequentia
1556 1847 1611 1874 ac
1640 1835 1734 1874 ani-

111 1917 292 1946 morum
316 1907 512 1946 utilitate
534 1918 672 1958 quam
695 1914 854 1947 antea:
877 1907 983 1956 imo,
1008 1912 1248 1946 crescente
1270 1907 1315 1946 in
1345 1905 1444 1945 dies
1468 1906 1735 1946 auditorum

107 1988 320 2026 numero,
358 1983 514 2017 tantus
549 1977 597 2017 fit
637 1978 873 2018 hominum
908 1984 1187 2025 conuentus,
1224 1983 1273 2016 ut
1307 1977 1399 2016 iam
1438 1988 1585 2028 neque
1622 1985 1732 2016 tem-

109 2049 250 2099 plum,
269 2049 389 2100 quod
410 2048 657 2088 mediocris
674 2048 1010 2099 magnitudinis
1028 2054 1111 2097 est,
1130 2059 1277 2099 neque
1295 2048 1590 2097 uestibulum,
1610 2048 1731 2098 quod

104 2121 309 2171 amplum
331 2120 469 2160 etiam
492 2120 828 2171 aliquantulum
850 2132 950 2159 esse
974 2119 1170 2163 uidetur.
1196 2131 1274 2159 eos
1296 2119 1442 2170 possit
1471 2130 1653 2170 capere,
1681 2120 1725 2158 li-

103 2197 176 2231 cet
191 2191 360 2243 ubique
377 2192 520 2231 multa
541 2191 758 2232 subsellia
776 2192 1077 2231 collocentur.
1097 2191 1330 2241 Quantum
1348 2197 1503 2230 autem
1520 2191 1565 2229 in
1579 2190 1729 2230 huius-

102 2262 228 2302 modi
249 2262 550 2302 concionibus
572 2270 616 2303 et
644 2262 1058 2303 exercitationibus
1079 2261 1364 2313 proficiatur,
1389 2261 1479 2301 hoc
1500 2273 1591 2301 uno
1615 2262 1728 2301 satis

104 2333 297 2384 intelligi
331 2339 495 2384 potest,
526 2334 648 2384 quod
675 2333 704 2373 ii
731 2333 827 2373 fere
854 2344 1014 2373 omnes
1040 2332 1214 2372 assidui
1236 2339 1279 2371 et
1310 2331 1575 2382 frequentes
1606 2339 1726 2381 sunt,

101 2405 273 2444 cumin
294 2403 537 2444 audiendis
566 2404 882 2449 concionibus,
908 2410 951 2443 et
980 2403 1350 2443 confessionibus
1372 2403 1444 2441 uel
1477 2403 1728 2442 menstruis

103 2476 175 2515 uel
203 2475 399 2525 singulis
430 2475 749 2523 hebdomadis,
783 2481 830 2515 ut
862 2474 1178 2526 unusquisque
1209 2479 1375 2525 potest,
1409 2472 1725 2521 conficiendis,

101 2553 194 2586 tum
213 2546 354 2587 etiam
374 2548 420 2586 in
443 2546 668 2586 sumenda
689 2545 998 2586 Eucharistia.
1024 2545 1181 2585 Habes
1201 2544 1441 2601 hactenus,
1467 2544 1660 2589 colende
1683 2545 1728 2584 in

100 2617 287 2658 Christo
322 2616 473 2662 Pater,
507 2617 562 2657 de
594 2618 670 2667 iis,
703 2629 821 2669 quae
856 2616 914 2656 ad
951 2617 1213 2656 animorum
1242 2617 1438 2656 salutem
1474 2615 1723 2667 pe1-tinent;

99 2700 221 2728 nunc
242 2700 353 2728 uero
376 2687 430 2728 de
452 2688 716 2728 ualetudine
733 2689 880 2739 deque
902 2688 1074 2728 nostris
1094 2687 1258 2727 studiis
1275 2693 1318 2727 et
1336 2687 1576 2727 literarum
1598 2698 1724 2726 exer-

101 2759 398 2800 citationibus
419 2759 700 2800 mentionem
726 2759 909 2799 faciam.

180 2829 520 2882 Quamplurimi
541 2830 682 2881 igitur
703 2842 761 2870 ex
783 2830 956 2870 nostris
983 2829 1070 2870 hoc
1099 2841 1220 2869 anno
1249 2835 1566 2880 aegrotarunt,
1591 2829 1655 2868 ita
1678 2835 1724 2868 ut

150 3013 160 3034 ¹
199 3013 281 3041 Vide
298 3021 412 3048 supra.
428 3022 504 3048 pag.
520 3015 582 3044 449.
599 3018 713 3041 annot.
730 3014 755 3041 2.

151 3062 164 3081 2
202 3062 394 3096 Casparem
412 3061 493 3091 Dias
509 3063 564 3090 vel
580 3061 674 3089 Diaz.
