2020 3342
884 221 965 257 AN.
997 220 1086 258 1556
1723 224 1791 261 347

171 314 393 355 miracolo
416 314 487 355 ch’
511 315 542 354 il
561 314 759 366 Signore
780 317 818 356 si
846 315 997 367 degno
1024 328 1105 368 per
1136 328 1220 358 sua
1247 315 1425 357 infinita
1454 318 1690 358 clemenza
1722 320 1789 360 di-

171 392 413 426 mostrare.
450 384 525 426 Sei
559 385 709 426 donne
743 387 1010 438 meretrice,
1040 398 1122 439 per
1156 399 1286 428 mezo
1323 387 1428 427 delli
1464 387 1608 428 nostri
1649 388 1786 430 padri

171 456 363 497 leuatesi
384 456 461 497 dal
480 463 690 508 peccato,
715 469 829 498 sono
850 458 1075 498 ritornate
1093 470 1119 498 a
1139 458 1239 499 fare
1261 458 1358 499 uita
1374 466 1520 499 casta.

250 527 306 567 Et
334 539 416 578 per
441 538 534 567 non
563 539 717 568 essere
746 534 911 580 troppo
940 529 1136 580 prolisso
1168 529 1213 569 in
1241 536 1489 570 racontare
1518 531 1788 582 particolar-

170 604 321 638 mente
342 598 451 649 ogni
473 610 598 649 cosa,
622 599 668 639 in
689 610 860 649 genere
882 600 981 640 diro
1002 600 1317 651 grandissimo
1335 601 1475 641 esser'
1497 602 1526 641 il
1544 601 1685 643 frutto
1704 602 1788 643 che

168 669 207 709 si
239 669 475 720 raccoglie
511 670 628 710 dalle
656 670 950 711 confessioni.
981 669 1178 722 Perche,
1209 672 1328 712 oltra
1349 672 1390 712 le
1413 672 1492 723 gia
1515 672 1636 713 dette
1664 685 1786 723 cose,

168 741 307 780 molte
327 740 472 781 robbe
493 752 542 780 se
558 752 673 781 sono
694 741 921 781 restituite
939 742 1016 782 alli
1036 742 1137 783 ueri
1155 742 1374 794 padroni,
1400 754 1482 795 per
1503 743 1517 783 i
1537 745 1684 784 nostri
1707 743 1789 784 Pa-

167 810 261 861 dri,
285 810 395 851 dalli
415 812 541 863 quali
563 823 704 852 erano
727 812 1055 853 iniustamente
1077 819 1196 854 state
1213 814 1338 854 tolte.
1364 813 1496 854 Oltra
1518 814 1564 854 di
1585 815 1656 855 cio
1679 816 1789 856 mol-

167 887 209 922 te
231 882 478 922 elemosine
498 894 547 922 se
569 894 683 922 sono
705 882 963 924 distribuite
985 896 1011 924 a
1032 885 1194 936 poueri
1223 885 1493 936 bisogniosi.

244 951 291 993 Si
315 953 502 1004 predica
522 954 568 993 in
590 954 746 993 chiesa
769 961 927 994 nostra
950 962 994 994 et
1015 954 1060 994 in
1081 954 1252 996 diuersi
1276 957 1547 997 monasterii
1570 969 1661 997 non
1683 969 1785 998 sen-

168 1036 220 1064 za
248 1024 427 1074 grande
461 1025 603 1064 frutto
637 1025 893 1076 spirituale.
932 1025 1034 1065 Due
1068 1025 1241 1076 donne,
1279 1027 1320 1066 le
1347 1027 1483 1078 quale
1509 1027 1722 1068 haueano
1756 1029 1786 1068 li

165 1095 316 1146 giorni
337 1096 512 1147 passati
533 1096 701 1136 intrate
722 1097 796 1136 nel
817 1097 1098 1136 monasterio
1120 1096 1236 1137 delle
1265 1098 1544 1148 conuertite‚
1575 1098 1787 1140 hauendo

165 1166 212 1206 in
233 1167 384 1218 quello
406 1172 525 1207 state
547 1167 701 1207 alcuni
721 1167 889 1218 giomi,
914 1169 949 1207 s’
975 1178 1117 1207 erano
1139 1167 1405 1220 deliberate,
1425 1181 1507 1221 per
1524 1170 1567 1210 la
1583 1181 1786 1221 graueza

165 1237 284 1277 della
304 1238 582 1288 tentatione,
607 1238 760 1278 uscire
787 1238 863 1278 dal
885 1239 1166 1279 monasterio
1196 1239 1540 1280 omninamente
1561 1240 1686 1291 (sic).
1710 1241 1787 1282 Ma

164 1313 293 1348 tanto
324 1319 413 1348 con
448 1309 766 1359 essortationi,
803 1316 978 1360 quanto
1013 1320 1102 1350 con
1136 1309 1375 1361 prediche,
1418 1311 1690 1352 confirmate
1726 1312 1786 1364 pi-

161 1380 345 1430 gliorno
382 1380 409 1419 l’
446 1379 618 1420 habito.
657 1379 709 1419 L’
747 1380 889 1428 altra,
920 1380 1040 1431 dopo
1064 1381 1218 1421 alcuni
1246 1380 1361 1421 mesi
1388 1387 1587 1433 tentata,
1619 1384 1786 1424 uoleua

161 1450 222 1491 ad
242 1451 351 1502 ogni
371 1451 509 1491 modo
530 1451 715 1491 lasciar’
747 1451 778 1491 il
808 1452 1114 1492 monasterio:
1149 1458 1193 1492 et
1223 1463 1273 1492 se
1294 1464 1351 1493 ne
1373 1453 1499 1493 saria
1520 1454 1713 1505 partita,
1738 1466 1786 1495 se

162 1534 254 1563 non
283 1533 371 1562 con
400 1522 431 1562 li
463 1521 662 1573 predetti
691 1522 832 1572 mezi,
865 1521 1166 1574 adoperando
1196 1523 1240 1564 la
1270 1523 1428 1564 diuina
1459 1524 1629 1575 Bonta,
1661 1525 1785 1566 fosse

162 1599 283 1633 stata
305 1592 598 1643 confirmata,
623 1593 668 1633 di
688 1593 897 1634 maniera
918 1593 1003 1633 che
1024 1605 1117 1634 non
1138 1595 1237 1635 solo
1260 1594 1551 1636 desiderasse
1573 1595 1618 1637 di
1638 1602 1785 1637 resta·

160 1676 231 1713 re,
268 1676 344 1705 ma
378 1664 514 1705 dasse
542 1675 715 1705 ancora
743 1670 867 1705 certe
901 1664 1074 1705 denare
1102 1666 1176 1705 all’
1212 1664 1498 1718 Abbatessa,
1531 1667 1622 1708 alla
1650 1669 1784 1719 quale

161 1735 310 1787 prima
331 1747 424 1775 non
445 1735 476 1776 li
496 1736 662 1776 uoleua
685 1735 811 1784 dare,
835 1742 879 1776 et
900 1737 944 1776 al
964 1747 1049 1776 suo
1068 1735 1217 1777 Padre
1235 1736 1273 1777 si
1290 1737 1582 1779 confessasse
1600 1739 1660 1789 (la
1677 1740 1784 1790 qual

160 1818 271 1847 cosa
290 1818 542 1858 perseuera
563 1806 609 1847 di
629 1806 701 1846 far
722 1818 807 1847 con
828 1807 853 1846 l'
875 1807 1006 1857 altre)
1029 1808 1072 1847 al
1090 1808 1224 1859 quale
1242 1807 1429 1848 dinanci
1449 1820 1542 1849 non
1559 1810 1599 1850 si
1616 1811 1783 1850 uoleua

160 1889 242 1930 per
261 1878 397 1918 alcun
419 1877 569 1928 modo,
593 1877 722 1918 uinta
745 1878 867 1918 dalla
884 1879 1161 1929 tentatione,
1186 1879 1469 1920 confessare.

238 1949 326 1990 Vn‘
348 1949 468 1989 altro
495 1949 778 1989 monasterio
807 1953 849 1997 e,
883 1949 989 1989 delli
1016 1949 1094 2001 piu
1119 1950 1365 2002 principali
1396 1951 1441 1992 di
1472 1958 1635 2004 questa
1671 1953 1780 2004 cita,

157 2021 231 2061 nel
259 2020 394 2072 quale
424 2020 557 2072 quasi
592 2019 702 2070 ogni
736 2019 903 2070 giorno
937 2019 982 2060 di
1015 2020 1133 2061 festa
1167 2021 1214 2061 ui
1247 2021 1438 2073 predica
1473 2023 1639 2064 alcuno
1677 2024 1783 2065 delli

158 2091 304 2131 nostri
324 2103 411 2131 con
433 2090 575 2131 frutto
598 2091 714 2131 delle
738 2091 980 2131 monache.
1003 2090 1090 2131 Per
1109 2091 1194 2132 che
1218 2092 1432 2133 hauendo
1461 2105 1542 2145 per
1572 2100 1781 2136 costume

157 2162 331 2213 ulanzi,
353 2162 399 2203 di
418 2162 603 2203 lasciar‘
628 2163 800 2202 entrar'
825 2162 871 2202 in
893 2163 1044 2214 quello
1066 2163 1205 2203 molte
1229 2164 1373 2214 gentil
1407 2165 1559 2206 donne
1588 2167 1635 2206 in
1656 2168 1783 2218 qual-

156 2234 354 2284 siuoglia
382 2239 557 2285 tempo,
590 2239 753 2285 questa
782 2233 1145 2285 quadragesima
1172 2245 1266 2274 non
1296 2235 1452 2276 hanno
1482 2237 1676 2278 lasciato
1707 2250 1782 2278 en-

156 2305 268 2344 trar’
302 2305 484 2345 alcuna.
513 2304 572 2345 Et
601 2304 814 2345 hauendo
849 2304 910 2344 fin
945 2316 1035 2356 qua
1071 2309 1187 2345 tutte
1217 2306 1350 2357 quasi
1383 2306 1559 2348 hauuto
1595 2310 1782 2360 proprie

157 2375 355 2427 rendite,
379 2376 494 2416 hora
516 2376 655 2416 molte
676 2376 722 2416 di
743 2376 892 2427 quelle
914 2375 1191 2416 desiderano
1213 2376 1299 2417 che
1327 2379 1477 2429 quelle
1499 2380 1537 2419 si
1567 2379 1781 2421 facciano

157 2458 400 2488 commune
422 2460 448 2488 a
469 2447 598 2497 tutti,
623 2453 667 2487 et
688 2448 846 2488 uiuere
869 2459 956 2487 con
978 2448 1004 2486 l’
1030 2448 1145 2488 altre
1167 2449 1333 2489 sorelle
1354 2449 1401 2489 in
1428 2461 1540 2491 uera
1569 2456 1778 2502 pouerta‚

157 2529 287 2558 come
313 2519 356 2558 la
383 2519 482 2559 loro
509 2519 670 2569 regola
697 2517 941 2558 comanda.
972 2517 1095 2559 Sono
1122 2520 1280 2559 ancor’
1312 2520 1429 2560 altre
1457 2522 1780 2574 congregatio-

155 2589 221 2640 ni,
244 2590 285 2629 16
305 2590 440 2642 quale
461 2590 499 2630 si
520 2590 860 2630 stimarebbeno
882 2589 1024 2639 felici,
1046 2600 1096 2630 se
1116 2595 1357 2641 potessero
1378 2590 1525 2632 hauer
1546 2604 1605 2633 un
1628 2593 1781 2644 predi-

154 2665 312 2701 catore
333 2660 440 2701 delli
461 2661 624 2701 nostri.

232 2730 371 2772 Tutta
406 2732 450 2772 13
485 2732 578 2772 cita
608 2732 651 2772 ci
672 2744 800 2783 ama,
825 2738 868 2772 et
898 2732 1131 2773 fauorisce
1160 2732 1207 2773 in
1238 2738 1356 2774 tutto
1387 2734 1493 2786 quel
1525 2734 1610 2775 che
1642 2746 1715 2786 po.
1746 2735 1781 2775 Il

150 2800 340 2842 Pretore
360 2802 392 2843 li
410 2803 564 2854 giorni
594 2803 771 2854 passati
801 2815 949 2844 uenne
978 2803 1066 2843 due
1095 2814 1121 2842 o
1153 2809 1221 2844 tre
1242 2804 1349 2845 fiate
1378 2805 1422 2845 al
1452 2805 1673 2856 collegio,
1698 2817 1778 2857 per

152 2873 408 2914 deliberare
430 2885 518 2914 con
540 2875 570 2914 il
592 2873 640 2914 Ρ.
664 2874 854 2915 Rettore
875 2874 992 2915 delle
1018 2886 1127 2915 cose
1155 2876 1404 2927 pertinenti
1432 2878 1523 2917 alla
1551 2883 1779 2917 sostenta-

152 2943 276 2984 tione
296 2944 402 2984 delli
423 2945 605 2997 poueri,
638 2951 682 2986 et
702 2946 1032 2997 specialmente
1053 2945 1159 2986 delli
1187 2948 1440 2998 carcerati,
1465 2949 1506 2988 le
1537 2948 1673 3002 quale
1694 2959 1776 3001 per

153 3013 181 3053 1’
205 3013 332 3055 Iddio
352 3015 507 3067 gratia
528 3016 729 3057 hebbero
751 3023 865 3058 tutte
886 3017 1009 3058 buon
1031 3028 1264 3059 successo.
