2020 3342
284 221 356 260 578
793 221 1018 261 LITTERAE
1044 232 1401 266 QUADRIMESTRES

286 319 489 359 ciuitatis
525 318 794 370 quotidiana
831 331 915 359 sua
951 324 994 358 et
1029 319 1217 359 assidua
1239 320 1504 371 praesentia
1534 321 1605 360 uel
1636 320 1808 361 inuitos
1839 321 1901 362 al-

284 389 396 430 licit.

364 459 459 500 Nec
482 460 638 510 defuit,
663 459 838 500 Christi
858 460 1158 511 benignitate,
1184 467 1341 501 tantae
1362 461 1675 513 expectationi
1696 473 1780 513 par
1807 463 1900 503 exi-

284 538 379 571 tus:
406 532 469 571 ita
491 532 611 570 enirn
633 531 789 571 cuncti
813 530 858 570 Ρ.
882 531 1198 571 Emmanuelis
1221 535 1230 555 ¹
1260 532 1520 572 contionem
1546 533 1821 584 probabant,
1852 540 1900 573 ut

285 612 364 641 nec
383 601 480 652 ipsi
498 601 716 641 monachi
737 602 1019 642 dominicani
1041 602 1209 654 aliique
1229 613 1279 642 se
1301 603 1609 654 continerent,
1633 603 1742 655 quin
1763 603 1809 643 id
1825 615 1901 655 pa-

284 675 374 713 lam
397 679 744 722 asseuerarent3
768 673 815 712 in
836 672 940 712 sola
960 672 1193 713 Societate
1213 673 1323 725 Jesu
1351 673 1612 714 doctrinam
1639 686 1694 714 ac
1724 675 1902 726 sapien-

284 745 395 783 tiam
417 751 459 783 et
482 743 576 783 vim
600 743 743 783 diuini
764 743 963 794 Spiritus
985 745 1158 795 uigere.
1182 744 1245 784 At
1267 743 1579 795 Gubernator,
1602 745 1727 784 haud
1753 745 1903 797 prima

283 821 528 855 contentus
563 815 963 866 promulgatione,
1000 823 1188 866 postero
1224 816 1296 855 die
1328 816 1439 855 tuba
1468 827 1631 856 rursus
1658 817 1904 857 conciona-

283 887 395 926 toris
423 886 674 925 aduentum
710 886 938 936 euulgari,
975 885 1159 925 mittere
1194 886 1318 926 ciues
1354 898 1515 926 omnes
1551 887 1609 926 ad
1644 887 1905 928 doctrinam

282 957 588 997 christianam
609 957 779 996 liberos
800 967 910 996 suos
932 957 1193 1007 imperauit.
1223 957 1469 997 Methodus
1496 969 1623 1007 uero,
1654 969 1793 1009 quam
1820 958 1904 998 do-

281 1030 458 1069 ctrinae
493 1028 777 1068 christianae
812 1028 954 1067 tradit
981 1027 1214 1079 Societas,
1247 1039 1532 1080 magnopere
1564 1029 1768 1080 cunctis,
1799 1029 1902 1081 Epi·

280 1112 422 1151 scopo
444 1106 599 1139 autern
620 1106 664 1139 et
685 1099 998 1149 Moderatom,
1022 1099 1133 1139 uiris
1154 1099 1526 1150 sapientissimis,
1547 1106 1642 1139 tam
1658 1101 1901 1140 uehemen-

280 1179 348 1211 ter
370 1171 559 1222 placuit,
589 1176 638 1210 ut
668 1170 791 1210 illico
818 1171 943 1222 typis
970 1171 1184 1210 mandari
1214 1177 1258 1210 et
1286 1170 1534 1211 vniuersae
1561 1182 1672 1211 suae
1700 1171 1901 1212 dioecesi

279 1243 463 1293 copiam
484 1243 582 1282 eius
602 1241 702 1281 fieri
722 1253 778 1281 ac
800 1242 1013 1281 distribui
1035 1241 1268 1281 noluerint
1290 1242 1317 1281 ².
1343 1241 1670 1282 Confessiones
1687 1242 1832 1292 initio,
1852 1249 1900 1283 ut

277 1301 547 1354 inusitatum
569 1313 805 1364 quippiam
828 1321 870 1352 et
893 1313 1144 1362 insolitum,
1164 1312 1398 1362 frigebant
1415 1323 1422 1363 3
1442 1313 1534 1352 imo
1551 1313 1900 1368 nouitatemad—

277 1385 431 1426 mirati
452 1385 673 1436 plerique,
699 1385 865 1435 quibus
887 1383 1135 1423 Societatis
1158 1385 1222 1431 (ut
1243 1384 1289 1423 in
1312 1384 1560 1424 remotiore
1588 1391 1724 1435 atque
1752 1385 1798 1424 in
1825 1396 1900 1425 ex-

276 1457 437 1497 tremis
459 1456 618 1496 Piceni
639 1456 805 1496 finibus
827 1456 1031 1506 seposita
1054 1453 1261 1507 ciuitate)
1286 1456 1436 1495 tenuis
1457 1462 1557 1495 erat
1578 1463 1623 1495 et
1650 1467 1798 1507 nuper
1825 1457 1900 1497 ad-

278 1528 466 1568 modum
500 1527 680 1578 notitia‚
718 1527 989 1576 rogitabant
1024 1527 1219 1566 subinde
1252 1534 1453 1577 nostros,
1487 1538 1576 1578 quo
1608 1527 1900 1578 importunae

275 1602 379 1640 illae
392 1600 709 1639 confessiones
722 1599 1063 1649 concionesque
1082 1605 1363 1649 spectarent,
1378 1609 1431 1637 ea
1446 1600 1631 1650 quippe,
1650 1599 1690 1638 si
1707 1606 1899 1650 quotan-

272 1673 343 1711 nis
364 1673 505 1711 semel
527 1682 610 1722 pro
633 1676 819 1721 recepto
842 1681 969 1709 more
992 1670 1117 1720 fiant,
1142 1670 1256 1709 satis
1279 1681 1510 1721 superque
1532 1669 1630 1710 fore
1662 1670 1897 1711 arbitrati.

272 1744 382 1783 Mox
403 1749 572 1793 autem,
597 1753 659 1780 ex
680 1741 850 1781 auditis
872 1740 995 1780 haud
1025 1741 1088 1780 ita
1119 1741 1277 1780 multis
1303 1741 1622 1792 concionibus,
1655 1753 1709 1781 eo
1741 1742 1895 1782 studio

271 1822 315 1855 et
336 1814 588 1865 cupiditate
610 1824 772 1853 eorum
792 1820 1022 1862 arserunt,
1047 1813 1110 1852 ita
1133 1812 1268 1851 auide
1291 1823 1450 1852 omnes
1467 1813 1717 1864 instabant,
1742 1819 1791 1853 ut
1812 1824 1898 1854 nec

270 1887 358 1926 illis
379 1886 525 1926 nostri
548 1884 836 1934 satisfacere,
860 1895 945 1923 nec
966 1884 1037 1923 his
1053 1884 1117 1922 illi
1135 1884 1238 1923 cibo
1257 1883 1484 1934 capiendo
1502 1885 1655 1924 locum
1672 1884 1897 1936 relinque-

270 1965 386 1998 rent.
420 1957 571 1997 'santa
598 1957 644 1996 ui
670 1962 808 2007 atque
837 1955 1002 1994 ardore
1039 1966 1122 1994 sua
1154 1962 1347 2006 peccata
1377 1955 1718 1995 denuntiabant
1754 1962 1798 1996 et
1828 1967 1896 1996 sa-

270 2040 400 2069 cram
419 2028 636 2080 synaxim
658 2027 986 2077 suscipiebant,
1017 2034 1065 2066 ut
1092 2026 1237 2077 largis
1266 2027 1311 2066 in
1339 2027 1585 2077 propatulo
1613 2038 1762 2077 genas
1790 2038 1899 2067 suas

269 2101 523 2152 lachrymis
546 2099 891 2151 perfunderent:
915 2106 958 2137 et
981 2098 1200 2148 quoniam
1221 2099 1481 2149 Episcopus
1503 2099 1574 2137 uir
1595 2105 1664 2138 est
1693 2099 1899 2138 eruditus

269 2180 314 2212 et
335 2172 547 2212 doctrina
569 2172 797 2220 excultus,
822 2170 1146 2220 disputabatur
1162 2170 1383 2220 quotidie.
1403 2169 1691 2209 Accersebat
1708 2169 1899 2221 Episco-

270 2255 357 2295 pus
390 2244 523 2282 m'ros
554 2243 835 2293 optimarum
864 2242 1034 2281 artium
1066 2241 1229 2280 studiis
1259 2241 1645 2281 instructissimos
1675 2252 1898 2292 quosque,

270 2323 366 2355 turn
388 2315 657 2364 monachos,
683 2322 779 2353 tum
800 2315 1051 2352 seculares.
1077 2312 1277 2351 Primus
1299 2315 1454 2351 autem
1477 2323 1659 2363 semper
1687 2316 1729 2352 et
1759 2312 1897 2352 uicto-

270 2386 393 2426 riam
415 2398 499 2438 pro
526 2397 610 2425 sua
633 2385 879 2425 clementia
907 2384 1119 2423 Christus
1141 2389 1288 2434 penes
1318 2383 1517 2422 Patrem
1546 2383 1897 2423 Emmanuelem

269 2469 369 2497 esse
391 2456 560 2507 ztolus't,
580 2457 629 2495 z'n
651 2467 745 2507 qno·
761 2455 961 2505 7722'7‘z'fica
982 2465 1097 2493 seme
1111 2454 1160 2492 in
1177 2458 1277 2493 tot-cz
1293 2465 1382 2493 sua
1394 2454 1785 2504 peregrinatione
1802 2458 1895 2494 sta-

269 2529 359 2568 tm‘t
381 2528 599 2579 exempla
620 2527 647 2567 ⁵.
674 2528 765 2566 Sed
787 2527 1027 2566 breuitatis
1057 2538 1199 2566 causa
1229 2527 1359 2565 mitto
1391 2533 1590 2565 caetera:
1628 2527 1895 2566 reconcilia-

270 2610 342 2640 tas
363 2601 556 2651 gratias,
581 2600 811 2639 excitatos
832 2605 875 2637 et
896 2598 1162 2637 subleuatos
1183 2598 1381 2648 spiritali
1402 2597 1669 2637 adiumento
1691 2608 1746 2637 ac
1780 2598 1896 2637 sola-

272 2673 335 2713 tio
357 2673 402 2711 in
423 2671 712 2711 xenodochio
747 2677 790 2709 et
816 2681 898 2721 per
925 2669 1162 2709 ciuitatem
1192 2668 1419 2719 infirmOS,
1445 2668 1628 2708 habitas
1655 2668 1898 2708 contiones

327 2907 337 2927 ¹
377 2906 412 2934 P.
428 2905 657 2933 Emmanuelis
674 2905 712 2931 de
728 2903 1171 2940 Montcmayor.OL1vfiRlus
1189 2901 1385 2936 MANAREus,
1398 2903 1417 2931 l.
1433 2910 1459 2931 c.

324 2956 337 2973 ²
375 2954 465 2981 Nihil
481 2954 520 2980 de
537 2954 597 2980 hcc
611 2954 697 2986 apud
714 2957 849 2979 nostros
862 2952 1133 2985 bibliographos.

325 3003 338 3021 ⁵
376 3001 495 3029 Mirum
509 3009 589 3028 vere
602 3001 664 3027 hoc
679 3001 858 3033 videbitur,
872 3001 898 3026 si
912 3007 985 3026 cum
998 2999 1038 3026 iis
1049 2999 1255 3030 conferatur,
1268 3006 1353 3033 quae
1366 2999 1468 3025 habet
1482 2998 1657 3026 PoLANcus
1674 2999 1705 3027 in
1719 2998 1895 3033 Chronico,

272 3056 299 3080 t.
317 3057 458 3084 iv,1)ag.
473 3050 517 3081 ⁴13,
534 3056 565 3077 n.
580 3048 624 3082 (28,
641 3054 673 3074 et
690 3053 713 3075 t.
732 3056 761 3081 v,
777 3055 854 3082 pag.
874 3048 932 3080 111,
947 3055 977 3074 n.
992 3047 1053 3074 306.
