2020 3342
856 240 932 277 ΑΝ.
963 239 1052 277 1556
1696 239 1766 275 377

140 340 336 380 verbum
356 339 457 390 Dei,
480 337 603 390 quod
624 344 732 378 tune
754 337 977 389 temporis
998 336 1402 377 disseminabatur.
1433 335 1645 386 Denique
1673 335 1763 375 hoe

140 417 352 451 nostrum
372 409 647 450 exercitium
677 409 734 448 ab
756 409 971 449 omnibus
1006 406 1372 457 commendatur,
1408 406 1682 457 praesertim
1707 406 1762 445 ab

142 481 426 534 amplissimo
443 479 589 521 Duce:
609 480 693 520 hoc
713 480 825 520 adeo
847 479 854 497 ¹
874 491 956 531 pei·
973 485 1118 520 totam
1135 478 1296 519 urbem
1314 477 1565 527 emanauit,
1587 483 1634 517 ut
1651 477 1765 517 nihil

142 553 266 593 aliud
286 553 375 592 illis
410 552 570 592 diebus
603 551 700 591 fere
735 557 855 591 esset
888 551 934 590 in
966 551 1171 591 omnium
1205 561 1299 589 ore.
1340 548 1497 600 Neque
1532 548 1619 588 hoc
1649 559 1766 600 opus

142 624 379 674 omissum,
417 624 507 663 imo
529 628 573 662 et
600 622 612 640 ‘³
642 633 1012 673 pemeueramus,
1046 611 1762 672 tamdiuque'perseuesabimus

141 696 287 736 donee
308 695 564 746 deprauata
586 694 703 734 haee
724 693 913 734 ludendi
934 693 1222 733 consuetudo
1246 699 1561 733 remoueatur.

218 765 293 806 Ad
313 766 429 806 haec
450 765 706 816 aliqnando
728 764 1021 804 xenodochia
1048 776 1074 804 a
1096 764 1269 804 nostris
1298 763 1565 813 uisitantur,
1596 763 1642 802 in
1670 762 1764 814 qui-

139 837 223 878 bus
239 837 505 888 frequentes
533 835 591 876 ad
612 846 841 888 pauperes
868 834 980 875 fiunt
1008 835 1066 875 ad
1095 835 1369 886 patientiam
1400 833 1762 884 cohortationes,

139 914 292 960 atque,
322 914 369 948 ut
398 918 488 947 uno
512 907 653 947 uerbo
682 907 967 957 complectar
998 907 1169 954 omnia,
1195 917 1299 945 oum
1330 911 1527 957 possunt
1563 905 1763 956 aliquem

139 979 393 1030 spiritalem
426 978 630 1019 fructum
664 989 846 1029 capere,
878 977 1168 1027 negligentia
1199 975 1212 994 ⁵
1243 988 1336 1016 non
1369 975 1761 1027 praetermittunt.

139 1049 343 1090 Maxima
365 1050 485 1090 inter
506 1060 593 1089 nos
614 1048 629 1067 ‘²
650 1048 916 1098 concordia,
941 1049 1146 1088 maxima
1174 1048 1469 1088 uoluntatum
1497 1046 1764 1087 coniunctio

138 1121 385 1171 inuenitur3
409 1120 472 1160 ita
493 1126 542 1160 ut
563 1120 740 1160 laetitia
761 1119 965 1171 quadam
983 1120 1263 1170 exultantes,
1283 1119 1505 1158 uirtutem
1527 1117 1636 1158 totis
1657 1117 1765 1158 uiri·

139 1192 224 1232 bus
245 1191 431 1244 assequi
452 1192 675 1231 studeant
697 1189 723 1228 ⁵.
750 1190 883 1241 Quod
911 1201 1001 1242 quo
1023 1190 1274 1242 perfectius
1296 1202 1323 1230 a
1350 1189 1484 1229 nobis
1506 1188 1599 1237 fiat,
1632 1188 1686 1230 R.
1712 1188 1763 1228 P.

139 1263 267 1304 Tuae
287 1269 670 1313 caeterorumque
699 1269 885 1314 patrum
912 1273 967 1302 ae
989 1260 1188 1301 fratrum
1219 1260 1507 1301 orationibus
1534 1271 1764 1300 commen-

140 1334 274 1375 datos
295 1346 397 1375 esse
419 1333 643 1374 uolumus
663 1331 694 1372 ⁶.

217 1405 396 1455 Genua,
414 1404 440 1445 8
461 1405 680 1445 calendas
699 1404 823 1457 Julii,
843 1415 964 1444 anno
983 1403 1171 1444 Domini
1192 1402 1308 1443 1556.

216 1477 349 1517 Iussu
366 1474 457 1516 R.di
478 1475 526 1516 Ρ.
552 1475 785 1516 Rectoris.

348 1546 403 1588 R.
426 1546 475 1588 Ρ.
499 1553 606 1587 tuae
622 1546 842 1598 indignus
863 1545 983 1586 filius
1006 1556 1061 1586 ae
1086 1546 1132 1585 in
1155 1544 1342 1586 Christo
1364 1556 1541 1594 seruus,

936 1688 1213 1729 ALPHONsus
1243 1688 1548 1728 HERNANDEZ.

217 1903 566 1955 Superscrzptso
584 1903 634 1943 in
650 1906 824 1954 quarta
839 1903 1046 1954 pagina:
1063 1902 1329 1942 Admodum
1346 1901 1447 1942 R.d0
1473 1903 1515 1942 in
1535 1901 1618 1942 X.0
1635 1902 1765 1942 Patri

136 1974 363 2026 Magistro
403 1973 588 2025 Ignatio
631 1974 686 2014 de
721 1973 898 2025 Loyola
941 1973 1215 2025 Praeposito
1259 1972 1479 2013 Generali
1514 1972 1763 2014 Societatis

165 2047 240 2087 hu.
281 2046 474 2087 Romae.

135 2046 161 2099 J
215 2079 324 2157 filia
346 2129 508 2158 manu:
534 2117 648 2157 1556.
673 2117 852 2158 Genua.
873 2116 1250 2167 Quadrimestres
1270 2116 1322 2156 24
1342 2116 1480 2169 Junii.
1505 2116 1698 2156 Emend.

191 2255 199 2274 ¹
242 2255 409 2288 adeoque.
424 2255 614 2282 POLANCUS.

188 2302 202 2322 2
241 2302 400 2329 omissum
416 2303 478 2336 est,
494 2302 559 2329 imo
575 2306 609 2329 et
626 2303 662 2329 in
679 2309 727 2330 eo.
744 2302 792 2330 ID.

190 2350 203 2369 5
240 2349 451 2384 negligentia
466 2357 557 2377 eum.
576 2349 628 2376 ID.

190 2398 204 2418 ’ὅ
242 2399 389 2424 nostros.
405 2396 456 2424 10.

191 2445 205 2464 5
242 2446 463 2472 studeamus.
479 2444 529 2472 10.

189 2492 204 2513 6
241 2493 423 2528 imprimis
437 2494 614 2528 cupimus
630 2492 678 2520 ID.
