2020 3342
882 213 964 251 ΑΝ.
996 214 1086 252 1556
1722 216 1796 253 327

175 310 324 351 donec
346 311 420 351 ille
441 311 580 351 homo
600 315 845 362 suspectus
884 310 1260 351 obdormiuisset:
1284 311 1412 351 humi
1433 312 1555 351 enim
1577 312 1794 361 dormire,

176 380 339 421 eodem
369 387 523 421 tamen
550 381 855 433 hypocausto,
892 381 1191 432 cogebamur,
1223 381 1465 433 supposito
1494 387 1651 422 tamen
1682 388 1796 423 stra-

176 452 312 493 mine.
337 451 549 503 Denique
566 451 693 492 circa
709 451 910 492 mediam
927 457 1112 492 noctem
1129 462 1216 492 nos
1233 463 1414 503 quoque
1430 464 1644 494 somnum
1662 464 1795 505 cape·

173 533 223 563 re
240 521 392 563 adnisi
408 533 583 572 sumus,
605 522 818 562 omnibus
835 522 1092 571 silentibus,
1111 523 1158 563 in
1174 522 1337 563 eodem
1353 533 1560 564 scamno:
1579 524 1792 575 sequenti

173 604 284 634 uero
319 593 391 633 die
427 593 628 633 diluculo
663 603 861 643 surgens
895 592 969 633 ille
1004 592 1244 644 praefatus
1279 593 1433 643 homo,
1471 605 1552 645 per
1581 595 1792 636 eamdem

173 664 313 714 uiam,
347 675 437 715 qua
467 669 511 703 et
540 674 626 703 nos
654 662 973 714 tendebamus,
1004 664 1283 714 praecessit,
1309 675 1413 704 cum
1434 671 1589 705 tamen
1611 671 1793 705 contra-

170 735 301 786 riam,
327 734 414 775 hoc
442 740 525 783 est,
560 734 823 786 oppositam
850 733 1040 774 tendere
1069 733 1325 775 debuisset:
1355 734 1478 786 quod
1505 747 1598 775 non
1625 747 1791 787 parum

169 805 299 846 auxit
320 805 532 846 omnibus
552 812 741 846 metum.
765 803 1133 856 Suspicabamur
1160 806 1283 846 enim
1309 805 1464 846 socios
1495 806 1582 846 sibi
1604 807 1658 855 (si
1680 807 1789 859 quid

168 876 276 916 mali
297 876 433 916 nobis
448 876 635 916 molitus
649 875 830 926 fuisset)
847 887 952 916 eum
969 882 1351 926 conuocaturum,
1377 887 1630 929 omnesque
1651 877 1789 929 (quod

167 946 304 988 facile
338 946 580 997 fecissent)
616 957 701 986 nos
735 946 1033 998 spoliaturos.
1070 946 1249 987 Verum
1283 947 1398 988 nihil
1431 947 1565 988 nobis
1599 948 1789 989 aduersi

169 1017 355 1059 accidit.
378 1018 503 1059 Laus
525 1024 568 1058 et
589 1017 850 1068 gratiarum
874 1017 996 1058 actio
1018 1018 1325 1069 omnipotenti
1347 1018 1611 1071 optimoque
1632 1018 1789 1060 Domi-

167 1076 227 1129 no
248 1088 365 1139 Deo,
389 1089 436 1129 in
456 1089 644 1129 saecula
665 1099 848 1140 semper
868 1087 1126 1139 benedicto,
1157 1090 1234 1141 qui
1261 1101 1346 1129 nos
1379 1094 1447 1130 tot
1476 1095 1520 1130 et
1548 1091 1691 1130 tantis
1710 1102 1788 1142 pe-

167 1159 327 1200 riculis
356 1159 495 1211 (quae
529 1159 712 1207 omitto)
744 1159 926 1211 eripuit.
958 1158 1060 1200 Non
1089 1160 1210 1200 enim
1237 1161 1386 1200 solum
1421 1161 1597 1201 uersati
1627 1172 1786 1202 sumus

168 1230 390 1282 periculis
410 1231 659 1281 latronum,
682 1230 764 1271 sed
784 1236 828 1270 et
849 1231 986 1281 longe
1009 1230 1126 1279 aliis,
1150 1230 1315 1282 quibus
1337 1232 1550 1272 omnibus
1571 1232 1786 1274 liberauit

166 1313 252 1342 nos
272 1301 519 1345 Dominus,

245 1372 390 1413 Pallia
411 1379 572 1414 nostra
594 1385 621 1413 a
644 1372 827 1413 Vienna
850 1383 943 1412 non
964 1372 1422 1415 circumferebamus.
1458 1379 1506 1414 ut
1526 1375 1660 1415 nobis
1680 1386 1788 1415 con-

166 1444 374 1484 suluerat
412 1444 549 1485 Pater
584 1443 750 1496 Lanoy
787 1442 813 1484 ¹.
850 1443 954 1484 Non
988 1443 1110 1484 enirn
1141 1455 1342 1495 capaces
1381 1450 1487 1485 sunt
1524 1445 1786 1497 hujusmodi

163 1515 550 1556 uestimentorum
584 1516 631 1556 hi
666 1515 900 1565 homines,
939 1525 1047 1554 nam
1080 1514 1220 1555 credo
1255 1526 1340 1555 nos
1376 1515 1626 1567 aliquando
1665 1518 1785 1557 male

163 1584 397 1626 audiuisse
417 1592 608 1638 propter
628 1585 893 1638 hujusmodi
914 1587 1070 1627 multis
1090 1586 1137 1627 in
1158 1586 1286 1626 locis.
1307 1585 1531 1637 Quamuis
1552 1588 1784 1628 neminem

162 1662 373 1698 nostrum
390 1657 555 1710 opinor
572 1669 892 1709 quaecumque
909 1657 1091 1698 obiecta
1107 1657 1251 1698 uerba
1268 1657 1386 1697 male
1404 1658 1658 1709 accepisse,
1674 1659 1784 1710 quin

161 1727 316 1780 potius
336 1739 441 1769 cum
462 1728 667 1769 maxima
689 1728 985 1780 simplicitate
1014 1728 1408 1769 obliuiscebantur
1435 1740 1485 1769 se
1506 1729 1784 1781 quandoque

162 1799 359 1840 amictos
380 1800 470 1840 illis
490 1810 608 1850 esse,
632 1810 738 1840 cum
760 1799 815 1840 de
844 1810 986 1840 curru
1013 1799 1059 1840 in
1087 1800 1340 1851 hospitium
1367 1799 1632 1851 tenderent;
1666 1812 1781 1852 quos

110 1894 113 1895 ν
162 1870 348 1922 saepius
368 1870 629 1925 relinquere
651 1870 808 1911 monui
829 1870 873 1911 in
896 1881 1036 1910 curru
1058 1882 1128 1920 ea,
1151 1882 1271 1922 quae
1293 1871 1587 1922 postmodum
1609 1871 1667 1911 ab
1689 1883 1780 1912 uno

161 1947 374 1981 nostrum
395 1941 442 1982 in
463 1941 713 1993 hospitium
735 1939 1081 1981 adferebantur.

238 2011 288 2052 In
322 2011 549 2063 hospitiis,
587 2011 863 2064 praesertim
897 2011 944 2051 in
978 2011 1211 2061 Morauia‚
1250 2023 1341 2063 qua
1379 2011 1533 2052 ferunt
1573 2013 1779 2054 omnium

161 2093 374 2123 errorum
394 2082 632 2123 hominum
653 2093 795 2134 agere
816 2082 1001 2125 diuersa
1019 2093 1195 2133 genera
1214 2082 1413 2134 (peiores
1430 2094 1628 2134 namque
1645 2084 1783 2134 longe

158 2159 266 2193 sunt
299 2152 516 2203 Boemis)‚
553 2154 696 2194 multa
732 2153 956 2204 patientia
993 2153 1125 2193 nobis
1160 2164 1277 2204 opus
1306 2153 1414 2193 fuit:
1448 2165 1632 2194 sumere
1661 2154 1783 2194 enim

159 2235 277 2275 quae
295 2235 483 2264 mensae
501 2224 871 2276 apponebantur,
893 2230 937 2264 et
954 2224 1135 2264 soluere
1152 2230 1378 2275 quantum
1394 2224 1630 2273 uolebant,
1650 2236 1781 2276 opor-

161 2295 267 2345 tuit,
300 2295 475 2347 absque
503 2295 657 2347 aliqua
688 2294 1078 2345 contradictione;
1113 2294 1229 2335 alias
1264 2295 1311 2335 in
1345 2295 1605 2336 mirabilem
1641 2296 1784 2336 animi

160 2366 522 2407 commotionem
557 2366 855 2417 agitabantur
892 2366 1064 2417 absque
1101 2365 1254 2417 aliqua
1289 2377 1431 2406 causa
1467 2372 1546 2406 aut
1579 2367 1774 2407 ratione.

159 2436 292 2488 Quod
313 2448 426 2477 sane
448 2436 697 2477 admodum
718 2437 873 2477 mirati
894 2448 1067 2477 sumus.
1094 2435 1291 2487 Quando
1319 2448 1430 2476 uero
1453 2437 1782 2478 celebrandum

157 2507 258 2558 fuit,
283 2508 384 2559 ipso
405 2507 655 2548 Dominico
678 2507 751 2548 die
773 2514 878 2559 post
898 2513 1116 2548 octauam
1139 2506 1364 2557 Paschae,
1388 2509 1657 2559 repulerunt
1678 2520 1779 2558 nos,

157 2579 368 2619 nolentes
395 2578 460 2629 (ut
487 2590 648 2619 eorum
674 2578 829 2619 uerbis
860 2579 986 2628 utar)
1016 2578 1113 2630 pati
1134 2578 1325 2618 missam
1354 2578 1399 2618 in
1427 2589 1536 2618 suas
1557 2579 1780 2619 ecclesias

156 2649 266 2699 (sic)
288 2649 535 2690 celebrari:
556 2655 651 2690 tres
673 2649 809 2699 enim,
834 2655 912 2689 aut
935 2648 992 2690 ad
1010 2660 1241 2690 summum
1258 2655 1473 2700 quatuor,
1493 2661 1576 2689 sua
1600 2650 1776 2700 lingua,

156 2720 349 2770 scilicet,
373 2720 592 2760 idiomate
613 2720 866 2760 cantabant
888 2720 1041 2760 Pater
1062 2723 1251 2768 nostem·
1272 2719 1435 2771 hisque
1456 2721 1673 2769 contenti,
1698 2721 1773 2761 do—

155 2801 282 2831 mum
317 2797 630 2841 reuertuntur,
664 2791 756 2831 nisi
789 2791 1031 2841 contingat
1066 2790 1338 2830 concionari
1366 2802 1527 2831 eorum
1556 2791 1774 2842 aliquem,

155 2861 279 2913 quod
300 2867 456 2903 tamen
479 2873 587 2902 raro
609 2860 657 2902 fit
678 2861 721 2901 in
744 2862 894 2914 pagis.

208 3021 218 3042 ¹
260 3020 297 3048 Ρ.
313 3020 473 3049 Nicolaus
488 3021 618 3058 Lanoy.
634 3022 836 3051 Viennensis
854 3022 995 3061 Collegii
1011 3022 1149 3050 Rector.
