2020 3342
600 253 823 290 ADDENDA
850 264 893 291 IN
918 264 1033 291 Tomo
1061 264 1215 291 TERno
1640 254 1708 291 711
1734 261 1737 265 ·

90 359 207 400 para
227 348 374 388 maior
395 348 595 397 561111610
616 360 733 400 suyo
755 362 786 400 y
812 350 977 401 gloria.
1007 350 1083 401 Ay
1110 361 1193 401 por
1222 350 1394 390 acabar
1416 349 1626 400 'algunas
1640 349 1710 389 (16

91 420 161 458 135
181 419 372 469 6135565,
395 431 425 470 y
447 420 490 459 la
513 420 690 470 iglesia,
711 434 741 471 y
758 422 956 472 algunas
972 427 1101 460 otras
1118 432 1255 461 casas
1270 420 1380 472 (sic)
1396 431 1483 472 que
1500 431 1559 460 no
1577 423 1711 461 estan

94 490 148 530 de
168 489 278 530 todo
297 489 548 529 acabadas:
571 502 760 541 empero
782 498 911 531 entre
933 498 1062 531 tanto
1085 504 1146 543 ay
1167 497 1307 539 otras,
1332 494 1360 531 a
1380 491 1438 531 do
1460 491 1618 531 1661311
1639 491 1711 531 105

94 567 324 601 maestros
343 560 480 600 hasta
502 572 577 601 561·
596 562 833 602 acabadas
853 563 922 602 las
947 563 1177 614 proprias.
1201 562 1313 602 Esta
1334 562 1376 602 el
1395 561 1574 602 Infante
1602 561 1712 602 Car·

94 631 230 671 denal
250 637 470 671 contento
492 632 547 671 de
567 644 654 672 nos
674 644 756 672 uer
776 633 820 673 ia
846 633 1073 684 passados
1095 636 1121 672 3
1152 634 1192 672 61
1219 632 1432 684 collegio,
1461 644 1492 683 y
1520 632 1655 672 viene
1686 635 1713 671 3

93 703 135 742 el
154 702 351 742 muchas
371 714 524 752 vezes,
548 716 578 754 y
599 704 713 743 haze
735 715 822 755 que
843 715 892 744 se
913 703 996 744 dee
1019 705 1168 755 prissa
1191 716 1247 743 en
1273 705 1319 743 13
1350 704 1479 744 obra.
1514 703 1712 743 Nuestro
1740 719 1741 722 ¹

29 794 31 797 »
93 771 241 814 Sefior
261 773 435 813 ordene
460 774 569 813 todo
595 785 710 825 para
740 786 794 814 su
822 775 972 815 maior
1002 775 1261 825 allabanca,
1293 786 1325 825 y
1354 774 1514 826 quiera
1543 785 1628 825 por
1658 784 1714 813 su

93 843 279 884 bondad
300 843 473 883 darnos
493 845 657 894 gracia
679 856 765 885 con
787 857 875 896 que
895 846 1200 885 entendamos
1220 857 1274 885 su
1297 844 1452 884 diuina
1469 844 1712 895 voluntad,

93 927 124 966 y
144 913 507 965 perfectamente
528 915 571 953 la
594 915 896 967 cumplamos.
920 915 1088 956 Amen.

172 983 244 1024 En
273 985 317 1024 la
348 985 594 1025 bendicion
621 998 649 1036 y
678 987 922 1036 oraciones
949 986 1004 1026 de
1031 986 1091 1026 V.
1123 986 1172 1027 Ρ.
1203 998 1288 1026 1105
1323 985 1714 1026 encomendamos

94 1055 244 1096 todos.

175 1125 247 1166 De
266 1126 421 1167 Euora
443 1130 470 1166 a
490 1127 538 1167 31
564 1127 619 1167 (16
641 1127 914 1168 Deziembre
935 1128 991 1168 de
1016 1128 1117 1168 1555
1139 1127 1166 1166 ⁴.

175 1197 266 1237 Por
287 1199 588 1238 commission
609 1198 682 1238 del
703 1198 752 1238 P.
778 1198 950 1249 Miguel
971 1199 1026 1238 de
1047 1199 1270 1250 Bayrros,

1120 1341 1314 1382 MARcos
1342 1342 1504 1394 JORGE.

178 1552 530 1604 Superscmptzb
552 1553 602 1592 in
622 1557 796 1604 quarta
809 1554 1023 1604 pagina:
1050 1556 1076 1601 †
1108 1553 1165 1593 A}
1193 1554 1286 1593 mui
1312 1553 1413 1593 R.d0
1447 1565 1503 1593 en
1533 1553 1721 1593 Christo

97 1623 248 1663 Padre
269 1624 310 1663 61
330 1623 378 1663 Ρ.
404 1623 608 1663 Maestro
629 1624 818 1674 Ignacio
841 1624 1081 1675 Preposito
1103 1624 1305 1664 General
1326 1624 1382 1663 de
1400 1624 1441 1663 13
1460 1623 1722 1675 Compafiia

100 1694 155 1734 de
175 1694 325 1747 Jesus,
350 1706 407 1733 en
429 1694 591 1734 Roma.

179 1764 290 1804 Alia
311 1776 478 1805 manu:
503 1765 616 1805 1000.
641 1764 992 1815 Quadrimesti·e
1013 1766 1211 1806 d'Euora
1235 1767 1280 1806 di
1299 1766 1347 1805 31
1372 1766 1417 1805 di
1443 1765 1722 1805 Decembre.

1236 2088 1252 2098 υ

315 2118 594 2145 Praecedentium
611 2117 727 2146 Patris
742 2118 847 2146 Marci
863 2118 1003 2154 Georgii
1018 2119 1212 2146 litterarum
1228 2118 1337 2157 latina
1352 2117 1466 2145 versio
1482 2117 1511 2144 Ξ.

866 2261 963 2302 IHS

187 2421 285 2461 R.de
315 2422 360 2461 in
382 2421 567 2461 Christo
589 2421 740 2460 Pater.

188 2491 350 2532 Gratia
372 2498 416 2531 et
438 2503 569 2531 amor
590 2491 684 2531 Dm
706 2492 853 2532 nostri
881 2492 990 2544 Jesu
1011 2491 1150 2532 Cristi
1172 2502 1256 2530 nos
1287 2501 1471 2541 semper
1500 2490 1651 2537 iuuet,
1686 2495 1732 2528 et

109 2562 370 2602 actionibus
391 2562 562 2602 nostris
584 2562 768 2602 assidue
788 2562 958 2602 faueat.
991 2563 1156 2602 Amen.

161 2722 171 2742 Ξ
211 2720 267 2748 Sic
289 2721 465 2756 perspicue
487 2721 518 2748 in
536 2721 760 2756 autographo;
776 2728 894 2748 verum
912 2721 966 2756 qui
991 2724 1209 2748 monumenta
1224 2721 1255 2748 in
1274 2719 1444 2754 prioribus
1459 2719 1568 2747 tribus
1583 2717 1735 2752 Quadri-

110 2770 298 2796 mestrz'um
313 2769 540 2796 voluminibus
555 2769 818 2803 editainspiciat
833 2769 999 2803 simulque
1020 2769 1212 2796 consideret
1233 2768 1355 2795 harum
1376 2767 1572 2794 litterarum
1592 2768 1735 2794 latinam

108 2816 299 2844 versionem
316 2816 404 2843 infra
420 2816 538 2843 statim
553 2816 789 2849 exhibendam,
812 2824 897 2850 quae
919 2816 1001 2843 data
1025 2816 1186 2843 scribitur
1207 2814 1314 2847 2.0(1d
1339 2818 1389 2841 est
1411 2814 1544 2847 pridie)
1567 2814 1736 2842 calendas

109 2863 280 2898 sannam
302 2864 401 2890 Anno
415 2864 514 2896 1555,
529 2863 698 2897 intelliget
724 2864 823 2890 facile
846 2871 1036 2890 sermonem
1059 2863 1131 2890 fieri
1152 2863 1190 2890 de
1215 2869 1328 2889 mense
1352 2861 1532 2889 Decembri
1555 2861 1632 2889 anni
1657 2862 1737 2894 1554,

110 2911 252 2945 ideoque
268 2911 356 2938 inter
371 2911 507 2937 litteras
522 2911 599 2938 anni
618 2911 685 2937 1554
698 2911 760 2938 has
774 2918 848 2938 esse
863 2911 1087 2945 reponendas.
1704 2915 1705 2918 ’

165 2957 179 2977 2
217 2957 270 2985 Ex
282 2958 348 2985 vol.
362 2957 652 2991 Quadritnestres
666 2959 754 2984 anni
768 2958 866 2986 1555.
879 2958 1126 2992 Autographae
1148 2957 1271 2991 duplici
1294 2957 1384 2989 folio,
1407 2963 1460 2983 nn.
1474 2956 1525 2983 631
1547 2960 1579 2983 et
1594 2956 1734 2984 632.—-1u
1748 2981 1751 2984 ,

111 3005 153 3033 iis
167 3005 335 3039 quaedam
348 3005 548 3039 suppressit,
561 3005 729 3039 quaedam
743 3012 1001 3040 suppressorum
1013 3006 1086 3032 loco
1100 3004 1276 3033 substituit
1288 3011 1391 3032 manu
1400 3003 1539 3037 propria
1550 3003 1720 3031 Polancus

114 3052 180 3080 Illa
193 3061 252 3080 nos
268 3053 301 3080 in
315 3056 413 3080 textu
428 3052 561 3080 italicis
576 3053 815 3087 describemus,
828 3053 914 3080 haec
930 3053 972 3081 ad
988 3053 1134 3087 paginae
1149 3053 1278 3080 calcem
1299 3050 1530 3083 subjiciemus.v
