2020 3342
850 269 933 308 AN.
964 270 1055 308 1556
1691 272 1756 310 301

142 364 398 416 suetudine,
419 377 579 406 omnes
599 365 850 417 insaniunt,
875 378 1050 418 eorum,
1069 367 1147 419 qui
1167 368 1405 419 personati
1424 374 1518 408 tota
1541 368 1655 408 urbe
1673 369 1761 409 dis-

143 437 414 487 currebant,
451 436 637 488 plurimi
671 438 828 477 laruas
866 437 954 478 sibi
988 438 1292 479 detraxerunt
1312 470 1319 489 ,
1357 450 1463 479 cum
1501 439 1622 479 hanc
1658 439 1760 480 bac-

143 506 311 547 chandi
333 507 584 558 licentiam,
608 519 701 548 non
722 514 818 548 tam
839 521 897 549 ex
925 509 1288 550 christianorum
1315 509 1556 550 hominum
1584 510 1763 550 institu-

143 583 204 628 to,
229 589 366 630 quam
395 578 536 630 impia
565 590 858 630 paganorum
887 580 1113 631 religione
1143 592 1448 632 promanasse
1476 581 1761 622 didicissent:

142 659 339 701 quorum
360 649 682 701 resipiscentia
704 649 879 690 factum
896 657 964 691 est
980 657 1029 691 ut
1047 651 1285 703 aliquanto
1303 651 1501 703 quietius
1519 663 1575 692 ac
1595 652 1764 692 minori

141 731 247 760 cum
269 721 480 760 molestia
503 720 601 760 dies
622 721 724 760 illos
745 722 1128 772 transigeremus,
1152 734 1245 763 non
1267 721 1544 763 audentibus
1564 709 1764 763 caeteris

140 790 316 831 circum
337 791 476 831 aedes
498 797 684 831 nostras
708 792 953 843 oberrare,
977 804 1034 832 ne
1063 793 1246 837 anobis
1267 793 1513 845 intercepti
1543 806 1570 834 a
1596 805 1763 845 propo-

141 862 228 902 sito
263 861 526 902 bacchandi
562 868 900 904 auerterentur.
944 864 1310 916 Circulatorum,
1353 876 1551 916 quorum
1590 876 1763 916 magna

139 944 241 973 esse
263 920 509 974 consueuit¹
529 934 697 985 ubique
718 934 874 986 copia,
898 935 1102 975 maxima
1133 947 1257 976 nunc
1285 942 1356 976 est
1383 936 1590 977 Biuonae
1622 948 1763 988 penu-

139 1004 225 1055 ria;
248 1016 358 1045 nam
378 1004 526 1045 tribus
548 1016 640 1045 uno
662 1005 734 1045 die
756 1005 981 1046 coniectis
1009 1006 1055 1046 in
1084 1018 1344 1058 carcerem,
1368 1007 1447 1059 qui
1473 1007 1761 1059 superstitio-

138 1087 298 1116 sarum
318 1077 627 1127 quarumdam
649 1077 914 1117 orationum
931 1077 1245 1118 diuenditione
1265 1078 1496 1129 grandem
1512 1079 1761 1130 pecuniam

139 1146 471 1198 conflauerant,
497 1147 696 1188 caeteris
718 1149 981 1200 exemplum
1002 1154 1229 1189 statutum
1251 1156 1320 1189 est
1341 1162 1397 1190 ne
1419 1150 1510 1190 huc
1531 1149 1579 1190 in
1609 1156 1763 1201 poste-

140 1229 242 1258 rum
264 1218 505 1258 accedant.
535 1217 583 1259 Si
610 1218 688 1270 qui
717 1230 828 1258 uero
855 1219 1048 1270 periculi
1076 1219 1231 1270 ignari
1258 1219 1552 1269 aduenerint,
1586 1221 1760 1271 statim,

141 1289 299 1329 audita
320 1300 564 1329 carcerum
585 1289 734 1340 fama,
765 1289 900 1330 citius
930 1291 1074 1330 multo
1105 1302 1245 1342 quam
1274 1291 1485 1332 uenerint
1521 1292 1760 1333 recedunt.

138 1358 233 1400 Nec
255 1360 319 1400 ita
341 1359 529 1411 dudum,
554 1372 657 1401 cum
681 1372 739 1401 ex
759 1360 848 1401 hoc
878 1361 1118 1402 hominum
1145 1372 1318 1413 genere
1346 1362 1537 1414 quidam
1565 1362 1764 1404 circum-

141 1430 276 1471 datus
306 1431 598 1483 serpentibus
632 1431 678 1471 in
704 1431 858 1472 forum
884 1432 1158 1484 prodiisset,
1183 1431 1314 1473 Pauli
1341 1433 1586 1474 Mantuani
1622 1433 1648 1485 ¹,
1683 1435 1764 1486 qui

136 1507 234 1541 tum
255 1501 374 1542 forte
394 1502 581 1543 fortuna
604 1509 955 1554 superuenerat,
981 1504 1193 1544 oratione
1215 1504 1278 1544 ita
1301 1505 1569 1556 exagitatus
1587 1512 1671 1555 est,
1696 1513 1759 1556 ut,

135 1573 331 1614 reclusis
364 1574 595 1625 anguibus
622 1580 666 1615 et
693 1574 856 1615 relicta
885 1575 1133 1626 concione,
1163 1587 1304 1627 quam
1330 1575 1760 1628 frequentissimam

137 1649 373 1696 coegerat,
398 1645 444 1685 in
466 1645 622 1686 nescio
644 1657 761 1697 quas
781 1646 938 1686 statim
960 1647 1164 1687 latebras
1186 1658 1287 1687 sese
1309 1647 1605 1699 proripuerit.

217 1714 387 1756 Multas
415 1725 661 1767 praeterea
689 1717 912 1767 familias,
947 1729 1064 1769 quae
1099 1719 1275 1758 nullum
1310 1724 1523 1759 mortuos
1557 1730 1670 1760 suos
1698 1721 1761 1761 lu·

136 1787 277 1838 gendi
297 1787 436 1828 finem
455 1787 704 1839 faciebant,
728 1789 1039 1840 uisitauimus,
1058 1795 1103 1830 et
1120 1795 1168 1830 ut
1185 1789 1334 1831 dolori
1354 1791 1541 1831 modum
1559 1791 1762 1843 impone-

135 1864 253 1910 rent,
277 1859 492 1910 quamuis
514 1870 671 1911 aegre,
697 1860 1068 1912 impetrauimus.
1094 1860 1194 1912 Quo
1218 1868 1374 1902 autem
1400 1862 1526 1902 luctu
1553 1868 1761 1903 mortuos

135 1941 244 1970 suos
263 1928 447 1970 Siculae
463 1931 680 1971 mulieres
697 1938 1055 1984 prosequantur,
1076 1932 1240 1984 paucis
1256 1933 1493 1985 explicare
1511 1933 1568 1973 ab
1585 1945 1634 1973 re
1653 1920 1767 1974 alie-¹

135 2012 245 2041 num
259 2012 351 2041 non
363 2007 491 2052 puto.
511 2001 529 2041 I
533 2007 671 2054 taque
689 2013 810 2053 eum,
830 2003 908 2054 qui
926 2002 1170 2043 defunctus
1187 2009 1272 2054 est,
1292 2003 1680 2056 splendidissimis
1697 2004 1762 2045 in-

134 2072 296 2112 dutum
317 2072 524 2113 uestibus
546 2078 624 2113 aut
642 2073 739 2113 suis
757 2079 837 2114 aut
859 2086 882 2114 e
904 2074 1077 2114 uicinia
1099 2075 1396 2115 commodato
1418 2076 1640 2127 acceptis,
1660 2076 1761 2116 sub·

133 2143 285 2183 limem
306 2143 353 2184 in
373 2143 482 2184 sede
504 2144 748 2193 collocant,
773 2151 996 2197 tanquam
1017 2145 1147 2198 Jouis
1177 2146 1417 2197 capitolini
1448 2152 1527 2187 aut
1562 2147 1762 2187 Veneris

133 2214 334 2266 paphiae
357 2214 679 2265 simulacrum;
705 2227 842 2268 quem
864 2216 1040 2257 circum
1061 2216 1269 2257 conferto
1301 2217 1488 2268 agmine
1516 2218 1761 2259 circumfu-

133 2297 214 2325 sae
241 2286 558 2337 mulierculae,
581 2287 783 2338 praefica
818 2287 1026 2338 ineptum
1054 2299 1248 2339 prorsus
1275 2300 1330 2328 ac
1364 2289 1539 2340 puerile
1570 2301 1761 2330 carmen

133 2357 432 2408 praecinente
453 2357 606 2408 passis
626 2357 685 2413 ad
702 2358 971 2399 defunctum
988 2359 1216 2411 manibus,
1236 2359 1424 2400 domum
1445 2361 1637 2412 implent
1663 2362 1761 2401 ulu-

133 2428 327 2479 latibus,
357 2428 552 2480 capillos
584 2428 824 2478 scindunt‚
857 2429 1025 2470 faciem
1054 2430 1287 2481 unguibus
1313 2432 1546 2481 lacerant,
1577 2443 1671 2472 non
1702 2432 1762 2473 ad

133 2511 275 2540 unum
296 2505 477 2540 tantum
494 2500 629 2551 diem,
650 2512 812 2540 uerum
829 2501 970 2541 etiam
988 2500 1047 2541 ad
1064 2501 1517 2554 quinquagesimum,
1540 2515 1633 2543 non
1651 2515 1760 2544 raro

134 2570 191 2610 ad
213 2570 468 2610 secundum
489 2577 533 2610 et
554 2571 741 2612 tertium
763 2583 950 2623 annum,
974 2584 1060 2613 nec
1081 2578 1178 2613 toto
1199 2585 1253 2613 eo
1275 2579 1486 2626 tempore
1508 2581 1587 2614 aut
1609 2575 1760 2615 sacris

183 2754 193 2774 ¹
233 2755 272 2783 P.
289 2755 416 2782 Paulus
431 2754 644 2788 Mantuanus,
660 2755 833 2783 “Venetiis
849 2761 962 2789 natus,
984 2756 1112 2784 Romae
1133 2765 1153 2785 a
1178 2757 1363 2792 ss.1gnatio
1384 2759 1427 2786 ad
1450 2759 1638 2788 domestica
1662 2761 1759 2788 obse-

129 2801 207 2835 quia
221 2802 309 2828 inter
323 2808 402 2828 suos
416 2806 595 2836 cooptatus
610 2806 662 2829 est
677 2810 763 2830 anno
781 2803 859 2837 1555,
875 2808 911 2831 ut
931 2804 999 2838 ipse
1016 2804 1250 2838 flagitaverat.
1267 2805 1333 2833 Sed
1355 2814 1429 2834 cum
1453 2806 1606 2841 Ignatius
1628 2808 1756 2835 litteris

128 2848 231 2882 probe
245 2849 418 2876 excultum
433 2848 666 2882 comperisset.
679 2849 825 2877 hominis
840 2851 1106 2884 temperantiam
1120 2852 1308 2879 admiratus
1324 2857 1357 2879 et
1371 2853 1511 2881 adultae
1526 2854 1668 2882 virtutis
1682 2861 1758 2888 spe-

128 2895 236 2922 cimen
251 2903 293 2922 ex
307 2903 346 2922 eo
361 2899 549 2929 assecutus,
566 2903 667 2930 quam
682 2897 821 2924 idoneus
837 2897 971 2925 futurus
985 2903 1075 2926 esset
1090 2899 1133 2926 ad
1149 2899 1280 2934 majora
1302 2900 1484 2928 societatis
1507 2902 1617 2929 officia
1637 2909 1760 2936 cogno-

129 2941 190 2968 vit.
207 2941 318 2974 Quare
333 2941 376 2969 ad
391 2941 627 2969 Sacerdotium
642 2943 760 2970 statim
776 2948 934 2971 evectum
952 2944 1155 2972 Panormum
1171 2946 1316 2980 misit...‚,
1332 2946 1529 2979 AoumssRA.
1546 2948 1759 2975 Provinciae

129 2988 268 3016 Siculae
285 2988 472 3016 Societatis
483 2989 572 3023 Jesu
589 2988 695 3016 Ortus
709 2992 741 3017 et
757 2998 815 3017 res
829 2993 960 3026 gestae,
976 2996 1066 3026 part.
1081 2999 1103 3025 1,
1119 2999 1192 3027 cap.
1210 3000 1281 3027 vm,
1296 3001 1327 3020 n.
1340 3002 1432 3022 xxm,
1456 2994 1582 3029 HuJus,
1606 2995 1661 3029 qui
1684 3002 1759 3022 con-

129 3036 264 3069 tagiosa
278 3037 356 3064 tabe
370 3036 505 3064 infectis
519 3037 708 3064 inserviens
722 3042 867 3065 mortem
882 3039 982 3072 obiit,
1005 3040 1168 3068 memoria
1192 3040 1408 3068 desideratur
1431 3042 1464 3068 in
1487 3049 1588 3076 opere
1614 3042 1757 3070 Patrum

131 3083 333 3118 Allegambe
347 3088 379 3110 et
396 3083 536 3118 Nadasi‚
552 3083 686 3111 Heroes
700 3087 733 3111 et
756 3084 925 3113 Vt'clz'mae
942 3086 1143 3116 charitatis
