2020 3342
268 225 336 262 444
778 225 1004 263 LITTERAE
1030 234 1388 267 QUADRIMESTRES

347 320 503 369 Pueri,
529 320 874 370 adolescentes,
900 332 1054 370 seneS,
1080 320 1274 360 summis
1294 319 1473 359 viribus
1501 318 1686 358 student
1717 317 1892 358 confes-

264 391 409 432 sionis
429 396 614 442 portum
635 397 807 440 tenere,
838 402 1004 442 parum
1025 396 1244 430 curantes
1265 389 1376 441 quid
1404 401 1458 429 ea
1486 388 1541 429 de
1570 400 1620 428 re
1652 390 1891 429 nonnullo-

264 473 367 501 rum
389 461 644 501 rumusculi
676 462 902 501 iactitent:
933 461 1098 513 quibus
1125 472 1218 501 non
1246 460 1395 500 solum
1424 460 1481 499 ab
1504 460 1718 511 incoepto
1748 459 1894 500 semel

264 531 448 583 pietatis
470 532 622 572 studio
650 544 743 571 non
770 532 1086 581 retrahuntur,
1118 543 1282 572 verum
1311 531 1465 571 acrius
1494 530 1695 582 idipsum
1725 541 1806 570 eos
1826 530 1893 570 in-

265 603 419 643 cendit
436 608 481 642 et
498 602 768 642 inflammat.
787 602 969 643 Horum
984 603 1030 642 in
1048 614 1096 642 re
1113 608 1209 642 tam
1225 602 1464 642 fructuosa
1476 612 1784 653 perseuerans
1797 601 1892 640 ani-

264 684 381 723 nmS,
415 672 555 713 etiam
577 673 654 724 qui
674 673 945 724 longissime
976 673 1139 713 abesse
1167 673 1460 723 videbantur,
1493 672 1539 712 in
1559 678 1771 712 nostram
1793 683 1891 711 sen-

266 743 460 783 tentiam
491 743 704 783 manibus
738 743 1022 795 pedibusque
1057 755 1175 795 pene
1211 743 1410 783 dixerim
1439 742 1600 783 venire
1632 742 1775 793 cogit.
1811 741 1894 782 Est

265 813 405 864 aliud,
439 813 562 864 quod
593 825 699 854 cum
734 814 865 854 multi
900 821 1090 866 propter
1125 825 1339 854 annonae
1375 814 1621 854 caritatem
1651 825 1707 853 ac
1737 824 1894 853 rerum

264 884 463 924 aliarum
484 884 742 935 penuriam,
767 896 907 936 quam
928 884 1108 925 invexit
1129 890 1393 936 temporum
1415 884 1611 924 istorum
1637 883 1822 933 iniuria,
1847 883 1893 922 in

263 966 493 995 summam
526 966 644 1006 pene
678 961 1002 1006 paupertatem
1036 955 1214 995 redacti
1254 955 1366 1005 sint,
1404 961 1735 1006 praeterquam
1770 954 1893 1006 quod

265 1026 458 1065 multum
488 1025 610 1065 aeris
640 1025 777 1065 alieni
808 1025 1071 1077 conflarint,
1106 1025 1399 1075 confitentur,
1433 1025 1757 1065 sanctissimae
1788 1036 1890 1064 con-

260 1096 478 1136 fessionis
498 1096 721 1136 beneficio
744 1096 904 1147 adiuti,
928 1107 1075 1147 graue
1092 1096 1382 1148 paupertatis
1404 1107 1521 1136 onus
1537 1107 1629 1135 non
1651 1106 1800 1146 aequo
1817 1106 1886 1135 so-

264 1168 359 1206 lum
382 1166 550 1216 animo,
575 1178 740 1207 verum
759 1173 803 1207 et
825 1167 970 1207 alacri
987 1168 1189 1207 tolerare
1209 1179 1360 1218 posse.

340 1235 480 1277 Domi
502 1237 752 1277 conciones
773 1237 951 1278 feriatis
981 1238 1144 1278 diebus
1174 1238 1404 1278 habentur
1432 1237 1488 1277 de
1510 1249 1652 1288 more,
1677 1248 1770 1277 non
1791 1237 1892 1277 sine

260 1308 465 1348 maximo
485 1307 657 1349 fructu:
682 1309 850 1349 crescit
870 1309 916 1349 in
938 1309 1036 1349 dies
1058 1309 1324 1349 auditorum
1346 1320 1582 1348 numerus:
1607 1315 1651 1348 et
1672 1308 1780 1360 quia
1798 1308 1887 1359 pri-

260 1379 420 1428 uatim,
445 1391 564 1430 quae
586 1379 644 1419 ad
674 1379 1041 1431 vniuscuiusque
1069 1386 1217 1420 artem
1240 1386 1468 1431 spectant,
1494 1379 1817 1429 admonentur,
1841 1378 1892 1418 fit

264 1456 314 1489 vt
335 1450 467 1489 multi
490 1461 583 1490 non
604 1450 791 1501 quidem
811 1457 1009 1501 grauate
1032 1451 1152 1490 male
1174 1457 1308 1501 parta
1331 1451 1593 1490 restituant.

347 1520 508 1560 Studia
528 1532 611 1571 per
632 1532 808 1572 paucos
825 1521 922 1561 dies
943 1521 1224 1571 intermissa,
1249 1528 1299 1561 vt
1316 1521 1651 1571 magistrorum
1673 1520 1816 1560 animi
1832 1519 1892 1558 ad

264 1592 471 1631 laborem
504 1598 834 1642 repararentur
871 1592 1251 1643 fulcirenturque,
1289 1598 1334 1632 et
1369 1592 1606 1632 auditores
1637 1591 1696 1631 ad
1726 1590 1891 1631 eadem

261 1662 464 1702 alacrius
486 1661 704 1713 redirent,
731 1670 919 1714 postero
941 1675 968 1702 a
996 1662 1356 1703 Sacratissimae
1388 1663 1602 1713 Virginis
1623 1661 1892 1702 Natiuitatis

258 1733 332 1773 die
354 1740 518 1784 coepta
539 1739 660 1783 sunt,
695 1740 834 1785 atque
864 1745 917 1773 eo
950 1734 1051 1785 ipso
1078 1733 1234 1774 Natali
1263 1734 1335 1774 die
1369 1733 1651 1784 colloquium
1681 1743 1762 1784 per
1783 1731 1890 1772 ado-

259 1804 485 1843 lescentes
517 1810 671 1844 actum
700 1810 783 1851 est,
815 1806 952 1855 paulo
981 1811 1087 1844 ante
1116 1805 1411 1854 concionem,
1444 1805 1489 1843 in
1520 1803 1698 1843 Mariae
1725 1814 1890 1843 recens

259 1880 398 1914 natae
420 1874 621 1925 laudem,
645 1887 701 1914 ne
730 1875 1150 1915 commendationis
1179 1875 1276 1925 ejus
1297 1881 1419 1915 esset
1441 1885 1610 1925 expers
1637 1874 1782 1913 latina
1807 1873 1890 1913 lin-

260 1955 367 1994 gua:
392 1945 496 1984 libri
517 1945 655 1985 iidem
676 1952 977 1995 enarrantur;
1001 1957 1148 1985 nouos
1179 1957 1307 1995 vero,
1338 1956 1454 1996 quos
1476 1956 1635 1984 sumus
1665 1944 1888 1995 interpre-

261 2015 415 2065 taturi,
440 2014 702 2055 distulimus
724 2016 770 2055 in
792 2016 913 2056 diem
930 2016 1186 2055 beatissimi
1203 2017 1374 2065 Lucae,
1394 2016 1502 2066 quia
1521 2021 1631 2054 tunc
1647 2015 1796 2054 solent
1813 2025 1888 2054 au·

262 2086 436 2126 ditores
458 2086 722 2137 conuenire,
746 2087 823 2137 qui
847 2087 1044 2137 (gratias
1062 2087 1250 2127 Christo
1267 2086 1392 2139 Jesu)
1415 2093 1459 2126 et
1475 2086 1638 2137 pietati
1660 2091 1704 2125 et
1724 2085 1891 2125 litteris

260 2157 479 2206 gnauiter
501 2156 700 2196 student.
723 2157 828 2210 Jam
856 2158 934 2209 qui
956 2157 1226 2197 dialecticae
1256 2158 1367 2198 dant
1397 2168 1601 2208 operam,
1631 2157 1799 2196 mirum
1820 2161 1890 2195 est

260 2239 399 2278 quam
421 2227 557 2267 auide
580 2228 811 2279 accipiant
833 2228 1002 2277 studia,
1027 2235 1294 2280 quantaque
1316 2228 1499 2268 futurae
1520 2227 1697 2267 solidae
1718 2227 1889 2267 doctri-

261 2309 348 2336 nae
371 2298 625 2348 praebeant
654 2298 948 2339 documenta.

338 2368 590 2418 MagistriS,
615 2370 777 2420 paucis
801 2377 907 2409 ante
930 2370 1104 2418 diebus,
1130 2381 1356 2409 concessa
1379 2376 1447 2409 est
1468 2369 1612 2408 animi
1643 2369 1886 2409 relaxandi

257 2439 409 2487 gratia
432 2439 631 2479 abeundi
658 2440 793 2491 copia
822 2441 867 2480 in
895 2448 1117 2480 montana
1148 2442 1249 2480 loca
1279 2441 1383 2480 vrbi
1405 2441 1575 2480 vicina:
1608 2440 1886 2490 commigra-

258 2516 363 2548 runt
391 2509 437 2548 in
467 2510 801 2560 suburbanum,
832 2512 954 2562 quod
984 2512 1235 2551 credebant
1262 2511 1467 2550 futurum
1497 2511 1691 2550 laxitate
1721 2511 1885 2550 saltem

258 2580 577 2630 conspicuum,
602 2593 766 2621 verum
786 2582 873 2621 etsi
894 2581 1102 2621 curando
1124 2582 1311 2632 corpori
1334 2593 1426 2621 non
1447 2582 1561 2621 satis
1582 2588 1741 2632 aptum
1770 2581 1887 2631 (erat

256 2649 378 2688 enim
401 2650 572 2700 exigua
595 2651 826 2701 quaedam
848 2664 958 2691 casa
981 2659 1024 2691 et
1045 2664 1163 2703 quae
1184 2652 1266 2693 vix
1287 2652 1493 2702 hospites
1516 2651 1761 2702 capiebat),
1787 2651 1882 2691 ani-

259 2731 361 2760 mus
382 2728 537 2760 tamen
560 2723 764 2762 omnium
787 2730 855 2762 est
886 2723 1217 2772 supramodum
1246 2723 1549 2772 exhilaratus3
1586 2722 1793 2762 cubitum
1816 2729 1884 2762 est

261 2790 384 2830 enim
406 2791 451 2830 in
473 2791 672 2842 stabulo,
696 2793 921 2832 lodicibus
943 2793 1174 2843 involutis,
1205 2793 1363 2832 subter
1393 2792 1528 2832 foeno
1550 2792 1718 2843 posito,
1754 2792 1886 2832 cuius

263 2873 316 2900 eo
338 2861 384 2901 in
406 2862 509 2901 loco
532 2862 713 2901 abunde
742 2871 857 2902 erat.

334 2931 415 2972 Est
445 2933 575 2972 locus
608 2933 682 2972 hic
712 2933 823 2972 feris
854 2934 1110 2973 abundans.
1152 2934 1351 2984 Quidam
1383 2939 1539 2973 autem
1576 2945 1635 2973 ex
1669 2932 1885 2972 Patribus

255 3003 407 3053 coepit
439 3003 555 3042 retia
585 3003 775 3042 tendere
806 3004 1066 3055 deciditque
1093 3005 1139 3044 in
1168 3016 1325 3044 casses
1353 3004 1624 3044 muliercula
1654 3003 1883 3054 quaedam
