2020 3342
822 207 862 243 A
869 217 904 243 Ν.
938 206 1028 243 1556
1695 208 1742 243 03

115 316 240 344 mum
261 310 414 344 essent
438 304 723 352 referendae)
746 302 977 351 dirimere,
1001 312 1283 352 componere
1305 308 1350 341 et
1378 301 1629 341 conciliare
1650 302 1738 342 illis

115 376 348 426 integrum
368 381 483 414 erat.
506 375 686 414 Verum
708 373 819 413 illud
840 373 1068 424 imprimis
1086 378 1130 412 te
1147 372 1193 411 in
1212 378 1466 423 stuporem,
1489 371 1642 421 Pater,
1662 373 1740 411 ad-

115 445 252 486 ducet
286 451 496 496 repertos
522 444 664 485 fuisse
700 457 726 484 a
756 452 918 483 nostro
958 443 1156 483 Rectore
1191 442 1419 494 quosdam
1452 442 1738 488 sacerdotes,

116 522 311 556 naturae
337 516 470 555 bonis
492 515 743 566 praeditos,
771 513 1055 554 authoritate
1077 519 1120 552 et
1141 513 1376 564 grauitate
1398 519 1606 563 ornatos,
1630 519 1679 552 ut
1704 514 1741 552 si

117 598 197 626 eos
213 586 425 635 uidisses,
445 596 650 626 summos
667 585 914 634 theologos
930 590 1136 635 putares,
1155 583 1202 622 hi
1219 589 1375 623 tamen
1391 582 1593 622 formam
1612 583 1740 623 abso-

116 658 305 697 lutionis
339 657 642 707 ignorabant:
683 656 800 695 adeo
830 661 964 694 erant
998 654 1137 694 rudes
1173 660 1218 693 et
1252 653 1406 704 ignari
1438 665 1595 693 rerum
1630 653 1742 694 diui-

118 739 298 768 narum.

197 798 290 839 Sed
309 798 531 850 quoniam
552 796 737 848 copiose
759 795 815 835 de
835 795 1134 835 sacerdotum
1162 795 1299 834 rebus
1328 795 1511 846 scripsi,
1542 795 1745 834 scribam

119 876 162 909 et
183 869 387 909 breuiter
409 869 463 908 de
486 868 642 908 ouium
663 866 941 915 conditione,
966 877 1086 917 quae
1107 865 1206 905 sine
1227 865 1366 905 dubio
1395 871 1654 916 sequuntur
1674 877 1745 905 ra-

120 941 268 980 tiones
289 945 531 990 pastorum
552 949 759 987 suorum;
793 937 969 976 inuenti
999 937 1156 988 itaque
1183 942 1290 976 sunt
1319 936 1507 987 plurimi
1535 936 1745 987 blasphe-

120 1011 197 1060 mi,
221 1010 465 1059 aleatores,
491 1008 702 1055 adulteri,
727 1007 965 1057 haeretici,
990 1007 1323 1057 foeneratores,
1350 1012 1395 1046 et
1411 1012 1627 1046 caeterae
1643 1005 1746 1046 Rei-

118 1080 330 1131 publicae
351 1086 519 1131 pestes.
541 1079 764 1119 Permulti
785 1090 877 1117 non
898 1083 1215 1129 exposuerant
1233 1078 1358 1117 vitae
1376 1077 1573 1117 crimina
1594 1088 1746 1117 sacer-

119 1151 217 1191 doti
238 1157 344 1190 ante
367 1151 542 1196 decem,
567 1156 647 1189 aut
667 1149 930 1196 duodecim,
955 1156 998 1188 et
1020 1149 1189 1199 viginti
1210 1160 1373 1198 annos,
1395 1155 1439 1188 et
1455 1148 1644 1188 tandem
1660 1147 1749 1188 Dei

119 1223 274 1270 gratia
296 1222 385 1261 illis
406 1221 571 1271 illuxit,
596 1227 644 1260 ut
681 1220 1025 1260 confessionem
1059 1221 1313 1260 salutarem
1349 1220 1571 1269 subirent,
1605 1225 1649 1259 et
1674 1231 1749 1259 eu-

125 1293 397 1333 charistiam
423 1292 730 1343 perciperent,
770 1299 812 1331 et
849 1292 1093 1342 praeclare
1131 1291 1276 1331 uitam
1306 1297 1555 1331 mutarent.
1588 1290 1749 1330 Adiuti

119 1364 241 1403 enim
262 1363 448 1403 fuerunt
478 1369 575 1403 tum
606 1363 925 1411 concionibus,
957 1373 1073 1413 quas
1095 1362 1295 1402 habebat
1329 1361 1501 1402 Rector
1535 1360 1749 1401 omnibus

119 1434 247 1474 feriis
268 1434 326 1474 ad
347 1434 582 1486 populum,
607 1440 704 1473 tum
725 1433 1022 1473 sermonibus
1043 1439 1087 1472 et
1109 1432 1516 1472 exhortationibus
1534 1432 1748 1482 priuatis,

120 1516 237 1556 quas
258 1505 525 1557 frequenter
545 1504 860 1555 indigentibus
894 1504 1116 1543 adhibere
1144 1503 1308 1543 solitus
1337 1510 1462 1543 erat:
1492 1503 1538 1543 in
1567 1504 1750 1543 concio—

121 1576 271 1625 nibus,
296 1576 466 1616 Christi
487 1576 597 1628 Jesu
618 1588 719 1626 ope.
745 1582 788 1615 et
810 1575 900 1614 viri
921 1581 964 1614 et
986 1575 1217 1614 foeminae
1239 1575 1416 1625 passim
1438 1574 1753 1614 cernebantur

125 1646 249 1687 flere.

203 1718 433 1758 Increbuit
468 1730 568 1758 mos
604 1718 795 1769 quidam
830 1718 876 1757 in
911 1717 1001 1756 hoc
1036 1717 1335 1768 episcopatu,
1373 1723 1422 1756 ut
1457 1716 1504 1756 in
1540 1716 1754 1756 omnibus

123 1789 252 1829 feriis
271 1789 513 1838 Diuorum,
538 1789 703 1840 quibus
725 1789 898 1838 templa
919 1794 1026 1827 sunt
1058 1787 1289 1836 dedicata,
1316 1787 1518 1837 bibatur,
1547 1787 1751 1835 ludatur,

125 1860 333 1909 saltetur,
372 1866 416 1899 et
449 1859 756 1899 bacchanalia
798 1869 992 1909 prorsus
1037 1858 1351 1898 celebrentur:
1392 1858 1438 1898 id
1472 1858 1614 1909 igitur
1650 1869 1756 1898 cum

126 1929 297 1970 Rector
331 1937 510 1970 certum
544 1931 750 1978 haberet,
777 1928 1093 1968 contendebat
1116 1929 1342 1969 interesse
1364 1929 1628 1969 huiusmodi
1645 1929 1758 1969 cele-

124 2001 387 2048 britatibus,
410 2001 574 2052 quibus
602 2011 706 2039 cum
733 2000 1079 2049 interuenisset,
1114 1999 1350 2050 prohibuit
1387 2005 1431 2039 et
1466 2000 1755 2045 saltationes,

125 2079 169 2111 et
191 2073 332 2120 aleas,
356 2079 400 2111 et
429 2078 639 2111 caeteras
672 2071 1082 2120 debacchationeS,
1121 2078 1218 2110 tum
1254 2070 1494 2117 concione,
1529 2077 1626 2111 tum
1654 2071 1743 2122 Epi

127 2143 256 2194 scopi
278 2142 560 2183 authoritate
578 2150 621 2182 et
644 2143 845 2182 nomine.

205 2213 333 2253 Haec
366 2220 494 2262 sunt,
531 2224 757 2265 perquam
791 2212 1088 2252 obseruande
1124 2212 1282 2262 Pater,
1321 2225 1442 2264 quae
1476 2213 1613 2253 modo
1649 2214 1761 2253 mihi

125 2294 380 2325 occurrunt
398 2284 660 2334 scribenda,
685 2291 782 2324 tum
813 2284 868 2323 de
904 2295 954 2322 re
985 2283 1208 2334 literaria,
1240 2289 1338 2323 tum
1366 2284 1421 2324 de
1443 2291 1759 2324 sacramento-

130 2367 233 2395 rum
255 2355 528 2405 rationibus,
558 2360 655 2395 tum
687 2354 743 2394 de
771 2353 821 2393 P.
855 2354 1071 2394 Rectoris
1107 2354 1345 2394 laboribus
1371 2354 1419 2394 in
1440 2354 1760 2396 iurisdictione

132 2426 444 2477 peragranda;
481 2426 528 2465 in
562 2425 726 2477 quibus
762 2425 949 2477 quidem
985 2425 1144 2475 rebus,
1180 2436 1219 2464 s1
1254 2425 1504 2476 quicquam
1541 2432 1611 2466 est
1645 2426 1762 2466 bene

131 2504 316 2547 gestum
332 2497 559 2548 laudeque
581 2496 789 2547 dignum,
814 2495 858 2535 id
881 2495 982 2535 Deo
1000 2495 1174 2546 optimo
1196 2496 1403 2536 maximo
1427 2502 1673 2548 acceptum
1694 2508 1760 2536 re-

128 2567 336 2617 ferimus,
360 2579 387 2607 a
409 2579 497 2618 quo
518 2579 610 2607 uno
632 2568 783 2607 omnis
800 2567 948 2606 uirtus
964 2566 1099 2606 nobis
1112 2565 1436 2617 proficiscitur,
1459 2579 1485 2607 a
1504 2579 1593 2618 quo
1616 2568 1762 2607 etiam

130 2640 326 2690 supplex
347 2650 512 2690 precor
540 2638 706 2678 mentis
741 2649 920 2688 pacem,
954 2644 998 2676 et
1027 2637 1250 2677 virtutem
1271 2649 1362 2688 quo
1388 2637 1509 2678 illius
1543 2644 1756 2678 sanctam

130 2720 445 2759 agnoscamus
466 2711 768 2757 uoluntatem,
804 2708 862 2747 ad
882 2708 1100 2758 illamque
1131 2719 1218 2747 nos
1247 2714 1372 2748 totos
1394 2720 1632 2759 nunquam
1670 2719 1763 2748 non

136 2779 423 2831 effingamus.
449 2779 582 2820 Vale.

220 2851 267 2890 19
288 2851 509 2890 calendas
529 2850 772 2890 Februarii
798 2849 911 2889 1556.

215 2921 468 2969 Bononiae,
491 2933 515 2961 e
537 2920 744 2971 Collegio
766 2920 1013 2960 Societatis
1033 2920 1158 2972 Jesu.

216 2992 565 3044 Superscm'ptz'o
595 2993 644 3031 in
674 2996 841 3031 octava
867 2991 1195 3041 pagz'na.·†A1
1212 2993 1353 3033 molto
1374 2993 1476 3033 Η.ᾶο
1507 2994 1550 3032 in
1573 2992 1763 3034 Christo
