2020 3342
886 276 970 317 AN.
1001 276 1091 317 1556
1729 278 1797 319 319

178 382 281 414 rum
303 372 312 392 ¹
336 372 526 415 Patrum
546 374 593 415 in
614 375 973 427 confesionibus,
1000 376 1301 417 concionibus
1323 381 1367 416 et
1383 376 1613 428 frequenti
1630 376 1796 418 Sacra-

178 450 439 486 mentorum
461 432 878 497 administratione,
903 447 1088 488 vineam
1118 447 1307 488 Domini
1333 447 1519 498 excolit,
1548 448 1797 499 extirpatis

177 515 410 567 plerisque
432 517 853 568 superstitionibuS,
885 518 940 558 iis
968 519 1186 570 maxime,
1218 530 1334 571 quas
1368 519 1412 558 in
1444 519 1569 559 luctu
1597 518 1794 570 funebri,

178 586 421 627 evulsione
443 588 733 640 capillorum,
757 589 1153 641 vngulationibus,
1176 589 1387 630 muliebri
1418 590 1607 641 eiulatu,
1635 589 1797 641 praefi-

177 668 338 698 carum
359 659 712 710 conuocatione,
737 664 874 710 atque
895 659 997 699 aliis
1019 660 1063 700 id
1084 671 1232 711 genus
1253 660 1546 711 idololatriis,
1567 672 1685 712 quae
1701 666 1797 701 tam

177 728 295 768 altas
329 728 511 769 radices
545 729 758 780 fixerant,
795 735 845 770 vt
880 736 983 781 post
1020 737 1217 771 mortem
1251 731 1453 783 proximi
1480 731 1687 783 parentis
1718 732 1797 772 ali·

176 799 361 850 quando
382 811 466 851 per
486 805 634 841 totum
655 812 828 840 annum
850 813 875 841 a
897 801 1046 841 sacris
1067 802 1374 842 abstinuerint
1391 802 1425 852 ²;
1445 813 1716 854 summaque
1734 802 1796 842 di-

177 869 368 920 ligentia
389 869 691 922 impetratum
712 877 795 922 est,
818 877 868 911 vt
888 871 982 911 iam
1004 883 1165 912 omnes
1186 872 1323 912 funus
1345 872 1623 913 comitentur
1644 879 1688 913 et
1719 885 1795 924 pa-

178 940 432 981 rentalibus
452 941 608 982 mariti
630 942 770 982 etiam
791 954 910 982 vxor
932 942 1126 991 intersit,
1146 943 1269 994 quod
1286 949 1392 983 ante
1410 943 1533 995 apud
1552 945 1654 984 illos
1671 944 1794 984 inau-

177 1010 323 1051 ditum
345 1017 466 1052 erat:
488 1011 594 1052 huic
616 1012 801 1053 iunctus
822 1012 1064 1054 Professor
1086 1019 1129 1053 et
1147 1013 1311 1054 litteris
1332 1019 1376 1054 ct
1397 1014 1567 1066 pietate
1589 1015 1796 1055 imbuere

169 1082 339 1132 pubem
361 1081 374 1100 ⁵
394 1082 570 1131 nititur,
590 1095 644 1124 ac
661 1084 922 1124 doctrinam
938 1084 1242 1125 christianam
1259 1086 1500 1136 praelegit.
1522 1085 1672 1137 Quam
1689 1092 1795 1126 ante

177 1153 352 1205 aliquot
373 1165 555 1194 menses
577 1155 623 1194 in
642 1155 858 1195 vndecim
879 1156 1124 1207 paroeciis,
1150 1167 1265 1207 quas
1286 1156 1425 1197 habet
1452 1156 1684 1208 Messana,
1717 1169 1794 1197 no-

175 1225 260 1264 stri
287 1226 446 1277 pueris
476 1226 712 1266 inculcare
740 1237 886 1278 vsque
918 1226 974 1267 ad
1007 1227 1220 1278 proxime
1250 1228 1432 1279 lapsum
1452 1228 1678 1280 Aprilem,
1701 1240 1794 1269 non

175 1297 346 1347 exiguo
367 1296 521 1338 fructu
542 1298 697 1338 conati
718 1303 838 1348 sunt,
862 1304 912 1338 vt
933 1298 1082 1338 maior
1103 1298 1199 1339 fere
1220 1309 1472 1349 puerorum
1500 1311 1610 1351 pars
1637 1311 1793 1351 quarn-

172 1367 371 1418 plurima
393 1369 658 1409 memoriter
680 1369 880 1410 recitare
902 1370 994 1409 iam
1024 1376 1199 1421 posset.
1238 1370 1311 1411 Ab
1347 1382 1400 1410 eo
1437 1382 1550 1411 vero
1585 1377 1793 1422 tempore

171 1450 338 1480 munus
359 1439 470 1480 illud
491 1440 686 1481 docendi
708 1453 734 1480 a
757 1441 938 1480 nostris
960 1441 1018 1481 ad
1041 1453 1150 1482 suos
1172 1441 1406 1482 Paroecos
1422 1441 1555 1482 R.1¹[¹us
1571 1442 1791 1483 Cardina-

169 1509 224 1549 lis
244 1508 260 1528 ⁴
280 1510 531 1551 transtulit
553 1509 581 1550 ⁵.

254 1580 377 1622 Ante
399 1582 573 1634 aliquot
595 1583 693 1623 dies
714 1582 902 1635 quidam
929 1595 988 1624 ex
1018 1585 1190 1624 nostris
1218 1583 1555 1633 sacerdotibus,
1585 1584 1788 1625 introdu-

171 1652 304 1693 cendi
338 1653 438 1694 eius
472 1654 615 1694 moris
647 1654 821 1706 gratia,
860 1666 997 1706 quem
1031 1655 1076 1695 in
1112 1655 1338 1695 tradenda
1377 1656 1535 1707 pueris
1574 1655 1788 1697 doctrina

170 1723 426 1764 christiana
449 1725 524 1765 hic
545 1725 791 1776 tenuimus,
817 1737 898 1776 per
920 1737 1081 1766 omnes
1102 1727 1416 1767 messanensis
1434 1727 1661 1767 dioecesis
1678 1728 1786 1768 ciui-

167 1801 286 1836 tates
307 1801 351 1836 et
372 1796 541 1847 oppida
564 1797 835 1847 celebriora,
860 1809 1053 1838 numero
1075 1798 1262 1838 omnino
1284 1797 1349 1849 43,
1373 1798 1542 1838 missus
1563 1804 1645 1838 est.
1670 1798 1784 1839 Nec·

167 1866 275 1906 dum
295 1866 370 1906 hic
393 1867 451 1907 ad
473 1878 559 1908 nos
580 1868 731 1908 rediit.
755 1868 803 1908 ld
825 1868 975 1920 ipsum
994 1875 1210 1919 coeptum
1227 1869 1271 1909 in
1291 1880 1581 1920 syracusana
1601 1870 1788 1911 ciuitate

171 1948 225 1976 ac
247 1937 596 1979 circumiacenti
623 1939 882 1991 territorio;
913 1951 1001 1990 qua
1031 1952 1088 1980 ex
1115 1951 1165 1980 re
1197 1952 1291 1980 non
1319 1941 1599 1981 mediocrem
1634 1953 1788 1993 spera-

168 2019 268 2048 mus
291 2008 551 2050 animarum
573 2010 795 2061 salutem3
818 2016 925 2050 sunt
947 2011 1069 2050 enirn
1090 2011 1169 2061 illi,
1194 2011 1358 2062 quibus
1390 2012 1690 2052 commissum
1719 2018 1788 2052 est

164 2079 417 2131 negotium,
438 2080 496 2120 ad
511 2081 622 2121 illud
640 2081 1129 2122 accommodatissimi.
1151 2081 1339 2122 Praeter
1358 2082 1404 2122 id
1420 2082 1573 2133 etiam,
1590 2083 1713 2134 quod
1732 2083 1791 2124 ad

165 2149 500 2202 diuulgandum
520 2152 566 2191 in
588 2152 675 2192 hoc
692 2163 838 2203 regno
855 2152 1102 2193 Societatis
1119 2153 1396 2205 institutum,
1415 2154 1497 2194 Vix
1514 2154 1605 2195 alia
1622 2155 1786 2195 melior

165 2222 428 2273 excogitari
448 2223 567 2263 ratio
590 2228 788 2274 poterat.

242 2292 344 2333 Non
364 2294 534 2333 multos
555 2299 662 2334 ante
684 2306 866 2335 menses
888 2295 1164 2335 Catanensis
1186 2294 1448 2348 Episcopus
1470 2295 1483 2314 ⁶
1502 2296 1561 2337 ad
1578 2295 1717 2337 Rflum
1742 2296 1788 2337 in

164 2362 350 2404 Christo
368 2364 553 2405 Patrem
570 2365 912 2406 Prouincialem
930 2366 942 2384 ⁷
960 2378 1052 2406 non
1070 2367 1212 2407 semel
1228 2367 1496 2418 scripserat,
1516 2373 1566 2408 vt
1585 2368 1787 2420 aliquem

164 2447 221 2476 ex
242 2435 416 2476 nostris
438 2436 496 2476 ad
517 2447 566 2476 se
588 2448 690 2477 eam
710 2437 757 2477 in
778 2437 940 2477 vrbem
963 2438 1179 2478 mitteret.
1205 2437 1375 2479 Missus
1397 2439 1503 2479 illuc
1525 2445 1594 2479 est
1614 2439 1663 2479 P.
1690 2439 1781 2480 An-

214 2620 224 2641 ¹
263 2618 454 2649 Tertiailia
468 2627 598 2656 manus,
613 2622 653 2649 de
669 2630 734 2657 qua
748 2629 861 2657 supr‚a
879 2630 956 2657 pag.
974 2623 1038 2657 318,
1054 2628 1167 2651 annot.
1184 2624 1208 2657 1,
1225 2623 1281 2651 hic
1298 2624 1538 2659 superscripsit
1565 2625 1653 2652 inter
1678 2623 1787 2653 lineas

152 2665 230 2703 fuit
247 2668 283 2695 Ρ.
299 2669 442 2702 Daniel,
456 2669 540 2701 scil..
555 2669 590 2697 Ρ.
606 2669 729 2697 Daniel
744 2670 976 2706 Paeybroeck.
993 2670 1080 2698 Vide
1095 2678 1210 2705 supra.
1227 2676 1250 2698 t.
1268 2678 1315 2705 111,
1331 2679 1409 2706 pag.
1423 2672 1488 2705 488,
1501 2677 1616 2702 annot.
1635 2674 1656 2708 1,
1674 2677 1706 2700 et
1723 2673 1784 2700 Po-

159 2722 257 2743 LANCi
274 2715 475 2749 Clzrochon
490 2720 515 2744 t.
530 2725 563 2751 v,
578 2722 657 2750 pag.
674 2716 734 2750 190,
750 2725 780 2744 n.
797 2717 859 2745 519.

211 2763 225 2783 2
262 2763 349 2790 Vide
364 2771 478 2798 supra,
491 2771 570 2798 pag.
589 2763 653 2791 301.

209 2809 223 2830 3
262 2811 492 2839 iuventutem.
509 2811 677 2838 Polancus
693 2812 726 2839 in
740 2812 849 2846 primo
864 2814 1031 2847 exemplo.

208 2858 223 2878 ⁴
258 2857 403 2891 Joannes
420 2858 576 2885 Andreas
590 2858 629 2885 de
644 2858 820 2891 Mercurio,
834 2859 1058 2888 Messanensis
1074 2860 1361 2895 Archiepiscopus
1376 2865 1408 2889 et
1426 2861 1631 2890 Cardinalis.

209 2904 223 2925 ὅ
261 2906 438 2933 Postrema
452 2906 538 2933 haec
552 2907 659 2933 verba
676 2906 722 2933 ita
737 2907 770 2933 in
784 2907 892 2941 primo
908 2909 1060 2942 exemplo
1077 2908 1271 2935 immutavit
1286 2909 1465 2937 Polancus:
1483 2917 1602 2937 munus
1625 2909 1705 2937 illud
1729 2909 1784 2937 do·

157 2952 253 2980 cendi
267 2953 309 2981 ad
324 2961 401 2981 suos
413 2953 586 2980 Parochos
602 2953 716 2981 Rmus.
731 2953 925 2982 Cardinalis
940 2955 1180 2990 transferens,
1196 2957 1335 2983 nostros
1350 2964 1387 2984 eo
1402 2965 1506 2984 onere
1520 2957 1666 2985 levavit.

208 2998 223 3020 ⁸
260 3000 421 3028 Nicolaus
443 3000 552 3028 Maria
576 2999 921 3030 Caraccioius.-Hic
944 3002 977 3029 in
1004 3003 1147 3030 alterius
1174 3004 1319 3038 exempli
1351 3012 1411 3031 ora
1435 3005 1572 3039 scripsit
1607 3005 1781 3034 Pomxcus

162 3048 307 3076 Catana.

210 3096 224 3115 ⁷
261 3096 296 3123 P.
314 3096 558 3132 Hieronymum
578 3095 782 3123 Domenech.
