2020 3342
609 228 837 264 ADDENDA
864 237 906 263 IN
933 235 1046 262 TOMO
1075 234 1268 262 SECUNDO
1679 220 1746 258 091

122 325 313 365 enimin
335 324 584 372 exercitiis,
607 323 793 374 plurimi
821 333 933 361 vero
956 333 1014 361 ex
1041 321 1141 360 sola
1167 331 1272 360 cum
1299 318 1521 358 fratribus
1558 328 1748 357 consue—

123 395 297 445 tudine,
316 400 525 434 nostram
542 394 718 444 eligunt
738 392 923 432 viuendi
940 392 1183 440 rationem3
1202 389 1284 429 sed
1301 388 1407 440 quia
1426 388 1489 438 (ut
1504 388 1570 427 sic
1588 399 1749 427 eorum

124 467 348 517 probetur
374 464 652 513 constantia)
688 475 782 503 non
819 463 978 502 statim
1012 461 1334 510 admittuntur,
1365 458 1627 508 discedunt,
1651 469 1750 508 spe-

126 543 285 576 rantes
306 536 352 576 id
373 547 421 575 se
443 535 692 586 aliquando
721 534 1006 582 obtenturos,
1038 531 1161 583 quod
1195 536 1438 581 tantopere
1466 528 1748 578 desiderant;

129 607 343 658 quamuis
378 606 519 645 etiam
546 606 638 645 sint
673 604 749 655 qui
785 604 844 643 ad
879 603 995 643 alias
1030 601 1281 653 religiones
1302 612 1351 640 se
1378 599 1635 647 conferunt,
1672 604 1752 638 aut

127 677 334 717 diutinae
355 677 649 727 impatientes
673 675 990 726 spectationis,
1016 679 1096 713 aut
1112 671 1236 724 quod
1256 683 1303 711 se
1326 682 1408 710 sua
1426 682 1506 722 spe
1528 670 1752 710 frustran-

126 746 213 787 dos
234 747 513 787 existiment.

207 817 348 858 Venit
370 817 428 857 ad
448 828 535 856 nos
559 828 707 867 nuper
728 815 969 856 Heremita
991 814 1195 865 quidam,
1228 824 1365 864 quem
1392 818 1520 852 tuam
1545 811 1752 851 Paterni-

126 893 271 928 tatem
292 899 429 928 nosse
450 888 681 927 existimo.
704 886 786 926 Est
804 886 927 926 enim
945 886 1023 936 qui
1039 884 1292 924 Maioricae
1318 883 1364 922 in
1381 894 1435 923 eo
1457 882 1618 922 habitu
1635 882 1754 921 vixit

129 971 276 1000 annos
297 960 468 1010 plures,
493 959 710 1009 domique
745 969 857 997 suae
887 957 1075 996 Patrem
1095 954 1308 995 Natalem
1329 966 1411 1005 per
1437 953 1624 1004 aliquod
1644 959 1754 993 tem-

130 1042 214 1082 pus
235 1030 409 1079 habuit,
443 1030 535 1069 imo
558 1035 602 1068 et
624 1040 673 1068 se
709 1028 846 1068 isthic
868 1027 1010 1067 fuisse
1046 1026 1199 1066 aiebat
1228 1032 1272 1065 et
1307 1037 1333 1064 a
1368 1030 1448 1064 tua
1468 1023 1755 1064 paternitate

129 1101 353 1142 exercitia
376 1101 630 1151 accepisse.
657 1099 700 1139 Is
719 1110 849 1149 ergo,
868 1109 974 1138 cum
997 1098 1172 1148 aliquot
1189 1097 1235 1136 in
1256 1096 1468 1136 lectionis
1485 1094 1720 1135 exercitiis
1745 1093 1754 1112 ¹

127 1173 228 1213 dies
248 1172 425 1219 fuisset,
451 1171 510 1210 ad
530 1170 812 1211 Societatem
837 1169 1018 1209 admitti
1039 1168 1184 1219 petiit,
1208 1174 1251 1206 et
1278 1167 1384 1218 quia
1407 1177 1481 1206 res
1509 1166 1567 1205 ad
1594 1165 1642 1205 P.
1666 1164 1754 1204 Na-

130 1245 271 1283 talem
293 1242 543 1282 deferenda
565 1247 680 1291 erat,
711 1240 769 1280 ad
802 1251 936 1280 suam
972 1245 1041 1279 est
1069 1238 1253 1278 interim
1288 1237 1582 1277 solitudinem
1605 1235 1757 1275 dimis-

129 1325 223 1364 sus;
247 1313 425 1353 habitat
456 1312 579 1351 enim
604 1312 660 1351 ab
696 1311 871 1362 aliquot
906 1310 1000 1350 iarn
1035 1309 1168 1349 annis
1202 1320 1346 1360 prope
1383 1307 1670 1358 Seguntiam,
1701 1305 1758 1346 de

129 1385 260 1425 cuius
281 1384 511 1436 probitate
535 1383 720 1433 (quippe
750 1393 888 1433 quem
917 1380 1119 1427 noueris)
1158 1391 1250 1419 non
1271 1385 1339 1418 est
1370 1378 1493 1430 quod
1527 1379 1670 1418 multa
1694 1377 1756 1417 di-

127 1467 247 1496 cam:
284 1454 395 1495 illud
429 1460 554 1494 certe
589 1455 634 1493 in
670 1465 724 1493 eo
759 1452 1067 1492 admiratione
1100 1450 1291 1501 dignum
1323 1449 1460 1501 quod,
1498 1460 1603 1488 cum
1624 1453 1755 1488 tanto

127 1532 337 1576 tempore
358 1537 469 1565 suus
496 1525 681 1573 vixerit,
723 1524 790 1563 sic
813 1523 938 1562 sitiat
975 1521 1264 1561 obedientiae
1291 1521 1510 1560 uirtutem
1538 1520 1758 1570 malitque

128 1597 250 1637 hanc
271 1608 412 1647 quam
434 1595 731 1635 solitudinem
759 1594 883 1633 illam
919 1593 1255 1644 pristinamque
1290 1591 1477 1630 uiuendi
1511 1590 1756 1640 rationem,

127 1668 299 1719 alioqui
321 1668 543 1718 optimam
565 1672 608 1705 et
632 1666 672 1705 ei
692 1664 1090 1705 iucundissimam:
1114 1669 1182 1702 est
1209 1664 1248 1702 is
1275 1662 1443 1702 nobilis
1459 1672 1648 1712 genere,
1672 1659 1755 1700 sed

131 1739 304 1779 virtute
331 1737 543 1777 nobilior.
760 1739 766 1743 '

208 1809 314 1849 Fuit
345 1819 504 1848 mense
526 1806 789 1858 Septembri
811 1805 824 1824 ²
847 1806 923 1846 hic
944 1817 1050 1846 cum
1070 1816 1234 1844 socero
1258 1815 1357 1853 su0,
1383 1803 1562 1843 Comite
1591 1802 1646 1842 de
1667 1801 1759 1842 Me-

128 1880 225 1929 lito,
249 1879 355 1930 Ruy
379 1878 575 1928 Gome2‚
607 1889 697 1929 quo
734 1878 873 1917 etiam
908 1883 1115 1927 tempore
1137 1875 1222 1915 fuit
1244 1881 1288 1914 et
1322 1874 1446 1924 apud
1472 1884 1557 1913 nos
1577 1872 1626 1913 Ρ.
1651 1871 1761 1912 Pro-

131 1950 358 1999 uincialis,
386 1960 589 2000 quocum
626 1948 820 1998 singulis
855 1947 929 1986 ille
957 1947 1053 1986 fere
1082 1946 1244 2003 dieb-us
1272 1956 1347 1985 res
1372 1943 1564 1984 maximi
1592 1942 1760 1994 ponde—

128 2022 194 2062 ris
217 2023 282 2070 (ut
305 2033 363 2060 ex
385 2020 552 2071 quibus
579 2018 779 2069 pendeat
815 2018 955 2057 totius
985 2017 1136 2067 Regni
1163 2015 1422 2055 communis
1451 2014 1642 2064 utilitas)
1666 2020 1763 2054 toto

130 2093 206 2132 illo
235 2099 448 2143 tempore
487 2090 726 2139 tractauit3
763 2089 902 2128 habet
937 2088 1059 2128 enirn
1088 2087 1225 2127 Pater
1256 2086 1380 2137 apud
1409 2086 1575 2137 ipsum,
1605 2085 1697 2125 imo
1719 2093 1763 2125 et

130 2162 253 2215 apud
275 2162 549 2214 principem,
574 2160 826 2211 plurimum
858 2158 1172 2207 authoritatis,
1201 2157 1399 2208 ideoque
1426 2156 1525 2196 eius
1547 2162 1590 2195 et
1616 2155 1762 2195 consi-

129 2234 240 2274 lium
262 2240 306 2273 et
335 2232 564 2273 sententia
599 2230 788 2282 plurimi
821 2230 884 2279 fit,
910 2241 967 2269 ex
1002 2240 1093 2280 quo
1128 2240 1220 2268 non
1255 2227 1486 2267 modicum
1516 2226 1695 2266 fructus
1717 2227 1764 2265 in

131 2305 333 2345 Domino
358 2309 588 2355 speratur,
614 2302 661 2341 in
682 2301 755 2340 his
776 2300 1069 2352 praesertim,
1094 2310 1211 2350 quae
1235 2297 1292 2337 ad
1314 2299 1447 2348 regni
1467 2297 1745 2348 gubernatio

131 2387 238 2416 nem
260 2384 598 2424 munerumque
617 2379 659 2412 et
677 2371 1007 2411 beneficiorum
1025 2369 1397 2410 distributionem
1415 2373 1642 2419 spectant,
1658 2378 1764 2408 curn

132 2447 191 2486 sit
213 2447 330 2486 haec
364 2457 453 2485 una
482 2456 558 2484 res
586 2455 720 2495 quae,
745 2449 809 2492 ut,
846 2442 886 2482 si
913 2453 1158 2493 perperam
1180 2441 1274 2489 fiat,
1304 2440 1459 2479 omnia
1480 2439 1762 2490 pessumdet,

134 2519 214 2567 ita,
239 2517 278 2557 si
306 2523 354 2556 ut
391 2516 540 2564 debet,
579 2519 811 2554 restauret
846 2519 1030 2563 cuncta3
1064 2524 1184 2561 cum,
1223 2511 1415 2560 scilicet,
1451 2511 1568 2549 tales
1603 2509 1764 2560 praefi-

132 2589 317 2629 ciuntur
338 2587 384 2626 in
409 2585 828 2634 administratione,
853 2595 1048 2635 quorum
1069 2583 1127 2623 sit
1149 2589 1193 2622 et
1214 2581 1634 2632 irreprehensibilis
1662 2580 1762 2620 vita

131 2665 176 2699 et
196 2669 350 2698 mores
379 2656 563 2706 integri,
589 2656 637 2695 in
663 2655 828 2706 quibus
856 2666 941 2694 nec
963 2654 1022 2694 sit
1043 2665 1133 2705 quo
1163 2665 1247 2692 sua
1278 2651 1449 2691 subditi
1488 2651 1666 2701 flagitia
1690 2651 1763 2690 de-

130 2729 340 2779 fendant,
364 2739 449 2768 nec
472 2727 589 2767 desit
612 2726 800 2765 virtutis
822 2724 835 2743 ³
858 2725 1136 2775 exemplum.

185 2843 192 2860 ἱ
233 2841 270 2867 In
286 2840 458 2867 exercitiis
475 2839 618 2871 scilicet,
634 2845 693 2865 seu
708 2836 996 2869 meditationibu3‚
1009 2843 1095 2870 quae
1110 2836 1153 2863 ad
1169 2835 1372 2862 electionem
1386 2832 1702 2868 rectefacz‘endam
1715 2832 1761 2859 in-

131 2888 332 2916 stituuntur.

182 2936 196 2954 2
235 2935 271 2962 [n
287 2935 438 2968 hispanis
453 2933 579 2960 litteris
599 2933 787 2966 scripserat
802 2930 880 2958 Saa:
894 2938 936 2957 en
951 2931 982 2958 el
998 2938 1072 2958 mes
1086 2931 1128 2957 de
1146 2930 1304 2957 Octnbre.
1321 2929 1440 2962 Supra,
1458 2933 1482 2955 t.
1498 2935 1531 2957 11.
1548 2935 1626 2961 pag.
1643 2927 1708 2955 502.

184 2983 198 3002 3
235 2982 301 3010 Ubi
319 2983 381 3009 hos
396 2981 574 3008 scribimus
598 2980 756 3011 virtutis1
779 2979 1016 3013 apographum
1037 2979 1140 3005 habet
1163 2978 1321 3012 quiddam
1344 2977 1452 3003 simile
1480 2975 1663 3007 ntt'ctam's,
1679 2974 1768 3009 quod

130 3030 238 3057 etiam
254 3030 419 3063 scriptum
436 3029 544 3055 videri
561 3032 672 3062 potest
689 3034 749 3061 pro
765 3027 936 3053 imitandi
947 3032 1005 3054 aut
1021 3026 1248 3054 z‘mztattonis.
