2020 3342
255 238 326 275 594
772 240 998 276 LITTERAE
1026 250 1387 282 QUADRIMESTRES

257 335 330 375 bis
356 347 382 374 a
410 336 551 375 nobili
582 335 781 386 quadam
816 341 1029 374 matrona
1065 334 1262 385 donata,
1296 347 1415 386 quae
1443 337 1566 388 quod
1603 338 1650 377 111
1679 339 1892 388 proximo

262 401 351 446 sita
372 407 444 454 sit,
470 407 717 457 plurimum
748 410 791 444 et
820 405 1075 455 uoluptatis
1103 412 1147 445 et
1177 407 1391 446 utilitatis
1418 407 1554 447 simul
1581 408 1785 448 familiae
1815 421 1892 449 no-

263 484 389 517 strae
411 477 498 516 hoc
521 483 743 516 autumno
772 477 938 516 attulit.

341 547 444 599 Jam
478 559 535 587 ne
574 554 668 586 tam
708 548 852 586 multa
888 547 1133 587 commoda
1164 547 1348 587 'frustra
1387 548 1601 600 impensa
1630 549 1890 598 uideantur,

256 622 425 670 patres
451 622 493 657 et
512 618 706 667 fratres
737 616 745 635 ¹
775 629 936 657 omnes
957 618 1101 657 animi
1134 629 1306 658 neruos
1342 626 1387 658 et
1410 620 1536 659 uires
1569 620 1813 661 intendunt
1843 628 1891 661 ut

265 689 425 740 aliqua
451 688 621 728 saltem
647 700 710 727 ex
730 693 871 739 parte
904 695 947 728 et
982 700 1094 728 suae
1129 689 1412 740 professioni
1435 696 1478 729 et
1506 689 1652 730 Ducis
1684 691 1817 731 simul
1848 698 1891 731 et

264 760 436 800 ciuium
457 760 662 799 omnium
684 759 738 799 de
760 759 892 799 nobis
915 760 1230 810 expectationi
1252 760 1386 811 (quae
1415 761 1599 811 quidem
1629 773 1722 801 non
1743 773 1890 813 parua

265 832 349 879 est)
372 830 583 870 satisfiat.
607 830 708 881 Qua
730 831 785 870 de
807 841 948 870 causa
970 830 1146 870 factum
1169 837 1238 870 est
1262 837 1310 870 ut
1333 831 1459 871 feriis
1480 831 1608 871 hisce
1640 832 1892 872 vindemia-

266 902 407 951 libus,
449 901 615 952 quibus
653 901 850 940 caeteris
889 912 915 940 a
955 901 1229 941 lectionibus
1269 902 1573 952 supersedere
1613 903 1891 953 permissum

267 979 391 1021 erat,
415 972 705 1022 professores
725 971 871 1011 nostri
892 972 977 1011 soli
1002 972 1206 1011 omnium
1230 972 1442 1022 legerint.
1466 972 1692 1012 Inchoata
1720 979 1827 1013 sunt
1847 981 1891 1013 et

267 1050 364 1083 tum
387 1042 610 1093 temporis
631 1042 783 1081 studia
807 1041 1057 1082 Hebraiea.

348 1113 434 1153 Per
456 1113 577 1153 idem
599 1113 738 1152 etiam
759 1120 942 1164 tempus
962 1112 1143 1153 Doctor
1165 1113 1377 1153 Couillon
1399 1118 1412 1136 ²
1439 1125 1545 1153 cum
1575 1114 1664 1153 alio
1693 1114 1895 1164 quodam

269 1185 410 1224 latine
439 1183 453 1202 ⁵
489 1184 757 1223 concionari
786 1184 952 1234 coepit.
984 1183 1250 1235 Coeperunt
1277 1190 1321 1224 et
1348 1184 1438 1224 duo
1473 1185 1552 1224 alii
1580 1185 1816 1235 germani,
1849 1185 1894 1224 in

271 1256 406 1307 pagis
426 1255 632 1294 finitimis
654 1254 846 1294 uerbum
869 1254 955 1293 Dei
985 1255 1231 1294 seminare.
1261 1254 1465 1306 Reliqui,
1490 1255 1566 1306 qui
1593 1267 1686 1295 non
1714 1256 1895 1295 concio-

271 1333 456 1373 nantur,
489 1333 567 1366 aut
594 1326 813 1376 priuatim
840 1325 1086 1374 docentur,
1121 1332 1200 1365 aut
1228 1327 1424 1377 publicis
1459 1327 1784 1377 theologorum
1819 1338 1897 1365 no-

272 1405 477 1437 strorum
498 1397 771 1437 lectionibus
794 1397 1038 1436 intersunt.
1064 1395 1113 1436 In
1142 1397 1410 1436 uniuersum
1439 1409 1599 1437 omnes
1620 1404 1663 1436 et
1685 1397 1731 1437 in
1753 1397 1897 1437 literis

273 1476 315 1508 et
338 1469 383 1508 in
405 1468 567 1519 spiritu
588 1468 718 1507 iuxta
741 1478 1018 1517 progressus
1046 1467 1236 1507 faciunt.
1268 1467 1384 1507 Tres
1411 1468 1502 1508 iarn
1534 1469 1745 1519 proxime
1771 1480 1896 1508 man-

275 1540 417 1591 cipati
437 1545 542 1579 sunt
563 1538 787 1578 iuuentuti
811 1538 1133 1588 instruendae,
1157 1539 1279 1588 quod
1297 1543 1492 1588 praeter
1523 1550 1706 1578 omnem
1734 1538 1748 1556 ⁴
1768 1550 1897 1590 spem

275 1611 450 1660 euenit3
474 1622 565 1650 non
588 1610 709 1649 enim
731 1616 829 1648 erat
852 1610 941 1648 ulla
965 1620 1073 1659 spes
1093 1610 1281 1648 scholae
1304 1610 1392 1648 hae
1414 1610 1565 1649 hieme
1595 1609 1893 1660 aperiundae3

275 1693 440 1722 verum
462 1680 688 1720 Dominus
709 1680 856 1719 medio
879 1691 964 1719 Suo
986 1680 1304 1719 instrumento
1322 1680 1521 1720 Rectore
1543 1687 1702 1720 nostro
1724 1688 1767 1720 et
1789 1683 1898 1720 ami-

277 1753 344 1793 eis
361 1752 542 1792 nostris
564 1751 577 1770 ⁵
608 1759 736 1791 tanto
757 1752 878 1790 bono
902 1758 945 1790 et
966 1751 1118 1791 fructu
1141 1763 1225 1790 nos
1253 1759 1295 1790 et
1318 1752 1603 1791 iuuentutem
1624 1752 1772 1802 ipsam
1805 1751 1897 1791 diu-

277 1825 368 1863 tius
390 1823 608 1863 frustrari
629 1822 788 1862 noluit.
809 1822 1007 1861 Habitae
1036 1828 1142 1861 sunt
1164 1829 1207 1861 et
1229 1830 1324 1861 tres
1346 1823 1580 1862 orationes
1601 1829 1707 1862 ante
1728 1822 1898 1862 studio-

278 1907 381 1935 rum
410 1895 560 1944 initia‚
585 1900 628 1933 et
654 1893 839 1944 quidem
860 1892 1145 1943 amplissimo
1174 1893 1440 1932 auditorum
1462 1904 1683 1932 consessu
1713 1904 1903 1944 perora·v

279 1973 367 2006 tae.
400 1965 678 2005 Benedictus
705 1963 834 2003 Deus
859 1964 905 2003 in
928 1964 1155 2003 omnibus.

359 2037 479 2077 Pace
507 2043 550 2075 et
577 2036 910 2086 tranquillitate
940 2047 1031 2074 non
1059 2036 1207 2074 solum
1238 2035 1515 2083 domestica,
1547 2035 1628 2074 sed
1655 2035 1794 2074 etiam
1822 2046 1899 2085 pu-

279 2109 420 2158 blica,
452 2107 646 2147 fruimur
673 2116 873 2155 summa3
901 2105 989 2145 nisi
1017 2105 1139 2156 quod
1170 2106 1406 2154 haeretici,
1432 2117 1626 2156 quorum
1654 2105 1729 2144 hic
1757 2105 1897 2144 maxi·

280 2191 383 2219 mus
417 2185 486 2218 est
516 2184 789 2228 prouentus,
828 2176 949 2225 odio,
989 2177 1170 2216 occulto
1209 2182 1388 2223 tamen,
1426 2187 1511 2215 nos
1539 2181 1896 2227 prosequantur.

282 2249 575 2301 Spargebant
596 2248 796 2299 primum
816 2248 1129 2295 rumusculos,
1158 2245 1300 2285 semel
1327 2246 1478 2286 minus
1509 2246 1748 2294 dexteros,
1773 2245 1906 2285 dicti—

281 2328 433 2361 tantes
453 2326 719 2359 nostrorum
742 2318 858 2357 alios
878 2317 1149 2368 prostibulis
1179 2323 1437 2367 extractos,
1461 2316 1579 2356 alios
1609 2327 1808 2356 excusso
1831 2327 1899 2356 re-

280 2392 467 2443 ligionis
488 2391 597 2441 iugo
617 2389 786 2429 abiisse
806 2388 843 2438 ⁴³,·
864 2389 1048 2428 demum
1069 2395 1275 2438 nostros,
1298 2388 1403 2428 lieet
1432 2388 1552 2428 inter
1572 2387 1774 2438 parietes
1793 2399 1898 2427 con-

282 2465 531 2511 tineantur,
556 2461 708 2500 omnia
732 2466 886 2499 tamen
906 2470 1043 2499 saera
1072 2465 1115 2498 et
1144 2458 1342 2510 profana
1363 2470 1447 2509 pro
1469 2458 1661 2498 arbitrio
1691 2469 1776 2498 suo
1807 2469 1899 2497 mo-

283 2534 437 2574 derari
458 2533 590 2571 uelle.
614 2530 810 2570 Habitae
831 2536 937 2570 sunt
958 2530 1015 2568 ab
1037 2529 1125 2568 hoc
1155 2529 1396 2568 hominum
1423 2540 1596 2579 genere
1624 2529 1804 2580 publice
1826 2528 1898 2568 de-

283 2604 610 2652 clamationes,
634 2608 711 2641 aut
734 2601 887 2651 potius
907 2600 1185 2639 insectiones
1208 2599 1242 2648 ⁷,
1271 2600 1435 2650 quibus
1466 2600 1728 2639 clanculum
1748 2598 1903 2639 studia

338 2764 348 2784 ¹
390 2764 455 2790 nri.
478 2763 627 2795 (nostri).
643 2762 827 2788 PorAxcus.

337 2812 351 2831 2
390 2811 424 2838 P.
440 2810 499 2837 Dr.
513 2809 660 2842 joannes
676 2807 885 2835 Cuvillonius
896 2806 1110 2839 (Couvillon).

336 2860 350 2879 5
389 2866 462 2885 cum
476 2858 543 2884 alio
558 2857 600 2883 tie
616 2857 748 2882 nostris
761 2855 867 2882 latine
884 2854 1102 2881 alternatim.
1120 2854 1304 2881 PotAxcus.

336 2906 351 2926 ⁴
388 2912 518 2933 omnem
532 2905 688 2938 praeter.
705 2903 753 2929 1¹³.

339 2954 352 2974 5
390 2957 495 2987 opera
510 2951 673 2978 Rectoris
686 2952 842 2977 nostriet
858 2949 1122 2977 amicorum.1o.

336 2999 352 3019 ὅ
389 3000 455 3027 huc
470 2998 626 3031 venisses
642 2997 716 3024 alii.
732 2997 779 3024 ID.

338 3048 350 3067 7
389 3046 615 3074 invectiones.
633 3045 710 3071 Alia
726 3051 843 3071 manus
858 3051 877 3070 a
894 3044 1045 3070 Polanei.
