2020 3342
287 215 357 253 466
796 213 1021 250 LirrffRAE
1048 224 1406 256 QUADRIMESTRES

287 312 394 352 dum
408 312 640 363 quoddam
652 312 770 350 inter
784 310 1034 360 praecipua
1051 308 1184 360 hujus
1198 310 1331 360 regni
1345 310 1438 358 (vbi
1451 310 1701 350 seminaret
1716 312 1911 351 verbum

285 382 389 433 Dei)
412 383 652 422 inuiseret:
677 381 797 432 quod
819 388 863 420 et
883 379 1006 430 fecit,
1031 387 1075 420 et
1095 381 1161 420 ita
1181 381 1378 431 populus
1399 392 1458 420 ex
1479 379 1577 430 ejus
1605 381 1910 422 concionibus

287 459 438 493 motus
459 453 563 500 fuit,
588 459 638 491 vt
661 452 717 491 ad
740 463 811 491 me
832 452 1015 491 litterae
1036 452 1221 491 nomine
1238 450 1408 502 judicis
1428 458 1473 490 et
1497 451 1681 491 concilii
1701 450 1908 502 ejusdem

287 525 442 575 oppidi
471 524 787 572 mitterentur,
823 523 988 573 quibus
1017 523 1185 562 obnixe
1213 523 1432 573 petebant
1461 528 1511 562 vt
1543 522 1681 562 Pater
1702 535 1783 574 per
1811 524 1908 563 lon-

283 596 388 646 gius
410 600 584 634 statuto
606 594 693 633 sibi
714 599 921 643 tempore
943 600 1206 632 moraretur
1222 593 1405 633 ibidem.
1440 593 1592 633 Credo
1614 594 1827 645 equidem
1849 606 1908 634 ex

284 665 544 716 hujusmodi
566 676 615 704 re
637 664 908 715 obsequium
930 664 1029 703 Deo
1051 664 1224 714 optimo
1245 664 1521 715 praestitum
1541 664 1683 704 fuisse
1704 676 1797 704 non
1818 676 1915 704 me-

282 736 454 776 diocre.
473 735 763 775 Audiebatur
781 746 862 784 per
883 735 985 773 vias
1002 735 1172 785 oppidi:
1199 733 1385 774 “Nonne
1407 735 1492 774 iste
1510 741 1579 774 est
1600 747 1658 774 ex
1674 735 1777 785 illis,
1793 747 1908 786 quos

281 807 584 847 audiebamus
600 806 647 845 in
665 805 815 845 Deum
833 817 924 844 non
942 805 1147 854 credere,
1168 812 1212 845 et
1230 817 1353 845 noua
1375 806 1604 857 quaedam
1622 805 1680 844 ad
1696 817 1781 846 nos
1803 806 1907 846 affe-

281 879 376 918 rre?
396 876 625 928 quomodo
648 887 761 926 ergo
784 877 1106 926 euangelicam
1128 878 1190 915 ita
1213 876 1343 916 nobis
1365 876 1578 916 edisserit
1600 876 1904 926 doctrinam?‚⁷

282 949 339 988 Et
357 949 445 988 alia
465 947 727 988 huiusmodi
745 947 1037 987 dictitabant.
1063 946 1308 998 Perplures
1330 946 1457 986 Patri
1477 954 1669 998 peccata
1691 959 1774 987 sua
1800 959 1905 987 con-

280 1020 391 1059 fessi
408 1025 529 1068 sunt,
545 1025 589 1058 et
606 1019 697 1058 alia
715 1018 899 1067 ibidem,
916 1017 1102 1057 fauente
1119 1017 1335 1065 Domino,
1356 1029 1497 1068 opera
1516 1018 1760 1057 charitatis
1778 1030 1905 1057 exer-

282 1091 389 1130 cuit.
412 1089 570 1129 Vnum
592 1101 682 1129 non
715 1089 1098 1139 praetermittam,
1124 1089 1246 1139 quod
1270 1089 1360 1127 illic
1382 1088 1509 1127 Deus
1531 1088 1679 1127 voluit
1699 1089 1902 1128 euenire.

357 1161 523 1201 Frater
554 1160 742 1211 quidam
765 1172 822 1200 ex
845 1159 1141 1199 obseruantia
1172 1159 1301 1199 Beati
1328 1158 1572 1198 Francisci
1599 1160 1644 1198 in
1675 1159 1763 1199 hac
1789 1159 1904 1199 vrbe

280 1232 442 1284 paucis
477 1231 644 1271 abhinc
673 1231 910 1270 mensibus
938 1230 982 1269 in
1011 1236 1244 1269 conuentu
1274 1230 1477 1281 quodam
1512 1230 1781 1270 monialium
1812 1241 1903 1270 ser-

278 1314 462 1343 monem
484 1302 659 1351 habuit,
684 1308 820 1353 atque
843 1302 888 1341 in
917 1313 971 1341 eo
994 1302 1104 1340 talia
1133 1301 1178 1339 in
1205 1312 1289 1340 nos
1310 1301 1454 1340 verba
1477 1300 1599 1350 fecit,
1623 1307 1669 1340 vt
1696 1301 1903 1341 nonnulli

279 1385 337 1414 ex
366 1373 655 1414 auditoribus
683 1373 782 1424 (qui
811 1373 943 1412 nobis
971 1372 1125 1411 deuoti
1154 1372 1280 1420 sunt)
1304 1372 1366 1411 ita
1396 1372 1441 1411 in
1469 1384 1572 1412 eum
1600 1372 1903 1412 vehementer

278 1445 559 1493 exarserint,
591 1444 712 1495 quod
740 1454 984 1483 necessum
1012 1442 1123 1482 mihi
1151 1442 1288 1482 fuerit
1318 1443 1545 1482 instanter
1567 1454 1735 1493 rogare
1763 1449 1812 1482 vt
1845 1443 1902 1482 ab

275 1515 515 1556 inferenda
538 1516 602 1555 illi
624 1515 897 1554 desisterent
920 1514 1146 1561 molestia;
1172 1514 1292 1564 quod
1310 1520 1353 1553 et
1371 1514 1561 1553 obtinui:
1581 1514 1619 1553 is
1636 1514 1819 1564 quidem
1843 1514 1902 1553 ad

277 1586 495 1637 oppidum
517 1586 700 1626 deuenit
723 1586 998 1637 praefatum,
1035 1591 1082 1624 vt
1103 1585 1308 1624 triticum
1341 1584 1478 1635 (quod
1507 1591 1712 1635 tempore
1732 1585 1901 1624 messis

276 1670 303 1696 a
324 1657 543 1697 fratribus
566 1658 657 1707 peti
680 1657 809 1705 solet)
834 1668 891 1695 ex
912 1655 1203 1695 eleemosinis
1224 1656 1516 1705 recolligeret
1540 1656 1587 1694 in
1603 1656 1898 1696 sustentatio-

276 1740 380 1768 nem
402 1728 566 1767 domus
587 1739 720 1777 suae,
749 1733 793 1766 et
814 1734 864 1766 vt
886 1726 1067 1778 publice
1089 1727 1259 1777 populo
1283 1737 1388 1766 cum
1409 1727 1625 1777 precibus
1647 1733 1900 1777 exponeret

274 1799 336 1848 id,
360 1799 490 1838 cuius
512 1810 653 1838 causa
676 1799 782 1837 illuc
805 1805 1090 1846 accesserat,
1115 1797 1161 1836 in
1188 1797 1401 1847 proximo
1427 1797 1547 1837 festo
1577 1797 1766 1848 optabat
1793 1809 1898 1837 con·

275 1870 468 1910 cionari:
492 1870 735 1919 sciensque
757 1868 942 1908 Patrem
971 1867 1331 1908 Santanderiurn
1352 1880 1405 1907 eo
1434 1869 1506 1908 die
1532 1869 1729 1919 primam
1751 1868 1899 1908 eidem

276 1941 445 1992 populo
467 1940 699 1980 facturum
721 1951 822 1979 esse
844 1940 1130 1987 concionem,
1160 1951 1265 1978 eum
1293 1940 1338 1979 in
1367 1940 1503 1979 domo
1532 1951 1787 1990 pauperum
1807 1940 1897 1978 exi-

274 2018 471 2052 stentem
502 2011 733 2050 conuenit:
768 2011 1055 2061 propositum
1088 2011 1175 2061 ipsi
1209 2017 1460 2061 votumque
1495 2010 1738 2060 expressit,
1775 2021 1900 2049 noua

275 2082 523 2122 ostendens
544 2082 778 2121 amicitiae
810 2082 960 2131 signa.
986 2080 1120 2120 Votis
1142 2080 1277 2120 Pater
1300 2081 1602 2120 libentissime
1630 2081 1806 2123 annuit.
1830 2088 1895 2132 vt,

275 2156 378 2193 loco
401 2153 617 2192 videlicet
638 2153 752 2201 eius,
783 2152 924 2191 frater
953 2152 1025 2191 ille
1054 2154 1223 2202 populo
1253 2153 1446 2191 verbum
1475 2150 1559 2190 Dei
1590 2151 1896 2202 praedicaret:

276 2224 397 2274 quod
432 2225 529 2275 ipse
564 2224 749 2263 admisit
785 2235 890 2262 cum
924 2223 1098 2262 laetitia
1134 2231 1177 2262 et
1212 2223 1526 2272 gratulatione
1563 2208 1652 2261 non
1689 2223 1893 2262 minima.

273 2295 476 2335 Aduenit
496 2294 691 2334 festinus
713 2293 825 2333 dies:
846 2295 1089 2344 pergulam
1109 2294 1379 2333 conscendit
1397 2294 1553 2342 frater,
1572 2300 1711 2344 atque
1732 2293 1895 2343 inipso

274 2366 429 2405 statim
452 2366 679 2404 sermonis
701 2365 830 2404 initio
853 2364 963 2404 talia
982 2364 1133 2414 coepit
1152 2365 1320 2414 populo
1338 2363 1393 2403 de
1410 2364 1548 2403 Patre
1565 2363 1892 2412 Santanderio,

275 2444 316 2475 et
339 2437 394 2476 de
416 2435 514 2486 ejus
535 2436 710 2475 scilicet
738 2435 1012 2483 humilitate,
1037 2434 1265 2482 doctrina,
1292 2441 1336 2473 et
1366 2435 1412 2473 in
1441 2434 1762 2474 concionando
1786 2434 1893 2473 dex·

273 2507 471 2555 teritate,
489 2507 784 2557 praedicare,
808 2513 857 2545 vt
888 2512 931 2544 et
960 2506 1255 2544 audientibus
1283 2505 1580 2544 admirationi
1609 2512 1652 2545 et
1683 2505 1893 2545 aedifica-

262 2578 397 2626 tioni,
422 2584 465 2617 et
487 2577 612 2616 Patri
634 2577 727 2628 (qui
757 2582 801 2616 et
829 2587 1051 2627 praesens
1079 2578 1195 2623 erat)
1229 2576 1489 2615 confusioni
1511 2583 1554 2615 et
1582 2576 1893 2616 verecundiae

271 2648 412 2687 fuisse
439 2660 531 2687 non
559 2648 760 2687 dubites:
797 2659 945 2698 neque
982 2647 1027 2686 id
1057 2645 1258 2686 creditur
1286 2647 1515 2701 profuisse
1546 2658 1711 2697 parum
1741 2654 1792 2685 vt
1822 2658 1890 2696 ea,

261 2730 388 2769 >quae
408 2718 456 2757 Ρ.
480 2717 742 2758 Santander
770 2719 940 2769 populo
973 2718 1115 2756 verba
1138 2718 1247 2757 fecit
1277 2717 1489 2766 (necdum
1517 2718 1638 2757 enim
1660 2725 1770 2757 tunc
1793 2729 1890 2756 coe-

271 2791 422 2840 perat)
456 2789 620 2828 maiori
648 2789 900 2827 attentione
930 2794 1231 2839 captarentur
1262 2794 1305 2826 et
1334 2787 1501 2827 animis
1531 2788 1697 2828 fortius
1725 2788 1890 2828 inside—

269 2866 385 2899 rent.
416 2859 516 2898 Hoc
545 2860 656 2898 mihi
684 2859 862 2898 amicus
890 2859 1079 2909 quidam
1108 2866 1152 2898 et
1184 2859 1390 2914 deuotus,
1414 2859 1558 2898 literis
1590 2858 1885 2913 significauit,

268 2931 570 2981 nunquamin
589 2931 664 2969 illo
685 2930 852 2982 oppido
872 2930 929 2982 ad
949 2929 1513 2985 cuiusquamconcionem
1534 2936 1713 2984 tantam
1730 2928 1888 2982 populi

269 3001 604 3053 mllltiffldjssem
627 2999 765 3053 (quod
784 3001 884 3055 ipse
906 3000 1061 3054 sciret)
1085 2995 1226 3056 fuisse
1248 3007 1619 3056 CQfigsegffissQQn
1652 3050 1657 3053 .

441 3109 460 3122 'v‘
