2020 3342
254 305 323 353 2⁵³8
761 305 984 355 LITTERAE
1011 319 1369 360 QUADRIMESTRES

254 412 460 463 nisterio,
486 418 661 464 quanta
683 424 769 453 nos
791 424 918 463 cura,
943 424 1101 453 amore
1123 418 1167 454 et
1190 413 1514 454 beneuolentia
1545 420 1873 465 prosequatur,

253 490 427 534 quanta
455 483 761 524 sollicitudine
793 495 847 523 ac
882 484 1039 524 labore
1071 485 1307 525 insomnes
1337 490 1498 525 noctes
1524 491 1568 524 et
1597 485 1873 537 irrequietos

253 561 364 606 agat
385 555 498 605 dies,
522 553 630 595 dum
650 566 736 595 nos
757 556 896 605 fouet,
930 555 1009 595 alit
1038 561 1081 595 et
1103 555 1289 596 domum
1312 555 1449 606 erigit
1471 554 1874 606 magnificentissi-

252 637 390 676 mam,
414 625 596 666 facilius
617 632 686 666 est
708 625 927 666 demirari
949 638 1087 677 quam
1108 638 1190 678 per
1210 627 1369 666 literas
1386 638 1602 667 narrare:
1626 627 1872 679 plusquam

253 696 491 748 octoginta
510 697 639 737 viros
660 702 876 737 strenuos
911 697 1082 737 nostris
1113 697 1305 738 aedibus
1337 703 1381 737 et
1411 698 1610 738 ecclesia
1640 709 1747 738 cum
1776 709 1872 739 mu-

252 779 361 807 saeo
384 768 709 808 construendis
731 768 967 818 conduxit,
991 768 1069 819 qui
1091 780 1271 808 summa
1293 768 1465 808 ciuium
1486 769 1690 809 omnium
1709 769 1874 810 alacri-

252 844 345 878 tate
368 844 507 889 atque
527 837 700 889 gaudio
731 850 758 878 a
788 822 1102 879 fundamentis
1130 851 1227 879 rem
1250 839 1531 879 inchoarunt
1553 844 1660 880 ante
1681 840 1766 880 hos
1796 840 1874 880 tri-

250 910 380 961 ginta
403 909 516 961 dies‚
539 921 625 950 nec
646 921 812 950 manus
841 922 867 949 a
888 910 1048 950 labore
1068 911 1249 950 tollunt.
1272 910 1511 962 Inspector
1534 916 1578 950 et
1597 917 1751 951 rector
1773 923 1874 963 ope-

249 980 314 1020 ris
348 979 446 1031 ipse
480 980 738 1031 Episcopus
774 992 1011 1032 nunquam
1047 987 1216 1020 cessat.
1248 980 1398 1020 Patris
1433 980 1712 1021 Villanouae
1743 993 1873 1022 oeco-

249 1062 437 1091 nomum
472 1057 516 1091 et
552 1051 923 1103 dispensatorem
962 1064 1063 1092 sese
1098 1052 1209 1092 dicit
1246 1064 1271 1091 a
1307 1051 1406 1092 Deo
1445 1052 1666 1103 positum:
1704 1053 1873 1104 viginti

249 1133 496 1162 aureorum
515 1121 658 1162 millia
681 1122 802 1163 dono
825 1122 949 1162 dedit
970 1129 1014 1162 et
1033 1121 1252 1162 faciundo
1281 1122 1411 1174 operi
1433 1123 1686 1174 deputauit,
1710 1135 1784 1172 ne,
1807 1124 1854 1164 in

247 1192 491 1233 commoda
507 1198 791 1244 praeuentus
807 1199 970 1245 morte,
990 1194 1144 1234 omnia
1160 1194 1392 1246 relinquat
1414 1193 1701 1245 imperfecta,
1726 1194 1869 1235 factu-

244 1276 326 1304 rus
345 1270 502 1305 tamen
517 1264 606 1304 hoc
622 1265 767 1305 multo
785 1265 998 1317 amplius,
1023 1265 1062 1305 si
1082 1264 1219 1305 modo
1236 1265 1296 1305 sit
1312 1270 1566 1316 superstes.
1586 1264 1757 1305 Omnes
1775 1265 1869 1317 (qui

246 1335 440 1376 aderant
461 1335 662 1388 plurimi)
683 1336 921 1376 ministros
943 1336 1150 1376 decreuit
1177 1348 1204 1376 a
1235 1348 1284 1376 se
1311 1335 1545 1386 ablegare,
1579 1347 1663 1376 sex
1693 1342 1772 1376 aut
1798 1337 1869 1376 his

244 1406 543 1458 paucioribus
564 1407 787 1458 exceptis,
811 1407 958 1459 iisque
981 1407 1129 1447 sacris
1150 1406 1344 1447 initiatis
1366 1406 1630 1447 ordinibus:
1653 1418 1762 1447 nam
1782 1407 1868 1448 hos

242 1478 504 1529 Episcopus
525 1489 619 1518 non
640 1485 735 1518 tam
757 1478 955 1518 famulos
977 1484 1021 1518 et
1043 1478 1282 1519 ministros
1303 1489 1444 1529 quam
1466 1477 1636 1518 fratres
1664 1478 1868 1530 reliquos

242 1548 370 1600 fecit3
394 1561 502 1589 nam
524 1554 567 1589 et
588 1560 778 1590 mensae
801 1549 809 1568 ¹
833 1561 913 1590 eos
929 1549 1043 1590 facit
1063 1549 1284 1600 assidere,
1304 1554 1347 1589 et
1368 1548 1656 1600 perhumane
1678 1555 1865 1590 tractat:

241 1621 487 1672 religiosos
521 1632 634 1661 sane
669 1621 798 1661 dicas
828 1633 921 1661 non
955 1626 1149 1661 temere:
1184 1626 1291 1660 sunt
1322 1621 1437 1660 haec
1472 1619 1694 1672 Episcopi
1724 1632 1867 1673 opera

241 1703 347 1732 cum
368 1692 693 1743 eleemosynis,
718 1703 835 1743 quas
856 1692 1171 1744 indigentibus
1195 1691 1422 1742 elargitur
1445 1691 1766 1744 effusissimas,
1788 1704 1865 1744 po-

240 1764 347 1815 pulo
367 1763 659 1814 gratissima3
685 1763 755 1803 his
777 1775 891 1814 erga
925 1775 1009 1803 nos
1044 1769 1149 1804 sunt
1182 1763 1348 1803 animis
1379 1763 1527 1803 nostri
1559 1763 1712 1815 ciues;
1747 1763 1864 1804 haec

238 1846 362 1875 nunc
382 1834 642 1886 Episcopus
663 1835 774 1886 agit.

318 1905 408 1956 Tu,
446 1904 584 1946 Pater
619 1917 844 1958 perquam
884 1906 1195 1956 obseruande‚
1239 1906 1491 1946 Dominum
1529 1905 1782 1958 precabere
1813 1912 1862 1946 ut

240 1977 488 2017 coelestem
510 1977 698 2017 domum
721 1984 853 2029 paret
882 1978 1029 2017 nobis.
1057 1977 1176 2018 Nam
1203 1977 1277 2018 hic
1310 1978 1546 2028 peregrini
1578 1982 1622 2017 et
1649 1983 1860 2017 extorres

238 2048 427 2099 erimus,
451 2049 813 2100 qualescumque
836 2049 992 2098 regias
1013 2047 1339 2088 inhabitemus.
1363 2047 1496 2089 Vale.

318 2118 599 2170 Placentiae,
623 2118 847 2159 Kalendis
870 2119 982 2159 Maii
1007 2118 1123 2158 1556.

314 2189 459 2230 Filius
481 2189 833 2240 indignissimus
855 2196 898 2230 et
920 2190 1095 2230 inutilis
1120 2201 1286 2230 seruus
1307 2190 1353 2230 in
1376 2189 1594 2242 Domino,

1378 2314 1645 2355 DIOstius.

317 2543 668 2597 Superscriptz'o
702 2544 752 2585 ln
787 2549 960 2596 quarta
987 2544 1200 2596 pagina:
1241 2526 1352 2584 IHS.
1396 2544 1662 2585 Admodum
1703 2545 1856 2586 obser—

236 2617 391 2657 uando
413 2615 539 2656 Patri
560 2622 720 2656 nostro
742 2616 824 2656 M.0
848 2616 1028 2667 Ignatio
1053 2628 1078 2655 a
1100 2615 1295 2666 L0y01a‚
1316 2614 1588 2666 Praeposito
1609 2615 1856 2656 Societatis

235 2687 346 2740 Jesu
363 2686 555 2727 Rornae.

316 2757 425 2797 Alsa
446 2768 608 2797 manu:
628 2757 882 2798 Placentia.
906 2757 1283 2808 Quadrimestres
1305 2756 1363 2808 pst
1392 2757 1516 2796 Maii.

321 2829 377 2868 Et
400 2828 510 2868 alia.
536 2828 727 2869 Emend.

326 2898 589 2949 Vestigium
611 2909 741 2938 cerae
762 2898 932 2949 sigilli.

283 3082 296 3104 ἱ
336 3082 400 3110 Ubi
415 3081 598 3118 Dionysius
611 3083 799 3116 scripserat
815 3090 898 3108 nam
915 3083 947 3108 et
965 3087 1119 3113 mensae,
1133 3081 1301 3109 Polancus
1316 3082 1508 3109 emendavit
1523 3082 1582 3110 sic:
1595 3090 1729 3110 mensae
1742 3084 1851 3118 siqui-

233 3131 310 3158 dem
328 3138 425 3157 suae.
442 3130 527 3157 Vide
543 3137 658 3164 supra7
674 3137 749 3163 pag.
766 3129 826 3161 236,
845 3133 962 3156 annot.
984 3130 1006 3155 1.
