<?xml version="1.0" encoding="UTF-8"?>
<!DOCTYPE html PUBLIC "-//W3C//DTD XHTML 1.0 Transitional//EN"
    "http://www.w3.org/TR/xhtml1/DTD/xhtml1-transitional.dtd">
<html xmlns="http://www.w3.org/1999/xhtml" xml:lang="en" lang="en">
 <head>
  <title>
</title>
<meta http-equiv="Content-Type" content="text/html;charset=utf-8" />
  <meta name='ocr-system' content='tesseract 3.04.00' />
  <meta name='ocr-capabilities' content='ocr_page ocr_carea ocr_par ocr_line ocrx_word'/>
</head>
<body>
  <div class='ocr_page' id='page_1' title='image "./litteraequadrime16lain_0510.png"; bbox 0 0 2020 3342; ppageno 0'>
   <div class='ocr_carea' id='block_1_1' title="bbox 241 172 1359 244">
    <p class='ocr_par' dir='ltr' id='par_1_1' title="bbox 241 172 1359 244">
     <span class='ocr_line' id='line_1_1' title="bbox 667 172 690 193; baseline 0 0"><span class='ocrx_word' id='word_1_1' title='bbox 667 172 690 193; x_wconf 67' lang='grc' dir='ltr'>ι</span> 
     </span>
     <span class='ocr_line' id='line_1_2' title="bbox 241 202 1359 244; baseline -0.004 -3"><span class='ocrx_word' id='word_1_2' title='bbox 241 205 313 242; x_wconf 66' lang='lat'>504</span> <span class='ocrx_word' id='word_1_3' title='bbox 751 202 975 239; x_wconf 76' lang='lat' dir='ltr'>LITTERAE</span> <span class='ocrx_word' id='word_1_4' title='bbox 1002 210 1359 244; x_wconf 73' lang='lat' dir='ltr'>QUADmMESTREs</span> 
     </span>
    </p>
   </div>
   <div class='ocr_carea' id='block_1_2' title="bbox 938 651 1185 705">
    <p class='ocr_par' dir='ltr' id='par_1_2' title="bbox 938 651 1185 705">
     <span class='ocr_line' id='line_1_3' title="bbox 938 651 1185 705; baseline -0.004 0"><span class='ocrx_word' id='word_1_5' title='bbox 938 651 1185 705; x_wconf 85' lang='lat' dir='ltr'>DXLIV</span> 
     </span>
    </p>
   </div>
   <div class='ocr_carea' id='block_1_3' title="bbox 317 888 1363 1131">
    <p class='ocr_par' dir='ltr' id='par_1_3' title="bbox 317 888 1363 1131">
     <span class='ocr_line' id='line_1_4' title="bbox 317 888 782 931; baseline -0.011 -2"><span class='ocrx_word' id='word_1_6' title='bbox 317 890 542 929; x_wconf 86' lang='lat' dir='ltr'>Arnoldus</span> <span class='ocrx_word' id='word_1_7' title='bbox 563 888 782 931; x_wconf 64' lang='lat' dir='ltr'>Conctms,</span> 
     </span>
     <span class='ocr_line' id='line_1_5' title="bbox 364 950 1363 996; baseline -0.004 -3"><span class='ocrx_word' id='word_1_8' title='bbox 364 955 432 993; x_wconf 90' lang='lat' dir='ltr'>Ex</span> <span class='ocrx_word' id='word_1_9' title='bbox 451 954 772 993; x_wconf 81' lang='lat' dir='ltr'><em>commissione</em></span> <span class='ocrx_word' id='word_1_10' title='bbox 793 953 938 990; x_wconf 84' lang='lat' dir='ltr'>Patris</span> <span class='ocrx_word' id='word_1_11' title='bbox 959 952 1084 989; x_wconf 83' lang='lat' dir='ltr'>Pauli</span> <span class='ocrx_word' id='word_1_12' title='bbox 1104 951 1143 988; x_wconf 88' lang='lat' dir='ltr'>d’</span> <span class='ocrx_word' id='word_1_13' title='bbox 1162 950 1363 996; x_wconf 87' lang='lat' dir='ltr'>Achillis,</span> 
     </span>
     <span class='ocr_line' id='line_1_6' title="bbox 368 1017 1142 1067; baseline -0.008 -8"><span class='ocrx_word' id='word_1_14' title='bbox 368 1044 371 1045; x_wconf 31' lang='grc' dir='ltr'><em>ν</em></span> <span class='ocrx_word' id='word_1_15' title='bbox 411 1021 532 1058; x_wconf 85' lang='lat' dir='ltr'>Patri</span> <span class='ocrx_word' id='word_1_16' title='bbox 550 1020 716 1067; x_wconf 86' lang='lat' dir='ltr'>Jacobo</span> <span class='ocrx_word' id='word_1_17' title='bbox 737 1019 927 1066; x_wconf 81' lang='lat' dir='ltr'>Layne2‚</span> <span class='ocrx_word' id='word_1_18' title='bbox 951 1017 1142 1055; x_wconf 84' lang='lat' dir='ltr'>Vicario.</span> 
     </span>
     <span class='ocr_line' id='line_1_7' title="bbox 461 1082 1204 1131; baseline -0.007 -8"><span class='ocrx_word' id='word_1_19' title='bbox 461 1086 690 1129; x_wconf 77' lang='lat' dir='ltr'>Panormo,</span> <span class='ocrx_word' id='word_1_20' title='bbox 712 1083 758 1121; x_wconf 77' lang='lat'>24</span> <span class='ocrx_word' id='word_1_21' title='bbox 777 1083 1046 1131; x_wconf 83' lang='lat' dir='ltr'><strong>Septembris</strong></span> <span class='ocrx_word' id='word_1_22' title='bbox 1069 1082 1159 1119; x_wconf 77' lang='lat'>1556</span> <span class='ocrx_word' id='word_1_23' title='bbox 1180 1083 1204 1118; x_wconf 85' lang='lat'>¹.</span> 
     </span>
    </p>
   </div>
   <div class='ocr_carea' id='block_1_4' title="bbox 994 1238 1123 1328">
    <p class='ocr_par' dir='ltr' id='par_1_4' title="bbox 994 1238 1123 1328">
     <span class='ocr_line' id='line_1_8' title="bbox 994 1238 1123 1328; baseline -0.016 -14"><span class='ocrx_word' id='word_1_24' title='bbox 994 1238 1123 1328; x_wconf 26' lang='lat' dir='ltr'>„lhiis</span> 
     </span>
    </p>
   </div>
   <div class='ocr_carea' id='block_1_5' title="bbox 248 1438 1902 2698">
    <p class='ocr_par' dir='ltr' id='par_1_5' title="bbox 329 1438 519 1480">
     <span class='ocr_line' id='line_1_9' title="bbox 329 1438 519 1480; baseline -0.021 0"><span class='ocrx_word' id='word_1_25' title='bbox 329 1440 426 1480; x_wconf 72' lang='lat' dir='ltr'>Pax</span> <span class='ocrx_word' id='word_1_26' title='bbox 447 1438 519 1479; x_wconf 58' lang='lat' dir='ltr'>Xst</span> 
     </span>
    </p>

    <p class='ocr_par' dir='ltr' id='par_1_6' title="bbox 248 1504 1876 1843">
     <span class='ocr_line' id='line_1_10' title="bbox 327 1504 1875 1561; baseline -0.006 -10"><span class='ocrx_word' id='word_1_27' title='bbox 327 1511 528 1561; x_wconf 91' lang='lat' dir='ltr'>Tempus</span> <span class='ocrx_word' id='word_1_28' title='bbox 550 1509 641 1549; x_wconf 81' lang='lat' dir='ltr'>iam</span> <span class='ocrx_word' id='word_1_29' title='bbox 669 1520 753 1548; x_wconf 92' lang='lat' dir='ltr'>nos</span> <span class='ocrx_word' id='word_1_30' title='bbox 789 1508 1027 1556; x_wconf 75' lang='lat' dir='ltr'>admonet,</span> <span class='ocrx_word' id='word_1_31' title='bbox 1061 1505 1195 1546; x_wconf 78' lang='lat' dir='ltr'>Pater</span> <span class='ocrx_word' id='word_1_32' title='bbox 1225 1504 1538 1553; x_wconf 74' lang='lat' dir='ltr'>obseruande,</span> <span class='ocrx_word' id='word_1_33' title='bbox 1575 1510 1625 1544; x_wconf 90' lang='lat' dir='ltr'>ut</span> <span class='ocrx_word' id='word_1_34' title='bbox 1656 1515 1732 1553; x_wconf 79' lang='lat' dir='ltr'>ea,</span> <span class='ocrx_word' id='word_1_35' title='bbox 1758 1514 1875 1554; x_wconf 80' lang='lat' dir='ltr'>quae</span> 
     </span>
     <span class='ocr_line' id='line_1_11' title="bbox 248 1573 1875 1632; baseline -0.006 -10"><span class='ocrx_word' id='word_1_36' title='bbox 248 1581 376 1622; x_wconf 89' lang='lat' dir='ltr'>Deus</span> <span class='ocrx_word' id='word_1_37' title='bbox 398 1581 503 1632; x_wconf 89' lang='lat' dir='ltr'>Opt.</span> <span class='ocrx_word' id='word_1_38' title='bbox 526 1580 651 1620; x_wconf 80' lang='lat' dir='ltr'>Max.</span> <span class='ocrx_word' id='word_1_39' title='bbox 676 1579 765 1619; x_wconf 89' lang='lat' dir='ltr'>hoc</span> <span class='ocrx_word' id='word_1_40' title='bbox 786 1584 986 1630; x_wconf 82' lang='lat' dir='ltr'>quatuor</span> <span class='ocrx_word' id='word_1_41' title='bbox 1007 1577 1233 1617; x_wconf 80' lang='lat' dir='ltr'>mensium</span> <span class='ocrx_word' id='word_1_42' title='bbox 1257 1576 1490 1616; x_wconf 90' lang='lat' dir='ltr'>curriculo</span> <span class='ocrx_word' id='word_1_43' title='bbox 1513 1586 1593 1627; x_wconf 86' lang='lat' dir='ltr'>per</span> <span class='ocrx_word' id='word_1_44' title='bbox 1614 1585 1714 1623; x_wconf 92' lang='lat' dir='ltr'>nos,</span> <span class='ocrx_word' id='word_1_45' title='bbox 1747 1573 1875 1614; x_wconf 89' lang='lat' dir='ltr'>mini-</span> 
     </span>
     <span class='ocr_line' id='line_1_12' title="bbox 248 1644 1876 1702; baseline -0.006 -9"><span class='ocrx_word' id='word_1_46' title='bbox 248 1664 348 1694; x_wconf 91' lang='lat' dir='ltr'>mos</span> <span class='ocrx_word' id='word_1_47' title='bbox 367 1653 532 1693; x_wconf 79' lang='lat' dir='ltr'>uineae</span> <span class='ocrx_word' id='word_1_48' title='bbox 553 1662 665 1691; x_wconf 80' lang='lat' dir='ltr'>suae</span> <span class='ocrx_word' id='word_1_49' title='bbox 687 1649 942 1702; x_wconf 68' lang='lat' dir='ltr'>operm-105,</span> <span class='ocrx_word' id='word_1_50' title='bbox 973 1648 1199 1700; x_wconf 80' lang='lat' dir='ltr'>proximis</span> <span class='ocrx_word' id='word_1_51' title='bbox 1227 1647 1398 1687; x_wconf 90' lang='lat' dir='ltr'>nostris</span> <span class='ocrx_word' id='word_1_52' title='bbox 1426 1646 1484 1686; x_wconf 82' lang='lat' dir='ltr'>ad</span> <span class='ocrx_word' id='word_1_53' title='bbox 1514 1646 1664 1686; x_wconf 80' lang='lat' dir='ltr'>maius</span> <span class='ocrx_word' id='word_1_54' title='bbox 1693 1644 1876 1696; x_wconf 81' lang='lat' dir='ltr'>gloriae</span> 
     </span>
     <span class='ocr_line' id='line_1_13' title="bbox 248 1714 1876 1775; baseline -0.006 -11"><span class='ocrx_word' id='word_1_55' title='bbox 248 1729 549 1775; x_wconf 78' lang='lat' dir='ltr'>augmentum</span> <span class='ocrx_word' id='word_1_56' title='bbox 572 1720 784 1762; x_wconf 86' lang='lat' dir='ltr'>conferre</span> <span class='ocrx_word' id='word_1_57' title='bbox 806 1720 1025 1771; x_wconf 80' lang='lat' dir='ltr'>dignatus</span> <span class='ocrx_word' id='word_1_58' title='bbox 1046 1725 1129 1769; x_wconf 86' lang='lat' dir='ltr'>est,</span> <span class='ocrx_word' id='word_1_59' title='bbox 1154 1717 1427 1758; x_wconf 78' lang='lat' dir='ltr'>Paternitati</span> <span class='ocrx_word' id='word_1_60' title='bbox 1455 1717 1602 1766; x_wconf 75' lang='lat' dir='ltr'>Tuae,</span> <span class='ocrx_word' id='word_1_61' title='bbox 1635 1717 1767 1757; x_wconf 82' lang='lat' dir='ltr'>iuxta</span> <span class='ocrx_word' id='word_1_62' title='bbox 1798 1714 1876 1756; x_wconf 87' lang='lat' dir='ltr'>So—</span> 
     </span>
     <span class='ocr_line' id='line_1_14' title="bbox 250 1792 1151 1843; baseline -0.007 -7"><span class='ocrx_word' id='word_1_63' title='bbox 250 1795 432 1836; x_wconf 82' lang='lat' dir='ltr'>cietatis</span> <span class='ocrx_word' id='word_1_64' title='bbox 454 1800 642 1834; x_wconf 80' lang='lat' dir='ltr'>nostrae</span> <span class='ocrx_word' id='word_1_65' title='bbox 665 1803 857 1843; x_wconf 83' lang='lat' dir='ltr'>morem,</span> <span class='ocrx_word' id='word_1_66' title='bbox 878 1792 1151 1832; x_wconf 78' lang='lat' dir='ltr'>scribamus.</span> 
     </span>
    </p>

    <p class='ocr_par' dir='ltr' id='par_1_7' title="bbox 251 1859 1902 2120">
     <span class='ocr_line' id='line_1_15' title="bbox 327 1859 1902 1916; baseline -0.004 -9"><span class='ocrx_word' id='word_1_67' title='bbox 327 1865 477 1907; x_wconf 76' lang='lat' dir='ltr'>statui</span> <span class='ocrx_word' id='word_1_68' title='bbox 498 1866 640 1916; x_wconf 84' lang='lat' dir='ltr'>igitur</span> <span class='ocrx_word' id='word_1_69' title='bbox 662 1875 836 1914; x_wconf 87' lang='lat' dir='ltr'>eorum,</span> <span class='ocrx_word' id='word_1_70' title='bbox 860 1874 977 1915; x_wconf 78' lang='lat' dir='ltr'>quae</span> <span class='ocrx_word' id='word_1_71' title='bbox 999 1862 1207 1902; x_wconf 85' lang='lat' dir='ltr'>dicturus</span> <span class='ocrx_word' id='word_1_72' title='bbox 1230 1873 1345 1910; x_wconf 89' lang='lat' dir='ltr'>sum,</span> <span class='ocrx_word' id='word_1_73' title='bbox 1370 1871 1598 1901; x_wconf 78' lang='lat' dir='ltr'>summam</span> <span class='ocrx_word' id='word_1_74' title='bbox 1620 1859 1769 1900; x_wconf 87' lang='lat' dir='ltr'>tribus</span> <span class='ocrx_word' id='word_1_75' title='bbox 1802 1869 1874 1898; x_wconf 84' lang='lat' dir='ltr'>ca·</span> <span class='ocrx_word' id='word_1_76' title='bbox 1898 1897 1902 1901; x_wconf 92' lang='lat'>.</span> 
     </span>
     <span class='ocr_line' id='line_1_16' title="bbox 251 1929 1878 1990; baseline -0.006 -12"><span class='ocrx_word' id='word_1_77' title='bbox 251 1938 420 1990; x_wconf 84' lang='lat' dir='ltr'>pitibus</span> <span class='ocrx_word' id='word_1_78' title='bbox 442 1937 701 1988; x_wconf 78' lang='lat' dir='ltr'>complecti:</span> <span class='ocrx_word' id='word_1_79' title='bbox 725 1935 877 1986; x_wconf 84' lang='lat' dir='ltr'>idque,</span> <span class='ocrx_word' id='word_1_80' title='bbox 902 1946 928 1973; x_wconf 82' lang='lat' dir='ltr'>a</span> <span class='ocrx_word' id='word_1_81' title='bbox 950 1933 1300 1985; x_wconf 74' lang='lat' dir='ltr'>prudentissimi</span> <span class='ocrx_word' id='word_1_82' title='bbox 1322 1932 1471 1971; x_wconf 74' lang='lat' dir='ltr'>Patris</span> <span class='ocrx_word' id='word_1_83' title='bbox 1494 1931 1640 1971; x_wconf 80' lang='lat' dir='ltr'>nostri</span> <span class='ocrx_word' id='word_1_84' title='bbox 1657 1929 1671 1948; x_wconf 77' lang='lat'>‘²</span> <span class='ocrx_word' id='word_1_85' title='bbox 1691 1930 1878 1970; x_wconf 87' lang='lat' dir='ltr'>decreto</span> 
     </span>
     <span class='ocr_line' id='line_1_17' title="bbox 251 2002 1879 2054; baseline -0.006 -4"><span class='ocrx_word' id='word_1_86' title='bbox 251 2010 305 2050; x_wconf 86' lang='lat' dir='ltr'>dc</span> <span class='ocrx_word' id='word_1_87' title='bbox 326 2009 552 2049; x_wconf 77' lang='lat' dir='ltr'>breuitate</span> <span class='ocrx_word' id='word_1_88' title='bbox 575 2007 683 2047; x_wconf 88' lang='lat' dir='ltr'>olim</span> <span class='ocrx_word' id='word_1_89' title='bbox 704 2006 828 2046; x_wconf 76' lang='lat' dir='ltr'>facto</span> <span class='ocrx_word' id='word_1_90' title='bbox 857 2017 949 2045; x_wconf 90' lang='lat' dir='ltr'>non</span> <span class='ocrx_word' id='word_1_91' title='bbox 976 2004 1212 2053; x_wconf 77' lang='lat' dir='ltr'>recedens,</span> <span class='ocrx_word' id='word_1_92' title='bbox 1247 2014 1385 2054; x_wconf 78' lang='lat' dir='ltr'>quam</span> <span class='ocrx_word' id='word_1_93' title='bbox 1415 2002 1688 2042; x_wconf 89' lang='lat' dir='ltr'>breuissime</span> <span class='ocrx_word' id='word_1_94' title='bbox 1718 2006 1879 2052; x_wconf 90' lang='lat' dir='ltr'>potero</span> 
     </span>
     <span class='ocr_line' id='line_1_18' title="bbox 251 2080 462 2120; baseline -0.014 0"><span class='ocrx_word' id='word_1_95' title='bbox 251 2080 462 2120; x_wconf 79' lang='lat' dir='ltr'>efficiam.</span> 
     </span>
    </p>

    <p class='ocr_par' dir='ltr' id='par_1_8' title="bbox 250 2142 1884 2698">
     <span class='ocr_line' id='line_1_19' title="bbox 329 2142 1880 2198; baseline -0.006 -6"><span class='ocrx_word' id='word_1_96' title='bbox 329 2152 385 2192; x_wconf 88' lang='lat' dir='ltr'>Et</span> <span class='ocrx_word' id='word_1_97' title='bbox 413 2157 461 2191; x_wconf 88' lang='lat' dir='ltr'>ut</span> <span class='ocrx_word' id='word_1_98' title='bbox 489 2151 594 2191; x_wconf 88' lang='lat' dir='ltr'>inde</span> <span class='ocrx_word' id='word_1_99' title='bbox 623 2149 936 2197; x_wconf 74' lang='lat' dir='ltr'>exordiamur,</span> <span class='ocrx_word' id='word_1_100' title='bbox 968 2147 1088 2187; x_wconf 86' lang='lat' dir='ltr'>unde</span> <span class='ocrx_word' id='word_1_101' title='bbox 1121 2146 1401 2198; x_wconf 79' lang='lat' dir='ltr'>praecipuus</span> <span class='ocrx_word' id='word_1_102' title='bbox 1431 2144 1572 2184; x_wconf 91' lang='lat' dir='ltr'>totius</span> <span class='ocrx_word' id='word_1_103' title='bbox 1601 2144 1724 2183; x_wconf 77' lang='lat' dir='ltr'>uitae</span> <span class='ocrx_word' id='word_1_104' title='bbox 1752 2142 1880 2194; x_wconf 90' lang='lat' dir='ltr'>spiri·</span> 
     </span>
     <span class='ocr_line' id='line_1_20' title="bbox 252 2213 1880 2270; baseline -0.007 -7"><span class='ocrx_word' id='word_1_105' title='bbox 252 2223 390 2263; x_wconf 80' lang='lat' dir='ltr'>tualis</span> <span class='ocrx_word' id='word_1_106' title='bbox 423 2222 603 2262; x_wconf 86' lang='lat' dir='ltr'>fructus</span> <span class='ocrx_word' id='word_1_107' title='bbox 637 2226 839 2268; x_wconf 79' lang='lat' dir='ltr'>emanat,</span> <span class='ocrx_word' id='word_1_108' title='bbox 878 2224 1062 2270; x_wconf 78' lang='lat' dir='ltr'>praeter</span> <span class='ocrx_word' id='word_1_109' title='bbox 1099 2229 1202 2257; x_wconf 77' lang='lat' dir='ltr'>eam</span> <span class='ocrx_word' id='word_1_110' title='bbox 1231 2217 1453 2267; x_wconf 80' lang='lat' dir='ltr'>cuiusque</span> <span class='ocrx_word' id='word_1_111' title='bbox 1486 2221 1634 2254; x_wconf 73' lang='lat' dir='ltr'>status</span> <span class='ocrx_word' id='word_1_112' title='bbox 1665 2213 1880 2254; x_wconf 87' lang='lat' dir='ltr'>confiten-</span> 
     </span>
     <span class='ocr_line' id='line_1_21' title="bbox 250 2285 1880 2341; baseline -0.006 -8"><span class='ocrx_word' id='word_1_113' title='bbox 250 2294 364 2333; x_wconf 84' lang='lat' dir='ltr'>tium</span> <span class='ocrx_word' id='word_1_114' title='bbox 398 2292 756 2337; x_wconf 80' lang='lat' dir='ltr'>multitudinem,</span> <span class='ocrx_word' id='word_1_115' title='bbox 796 2302 913 2341; x_wconf 79' lang='lat' dir='ltr'>quae</span> <span class='ocrx_word' id='word_1_116' title='bbox 935 2289 1059 2329; x_wconf 90' lang='lat' dir='ltr'>dorni</span> <span class='ocrx_word' id='word_1_117' title='bbox 1094 2287 1363 2339; x_wconf 74' lang='lat' dir='ltr'>quotidiana</span> <span class='ocrx_word' id='word_1_118' title='bbox 1400 2294 1482 2332; x_wconf 73' lang='lat' dir='ltr'>est,</span> <span class='ocrx_word' id='word_1_119' title='bbox 1507 2286 1655 2325; x_wconf 77' lang='lat' dir='ltr'>maior</span> <span class='ocrx_word' id='word_1_120' title='bbox 1690 2296 1802 2325; x_wconf 84' lang='lat' dir='ltr'>uero</span> <span class='ocrx_word' id='word_1_121' title='bbox 1834 2285 1880 2323; x_wconf 90' lang='lat' dir='ltr'>in</span> 
     </span>
     <span class='ocr_line' id='line_1_22' title="bbox 251 2354 1878 2411; baseline -0.006 -7"><span class='ocrx_word' id='word_1_122' title='bbox 251 2364 412 2404; x_wconf 84' lang='lat' dir='ltr'>diebus</span> <span class='ocrx_word' id='word_1_123' title='bbox 435 2362 806 2411; x_wconf 49' lang='lat' dir='ltr'>solemnioribus</span> <span class='ocrx_word' id='word_1_124' title='bbox 830 2360 942 2401; x_wconf 86' lang='lat' dir='ltr'>foris</span> <span class='ocrx_word' id='word_1_125' title='bbox 965 2360 1104 2399; x_wconf 73' lang='lat' dir='ltr'>etiam</span> <span class='ocrx_word' id='word_1_126' title='bbox 1134 2359 1380 2398; x_wconf 86' lang='lat' dir='ltr'>multorum</span> <span class='ocrx_word' id='word_1_127' title='bbox 1405 2356 1720 2397; x_wconf 86' lang='lat' dir='ltr'>confessiones</span> <span class='ocrx_word' id='word_1_128' title='bbox 1741 2367 1765 2395; x_wconf 84' lang='lat' dir='ltr'>a</span> <span class='ocrx_word' id='word_1_129' title='bbox 1795 2354 1878 2394; x_wconf 80' lang='lat' dir='ltr'>Pa-</span> 
     </span>
     <span class='ocr_line' id='line_1_23' title="bbox 252 2426 1878 2486; baseline -0.006 -11"><span class='ocrx_word' id='word_1_130' title='bbox 252 2435 397 2475; x_wconf 87' lang='lat' dir='ltr'>tribus</span> <span class='ocrx_word' id='word_1_131' title='bbox 419 2433 623 2486; x_wconf 83' lang='lat' dir='ltr'>quotidie</span> <span class='ocrx_word' id='word_1_132' title='bbox 647 2432 912 2473; x_wconf 78' lang='lat' dir='ltr'>audiuntur.</span> <span class='ocrx_word' id='word_1_133' title='bbox 942 2430 1119 2471; x_wconf 78' lang='lat' dir='ltr'>Verum</span> <span class='ocrx_word' id='word_1_134' title='bbox 1149 2429 1360 2469; x_wconf 83' lang='lat' dir='ltr'>omnibus</span> <span class='ocrx_word' id='word_1_135' title='bbox 1391 2427 1660 2468; x_wconf 75' lang='lat' dir='ltr'>satisfacere</span> <span class='ocrx_word' id='word_1_136' title='bbox 1688 2426 1878 2466; x_wconf 90' lang='lat' dir='ltr'>minime</span> 
     </span>
     <span class='ocr_line' id='line_1_24' title="bbox 251 2497 1874 2557; baseline -0.007 -11"><span class='ocrx_word' id='word_1_137' title='bbox 251 2517 512 2557; x_wconf 74' lang='lat' dir='ltr'>possumus3</span> <span class='ocrx_word' id='word_1_138' title='bbox 537 2504 614 2556; x_wconf 88' lang='lat' dir='ltr'>qui</span> <span class='ocrx_word' id='word_1_139' title='bbox 634 2504 755 2543; x_wconf 87' lang='lat' dir='ltr'>enim</span> <span class='ocrx_word' id='word_1_140' title='bbox 777 2504 863 2543; x_wconf 91' lang='lat' dir='ltr'>hoc</span> <span class='ocrx_word' id='word_1_141' title='bbox 886 2514 1002 2542; x_wconf 91' lang='lat' dir='ltr'>onus</span> <span class='ocrx_word' id='word_1_142' title='bbox 1025 2501 1264 2547; x_wconf 80' lang='lat' dir='ltr'>sustinent,</span> <span class='ocrx_word' id='word_1_143' title='bbox 1291 2506 1369 2538; x_wconf 66' lang='lat' dir='ltr'>:tut</span> <span class='ocrx_word' id='word_1_144' title='bbox 1391 2506 1497 2538; x_wconf 87' lang='lat' dir='ltr'>sunt</span> <span class='ocrx_word' id='word_1_145' title='bbox 1530 2498 1585 2537; x_wconf 76' lang='lat' dir='ltr'>ab</span> <span class='ocrx_word' id='word_1_146' title='bbox 1617 2497 1720 2537; x_wconf 79' lang='lat' dir='ltr'>aliis</span> <span class='ocrx_word' id='word_1_147' title='bbox 1751 2504 1874 2543; x_wconf 80' lang='lat' dir='ltr'>ante,</span> 
     </span>
     <span class='ocr_line' id='line_1_25' title="bbox 253 2567 1881 2623; baseline -0.006 -7"><span class='ocrx_word' id='word_1_148' title='bbox 253 2576 415 2616; x_wconf 73' lang='lat' dir='ltr'>cadem</span> <span class='ocrx_word' id='word_1_149' title='bbox 437 2582 514 2615; x_wconf 80' lang='lat' dir='ltr'>aut</span> <span class='ocrx_word' id='word_1_150' title='bbox 546 2575 634 2615; x_wconf 70' lang='lat' dir='ltr'>alia</span> <span class='ocrx_word' id='word_1_151' title='bbox 657 2575 712 2614; x_wconf 89' lang='lat' dir='ltr'>de</span> <span class='ocrx_word' id='word_1_152' title='bbox 735 2585 892 2623; x_wconf 74' lang='lat' dir='ltr'>causa,</span> <span class='ocrx_word' id='word_1_153' title='bbox 919 2572 1149 2618; x_wconf 79' lang='lat' dir='ltr'>accersiti,</span> <span class='ocrx_word' id='word_1_154' title='bbox 1175 2577 1252 2609; x_wconf 79' lang='lat' dir='ltr'>aut</span> <span class='ocrx_word' id='word_1_155' title='bbox 1275 2570 1376 2609; x_wconf 76' lang='lat' dir='ltr'>aliis</span> <span class='ocrx_word' id='word_1_156' title='bbox 1398 2570 1583 2620; x_wconf 75' lang='lat' dir='ltr'>pietatis</span> <span class='ocrx_word' id='word_1_157' title='bbox 1614 2567 1774 2607; x_wconf 89' lang='lat' dir='ltr'>officiis</span> <span class='ocrx_word' id='word_1_158' title='bbox 1796 2567 1881 2606; x_wconf 92' lang='lat' dir='ltr'>im-</span> 
     </span>
     <span class='ocr_line' id='line_1_26' title="bbox 254 2639 1884 2698; baseline -0.007 -11"><span class='ocrx_word' id='word_1_159' title='bbox 254 2647 407 2698; x_wconf 89' lang='lat' dir='ltr'>pediti.</span> <span class='ocrx_word' id='word_1_160' title='bbox 433 2646 586 2697; x_wconf 84' lang='lat' dir='ltr'>Atque</span> <span class='ocrx_word' id='word_1_161' title='bbox 608 2657 663 2685; x_wconf 80' lang='lat' dir='ltr'>ex</span> <span class='ocrx_word' id='word_1_162' title='bbox 685 2644 771 2693; x_wconf 87' lang='lat' dir='ltr'>his,</span> <span class='ocrx_word' id='word_1_163' title='bbox 797 2654 911 2695; x_wconf 88' lang='lat' dir='ltr'>quos</span> <span class='ocrx_word' id='word_1_164' title='bbox 930 2642 1205 2691; x_wconf 49' lang='lat' dir='ltr'>audiuimus.</span> <span class='ocrx_word' id='word_1_165' title='bbox 1226 2641 1353 2680; x_wconf 83' lang='lat' dir='ltr'>fuere</span> <span class='ocrx_word' id='word_1_166' title='bbox 1371 2639 1590 2688; x_wconf 81' lang='lat' dir='ltr'>nonnulli,</span> <span class='ocrx_word' id='word_1_167' title='bbox 1612 2639 1703 2690; x_wconf 87' lang='lat' dir='ltr'>qui,</span> <span class='ocrx_word' id='word_1_168' title='bbox 1725 2639 1884 2688; x_wconf 83' lang='lat' dir='ltr'>negle-</span> 
     </span>
    </p>
   </div>
   <div class='ocr_carea' id='block_1_6' title="bbox 259 2740 462 2745">
    <p class='ocr_par' dir='ltr' id='par_1_9' title="bbox 259 2740 462 2745">
     <span class='ocr_line' id='line_1_27' title="bbox 259 2740 462 2745; baseline 0 0"><span class='ocrx_word' id='word_1_169' title='bbox 259 2740 462 2745; x_wconf 95' lang='lat' dir='ltr'> </span> 
     </span>
    </p>
   </div>
   <div class='ocr_carea' id='block_1_7' title="bbox 253 2773 1885 3057">
    <p class='ocr_par' dir='ltr' id='par_1_10' title="bbox 253 2773 1885 2957">
     <span class='ocr_line' id='line_1_28' title="bbox 308 2773 1884 2816; baseline -0.006 -7"><span class='ocrx_word' id='word_1_170' title='bbox 308 2783 317 2803; x_wconf 78' lang='lat'>¹</span> <span class='ocrx_word' id='word_1_171' title='bbox 359 2781 590 2816; x_wconf 64' lang='lat' dir='ltr'>Apographae</span> <span class='ocrx_word' id='word_1_172' title='bbox 607 2781 729 2814; x_wconf 85' lang='lat' dir='ltr'>duplici</span> <span class='ocrx_word' id='word_1_173' title='bbox 745 2780 833 2813; x_wconf 86' lang='lat' dir='ltr'>folio,</span> <span class='ocrx_word' id='word_1_174' title='bbox 850 2787 905 2806; x_wconf 87' lang='lat' dir='ltr'>nn.</span> <span class='ocrx_word' id='word_1_175' title='bbox 923 2779 972 2806; x_wconf 81' lang='lat'>160</span> <span class='ocrx_word' id='word_1_176' title='bbox 986 2783 1018 2805; x_wconf 89' lang='lat' dir='ltr'>et</span> <span class='ocrx_word' id='word_1_177' title='bbox 1033 2776 1429 2811; x_wconf 83' lang='lat' dir='ltr'>l6l.—-Supe1·scriptione</span> <span class='ocrx_word' id='word_1_178' title='bbox 1442 2780 1570 2802; x_wconf 84' lang='lat' dir='ltr'>carent.</span> <span class='ocrx_word' id='word_1_179' title='bbox 1585 2774 1652 2802; x_wconf 88' lang='lat' dir='ltr'>Nos</span> <span class='ocrx_word' id='word_1_180' title='bbox 1665 2778 1791 2805; x_wconf 81' lang='lat' dir='ltr'>autem.</span> <span class='ocrx_word' id='word_1_181' title='bbox 1806 2773 1884 2801; x_wconf 88' lang='lat' dir='ltr'>licet</span> 
     </span>
     <span class='ocr_line' id='line_1_29' title="bbox 253 2821 1884 2863; baseline -0.006 -6"><span class='ocrx_word' id='word_1_182' title='bbox 253 2832 446 2862; x_wconf 60' lang='lat' dir='ltr'>ignoremus</span> <span class='ocrx_word' id='word_1_183' title='bbox 461 2837 524 2863; x_wconf 83' lang='lat' dir='ltr'>quo</span> <span class='ocrx_word' id='word_1_184' title='bbox 541 2830 592 2855; x_wconf 83' lang='lat' dir='ltr'>die</span> <span class='ocrx_word' id='word_1_185' title='bbox 610 2828 762 2855; x_wconf 83' lang='lat' dir='ltr'>nuntium</span> <span class='ocrx_word' id='word_1_186' title='bbox 777 2828 817 2854; x_wconf 83' lang='lat' dir='ltr'>de</span> <span class='ocrx_word' id='word_1_187' title='bbox 833 2827 957 2861; x_wconf 78' lang='lat' dir='ltr'>Ignatii</span> <span class='ocrx_word' id='word_1_188' title='bbox 973 2827 1066 2853; x_wconf 81' lang='lat' dir='ltr'>obitu</span> <span class='ocrx_word' id='word_1_189' title='bbox 1079 2830 1110 2852; x_wconf 82' lang='lat' dir='ltr'>et</span> <span class='ocrx_word' id='word_1_190' title='bbox 1124 2824 1254 2852; x_wconf 84' lang='lat' dir='ltr'>Vicarii</span> <span class='ocrx_word' id='word_1_191' title='bbox 1272 2824 1435 2850; x_wconf 81' lang='lat' dir='ltr'>electione</span> <span class='ocrx_word' id='word_1_192' title='bbox 1451 2823 1658 2850; x_wconf 74' lang='lat' dir='ltr'>Panormum</span> <span class='ocrx_word' id='word_1_193' title='bbox 1672 2821 1884 2856; x_wconf 75' lang='lat' dir='ltr'>pervenerit·</span> 
     </span>
     <span class='ocr_line' id='line_1_30' title="bbox 254 2869 1885 2911; baseline -0.006 -7"><span class='ocrx_word' id='word_1_194' title='bbox 254 2886 311 2905; x_wconf 76' lang='lat' dir='ltr'>eas</span> <span class='ocrx_word' id='word_1_195' title='bbox 328 2878 424 2904; x_wconf 75' lang='lat' dir='ltr'>Patri</span> <span class='ocrx_word' id='word_1_196' title='bbox 439 2877 566 2910; x_wconf 63' lang='lat' dir='ltr'>jacobo</span> <span class='ocrx_word' id='word_1_197' title='bbox 582 2876 730 2911; x_wconf 78' lang='lat' dir='ltr'>Laynez,</span> <span class='ocrx_word' id='word_1_198' title='bbox 747 2875 898 2906; x_wconf 63' lang='lat' dir='ltr'>Vicaiio,</span> <span class='ocrx_word' id='word_1_199' title='bbox 917 2873 1209 2906; x_wconf 80' lang='lat' dir='ltr'>superscribimus.</span> <span class='ocrx_word' id='word_1_200' title='bbox 1228 2872 1306 2906; x_wconf 82' lang='lat' dir='ltr'>quia</span> <span class='ocrx_word' id='word_1_201' title='bbox 1330 2872 1358 2898; x_wconf 89' lang='lat' dir='ltr'>ei</span> <span class='ocrx_word' id='word_1_202' title='bbox 1381 2870 1648 2905; x_wconf 79' lang='lat' dir='ltr'>superscriptum</span> <span class='ocrx_word' id='word_1_203' title='bbox 1664 2873 1714 2896; x_wconf 89' lang='lat' dir='ltr'>est</span> <span class='ocrx_word' id='word_1_204' title='bbox 1731 2869 1885 2896; x_wconf 83' lang='lat' dir='ltr'>italicum</span> 
     </span>
     <span class='ocr_line' id='line_1_31' title="bbox 255 2920 1346 2957; baseline -0.007 -4"><span class='ocrx_word' id='word_1_205' title='bbox 255 2927 375 2953; x_wconf 81' lang='lat' dir='ltr'>harum</span> <span class='ocrx_word' id='word_1_206' title='bbox 397 2926 593 2952; x_wconf 78' lang='lat' dir='ltr'>litterarum</span> <span class='ocrx_word' id='word_1_207' title='bbox 609 2924 800 2957; x_wconf 77' lang='lat' dir='ltr'>exemplum</span> <span class='ocrx_word' id='word_1_208' title='bbox 816 2923 914 2955; x_wconf 82' lang='lat' dir='ltr'>infra,</span> <span class='ocrx_word' id='word_1_209' title='bbox 934 2930 963 2949; x_wconf 91' lang='lat' dir='ltr'>n.</span> <span class='ocrx_word' id='word_1_210' title='bbox 981 2930 1070 2951; x_wconf 65' lang='grc' dir='ltr'>μων,</span> <span class='ocrx_word' id='word_1_211' title='bbox 1087 2920 1346 2955; x_wconf 78' lang='lat' dir='ltr'>subjiciendum.</span> 
     </span>
    </p>

    <p class='ocr_par' dir='ltr' id='par_1_11' title="bbox 256 2965 1884 3057">
     <span class='ocr_line' id='line_1_32' title="bbox 311 2965 1884 3004; baseline -0.005 -4"><span class='ocrx_word' id='word_1_212' title='bbox 311 2974 322 2992; x_wconf 79' lang='lat'><em>²</em></span> <span class='ocrx_word' id='word_1_213' title='bbox 363 2973 422 3000; x_wconf 80' lang='lat' dir='ltr'>His</span> <span class='ocrx_word' id='word_1_214' title='bbox 445 2973 559 2999; x_wconf 75' lang='lat' dir='ltr'>verbis</span> <span class='ocrx_word' id='word_1_215' title='bbox 580 2972 755 3004; x_wconf 61' lang='lat' dir='ltr'>indignari</span> <span class='ocrx_word' id='word_1_216' title='bbox 777 2972 913 2998; x_wconf 77' lang='lat' dir='ltr'>videtur</span> <span class='ocrx_word' id='word_1_217' title='bbox 932 2971 1077 2997; x_wconf 82' lang='lat' dir='ltr'>Sanctus</span> <span class='ocrx_word' id='word_1_218' title='bbox 1099 2968 1263 3002; x_wconf 70' lang='lat' dir='ltr'>Ignatiu&lt;;</span> <span class='ocrx_word' id='word_1_219' title='bbox 1286 2967 1371 3001; x_wconf 88' lang='lat' dir='ltr'>quod</span> <span class='ocrx_word' id='word_1_220' title='bbox 1394 2966 1420 2992; x_wconf 86' lang='lat' dir='ltr'>si</span> <span class='ocrx_word' id='word_1_221' title='bbox 1444 2965 1492 2992; x_wconf 85' lang='lat' dir='ltr'>ita</span> <span class='ocrx_word' id='word_1_222' title='bbox 1507 2970 1570 2997; x_wconf 65' lang='lat' dir='ltr'>est,</span> <span class='ocrx_word' id='word_1_223' title='bbox 1588 2969 1665 2992; x_wconf 85' lang='lat' dir='ltr'>tunc</span> <span class='ocrx_word' id='word_1_224' title='bbox 1682 2969 1812 2994; x_wconf 82' lang='lat' dir='ltr'>certum</span> <span class='ocrx_word' id='word_1_225' title='bbox 1833 2968 1884 2992; x_wconf 84' lang='lat' dir='ltr'>est</span> 
     </span>
     <span class='ocr_line' id='line_1_33' title="bbox 256 3014 1460 3057; baseline -0.008 -8"><span class='ocrx_word' id='word_1_226' title='bbox 256 3022 407 3049; x_wconf 81' lang='lat' dir='ltr'>nuntium</span> <span class='ocrx_word' id='word_1_227' title='bbox 421 3021 458 3048; x_wconf 84' lang='lat' dir='ltr'>de</span> <span class='ocrx_word' id='word_1_228' title='bbox 475 3021 546 3057; x_wconf 65' lang='lat' dir='ltr'>ejus</span> <span class='ocrx_word' id='word_1_229' title='bbox 562 3020 652 3046; x_wconf 70' lang='lat' dir='ltr'>obitu</span> <span class='ocrx_word' id='word_1_230' title='bbox 666 3020 735 3054; x_wconf 82' lang='lat' dir='ltr'>jam</span> <span class='ocrx_word' id='word_1_231' title='bbox 752 3024 829 3046; x_wconf 74' lang='lat' dir='ltr'>ante</span> <span class='ocrx_word' id='word_1_232' title='bbox 846 3019 908 3045; x_wconf 81' lang='lat' dir='ltr'>hoc</span> <span class='ocrx_word' id='word_1_233' title='bbox 925 3022 1057 3051; x_wconf 65' lang='lat' dir='ltr'>tempus</span> <span class='ocrx_word' id='word_1_234' title='bbox 1073 3016 1275 3044; x_wconf 79' lang='lat' dir='ltr'>Panormum</span> <span class='ocrx_word' id='word_1_235' title='bbox 1291 3014 1460 3047; x_wconf 81' lang='lat' dir='ltr'>attigisse.</span> 
     </span>
    </p>
   </div>
  </div>
 </body>
</html>
