2020 3342
249 276 319 313 :114
756 273 980 313 LITTERAE
1006 281 1360 317 QUADRIMESTRES

982 727 1125 781 DXl

312 962 528 1011 Aegidius
546 963 703 1009 Faber,

363 1027 433 1065 Ex
451 1027 772 1065 commissione
792 1028 937 1066 Patris
957 1027 1138 1065 Antonii
1157 1027 1321 1074 Vinck‚

405 1093 525 1131 Patri
543 1093 711 1140 Ignatio
732 1093 784 1130 de
803 1092 987 1140 Loyola.

453 1159 667 1206 Messana,
689 1158 731 1195 21
753 1158 856 1206 MaJi
878 1158 967 1196 1556
987 1158 1012 1194 ¹.

1008 1315 1106 1390 sssis

319 1511 483 1552 Gratia
504 1516 548 1551 et
568 1522 661 1562 pax
683 1510 871 1551 Domini
892 1510 1039 1551 nostri
1058 1510 1169 1564 Jesu
1195 1510 1369 1551 Christi
1396 1510 1454 1551 sit
1480 1510 1723 1552 nobiscum
1750 1522 1862 1552 sem-

245 1594 341 1634 per.
370 1581 536 1623 Amen.

318 1653 497 1694 Memor
518 1653 639 1693 illius
660 1658 767 1694 tuae
788 1653 921 1704 legis,
945 1651 1044 1693 Rde
1069 1654 1115 1693 in
1145 1652 1331 1693 Christo
1359 1651 1512 1704 Pater,
1541 1664 1659 1704 quae
1686 1652 1862 1693 succin-

241 1730 341 1764 ctas
362 1730 541 1764 tantum
564 1724 763 1764 admittit
781 1724 953 1772 literas,
974 1724 1033 1764 ita
1054 1735 1126 1763 me
1143 1724 1439 1775 comparabo,
1458 1735 1515 1764 ne
1532 1723 1605 1764 uel
1623 1723 1793 1764 nimiae
1816 1723 1861 1764 in

239 1795 483 1836 scribendo
506 1795 788 1847 prolixitatis
810 1795 972 1835 merito
997 1795 1232 1846 redargui,
1256 1795 1330 1835 vel
1351 1794 1475 1835 aliud
1496 1806 1635 1846 quam
1657 1794 1780 1846 quod
1801 1794 1858 1835 si-

240 1866 381 1906 lentio
412 1866 600 1906 omnino
628 1866 873 1918 praeteriri
899 1877 993 1906 non
1020 1871 1219 1917 poterat,
1244 1865 1290 1906 in
1318 1866 1521 1906 medium
1553 1877 1611 1906 ex
1647 1865 1859 1917 proximo

238 1937 566 1989 quadrimestri
587 1937 795 1977 attulisse
817 1935 994 1977 videar.

318 2008 471 2061 Atque
506 2014 554 2048 vt
592 2021 617 2048 a
649 2008 814 2048 studiis
842 2008 1012 2058 ordiar,
1047 2008 1217 2048 crescit
1245 2009 1290 2048 in
1319 2008 1417 2048 dies
1439 2008 1590 2060 magis
1619 2008 1862 2060 magisque

237 2079 569 2130 discipulorum
591 2090 826 2129 numerus,
848 2085 907 2130 et,
928 2079 1053 2130 quod
1075 2078 1394 2130 experimento
1415 2079 1686 2130 quotidiano
1709 2079 1862 2120 edocti

237 2150 550 2201 intelligimus,
575 2151 813 2191 literarum
834 2150 1029 2190 scientia
1051 2161 1157 2190 cum
1177 2161 1359 2190 morum
1381 2150 1648 2201 integritate
1673 2151 1860 2191 coniun-

237 2222 384 2272 gitur:
418 2233 536 2273 quae
563 2232 676 2262 sane
703 2233 777 2262 res
804 2221 1040 2273 impulisse
1068 2221 1273 2262 creditur
1303 2222 1503 2262 nobilem
1531 2221 1778 2273 quemdam
1807 2233 1862 2262 ac

238 2303 329 2332 non
360 2292 579 2343 postremi
607 2292 653 2332 in
679 2291 933 2343 Republica
957 2292 1157 2332 nominis
1187 2292 1361 2342 virum,
1392 2298 1442 2332 vt
1468 2292 1735 2344 nuperrime
1766 2303 1861 2332 vno

238 2362 490 2414 eodemque
529 2363 601 2403 die
640 2363 839 2414 quinque
879 2362 1024 2413 filios,
1071 2374 1279 2403 summae
1327 2362 1423 2414 spei
1471 2363 1858 2413 adolescentulos,

238 2434 435 2474 aliorum
464 2434 638 2474 ferulae
667 2434 944 2483 subtractos,
979 2434 1067 2473 huc
1098 2433 1375 2473 erudiendos
1404 2433 1687 2485 perduxerit:
1723 2439 1861 2485 atque

237 2504 377 2544 ctiam
412 2505 477 2553 (vt
512 2504 695 2544 interim
730 2505 845 2544 alios
876 2504 1182 2555 praeteream)
1218 2515 1448 2544 summum
1481 2503 1649 2545 Curiae
1684 2503 1859 2555 Regiae

236 2574 458 2627 Judicem‚
490 2581 540 2614 vt
574 2580 618 2614 et
652 2575 750 2626 ipsc
785 2582 878 2614 tres
908 2574 1025 2614 filios
1053 2574 1224 2614 nostris
1255 2573 1525 2614 formandos
1555 2574 1855 2615 commiserit.

292 2709 301 2729 ¹
340 2709 422 2736 Bina
438 2714 514 2737 sunt
529 2710 650 2737 harum
666 2711 861 2737 litterarum
876 2711 1040 2744 exempla,
1054 2711 1199 2737 alterum
1215 2709 1247 2737 in
1263 2709 1341 2736 folio
1358 2709 1494 2743 duplici.
1510 2709 1636 2744 primo,
1661 2717 1691 2737 n.
1715 2709 1783 2744 146,
1809 2718 1860 2736 se-

237 2757 345 2784 cundo
361 2765 425 2784 non
439 2761 626 2790 numerato,
643 2759 788 2784 alterum
804 2757 927 2791 duplici
944 2757 1024 2784 item
1038 2757 1136 2789 folio,
1158 2764 1211 2783 nn.
1237 2756 1284 2783 147
1309 2761 1341 2784 et
1366 2756 1423 2784 148.
1445 2756 1592 2784 Diversa
1613 2761 1665 2784 est
1687 2764 1773 2791 quae
1794 2758 1864 2791 pri-

236 2812 324 2831 mum
340 2805 497 2831 exaravit
513 2812 629 2832 manus
645 2806 688 2832 ab
709 2812 757 2838 ea,
781 2812 866 2839 quae
891 2804 1074 2832 secundum
1095 2804 1252 2831 confecit.
1275 2804 1397 2831 Utrum
1421 2808 1535 2832 autem
1556 2811 1670 2831 eorum
1692 2808 1855 2839 autogra-

236 2853 338 2885 phum
352 2853 409 2885 sit,
424 2859 464 2878 an
480 2859 562 2879 vero
577 2856 755 2886 utrumque
772 2852 1019 2886 apographum,
1036 2851 1217 2878 decernere
1233 2858 1298 2878 non
1314 2852 1477 2884 valemus;
1492 2851 1570 2886 quia
1585 2858 1750 2886 nusquam
1766 2852 1855 2878 alias

236 2899 269 2926 in
284 2899 382 2934 hujus
398 2899 533 2932 Aegidni
549 2898 651 2926 Fabri
667 2904 761 2926 certo
777 2899 1011 2933 autographas
1026 2899 1162 2926 litteras
1177 2898 1364 2930 incidimus.
1381 2905 1441 2925 nec
1455 2899 1561 2926 ullum
1581 2905 1665 2932 prae
1686 2906 1721 2925 se
1745 2899 1859 2926 ferunt

236 2947 319 2974 haec
333 2947 488 2980 exempla
503 2946 671 2977 indicium,
689 2953 752 2979 quo
769 2946 947 2980 dijudicari
968 2946 999 2973 id
1022 2950 1114 2972 certo
1136 2945 1253 2979 possit.
1276 2945 1465 2980 Utrumque
1489 2949 1603 2973 tamen
1632 2946 1858 2981 archetypum

237 2993 473 3020 existimamus
493 2992 649 3020 Messana
675 2992 815 3020 Romam
839 2994 994 3026 missum3
1017 2999 1095 3020 nam
1120 2993 1151 3019 in
1172 2997 1315 3027 utroque
1337 2992 1474 3020 Polanci
1496 3000 1632 3020 manum
1655 2997 1708 3020 est
1729 2993 1859 3027 videre,

237 3041 401 3075 quaedam
416 3048 524 3074 pauca
539 3040 571 3067 in
585 3040 693 3074 primo
708 3040 929 3073 emendantis,
946 3041 1014 3067 alia
1030 3040 1062 3067 in
1079 3040 1188 3067 altero
1205 3040 1246 3067 ad
1262 3040 1405 3067 chartae
1421 3047 1515 3066 oram
1528 3040 1718 3074 scribentis,
1732 3040 1858 3074 quibus

237 3088 313 3125 quid
331 3088 466 3116 litterae
482 3088 647 3116 haberent
664 3087 876 3120 indigitaret,
892 3087 1046 3122 Utraque
1063 3094 1121 3114 nos
1135 3087 1177 3114 ad
1192 3088 1337 3121 paginae
1353 3088 1480 3114 calcem
1495 3087 1720 3121 subjiciemus.
