2020 3342
259 244 329 282 432
770 245 993 282 LITTERAE
1019 256 1378 288 QUADRIMESTRES

337 341 386 381 [n
419 341 539 381 festo
570 340 729 381 Sancti
756 341 1103 381 Bartholomaei
1134 341 1283 391 (cuius
1318 342 1546 383 habemus
1581 345 1821 395 sacellum,
1858 359 1885 384 a

261 412 444 451 Boemis
466 423 519 450 eo
541 412 614 451 die
643 411 909 451 solemniter
939 411 1196 462 uisitatum‚
1220 413 1362 452 etiam
1390 413 1612 464 Hussitis)
1643 420 1748 465 post
1777 426 1885 455 con-

254 483 438 521 cionem
459 481 741 531 Boemicam,
766 488 873 521 ante
894 482 1086 522 missam
1106 482 1486 533 frequentissimo
1507 484 1738 524 auditorio
1756 485 1885 525 habi-

258 559 367 602 tam,
391 552 437 591 in
459 552 610 591 medio
633 553 839 592 eiusdem
861 553 1032 592 missae
1053 552 1227 593 Rhetor
1244 560 1420 604 noster,
1444 553 1569 605 Mag.
1589 554 1881 606 Guilielmus‚

258 622 412 671 latine,
437 622 643 662 maxima
664 634 770 662 cum
798 623 1120 674 admiratione,
1155 623 1462 664 concionatus
1492 631 1575 665 est.
1608 625 1745 666 Vnde
1773 638 1883 666 non-

257 692 369 732 nulli
391 693 626 743 commoti,
650 693 874 744 postridie
895 693 1089 734 summis
1106 694 1324 744 precibus
1340 695 1475 734 nobis
1491 707 1601 736 suos
1618 696 1884 736 obtulerunt

257 764 374 804 filios
395 764 720 812 instituendos
745 776 944 816 quorum
968 765 1108 804 etiam
1125 777 1267 816 opera
1285 766 1418 806 nobis
1434 767 1481 806 in
1498 767 1700 818 negotiis
1717 767 1885 807 obeun-

257 835 327 874 dis
349 836 413 875 uti
435 835 587 875 liceat.
612 835 788 875 Eodem
818 835 891 875 die
921 835 1030 875 Diui
1057 835 1411 877 Bartholomaei
1443 849 1469 877 a
1499 837 1696 888 prandio
1727 838 1885 878 habita

257 911 326 945 est
348 918 373 945 a
396 906 598 957 quodam
619 917 677 945 ex
698 905 938 957 discipulis
960 906 1112 946 oratio
1134 907 1296 957 latina,
1320 908 1395 947 cui
1416 907 1726 948 interfuerunt
1753 919 1885 959 prae-

257 976 380 1027 cipui
402 976 671 1016 sacerdotes
693 976 831 1027 arcis,
856 987 962 1016 curn
980 976 1181 1016 Domino
1199 976 1487 1028 Praeposito,
1507 984 1551 1018 et
1573 979 1705 1018 multi
1728 985 1885 1019 sectae

258 1046 522 1086 Hussiticae
552 1047 656 1096 viri,
690 1047 857 1098 quibus
887 1047 1103 1087 omnibus
1130 1048 1300 1088 mirum
1329 1048 1375 1088 in
1402 1049 1590 1089 modum
1619 1049 1884 1100 inexpecta-

256 1124 354 1157 tum
374 1117 419 1157 id
440 1117 668 1157 accidisse
691 1117 897 1158 videtur:
921 1118 986 1157 ita
1011 1118 1418 1169 obstupescebant.

333 1187 519 1227 Patrem
540 1195 751 1228 nostrum
777 1187 1118 1228 Prouincialem
1144 1188 1381 1229 Canisium
1408 1189 1522 1230 mire
1549 1190 1638 1230 hae
1666 1192 1885 1241 regiones

257 1259 570 1310 Aquilonares
594 1266 891 1309 venerantur,
916 1266 964 1298 ut
980 1271 1073 1299 non
1091 1261 1240 1299 solum
1263 1259 1494 1300 Catholici
1511 1260 1593 1300 sed
1610 1262 1750 1301 etiam
1766 1261 1884 1301 Hus-

256 1330 373 1369 sitae
397 1336 439 1370 et
461 1330 539 1369 alii
560 1330 801 1380 haeretici,
826 1330 967 1370 immo
990 1337 1034 1370 et
1068 1329 1221 1370 iudaei
1243 1342 1348 1370 eum
1377 1330 1387 1349 ¹
1424 1331 1636 1383 diligant;
1672 1332 1888 1383 quamuis

256 1400 442 1440 doleant
472 1401 700 1440 malorum
736 1400 939 1441 artifices
968 1407 1063 1440 tam
1086 1402 1229 1441 multa
1251 1402 1348 1442 eius
1370 1402 1566 1442 consilio
1595 1403 1642 1442 in
1662 1403 1883 1443 uniuerso

256 1471 538 1511 Germaniae
566 1477 691 1511 statu
722 1471 834 1518 fieri,
868 1478 916 1511 ut
946 1472 1059 1512 mihi
1087 1484 1113 1512 a
1140 1472 1417 1523 quibusdam
1443 1472 1794 1523 indignantibus
1822 1473 1885 1513 di-

256 1548 382 1582 ctum
403 1548 485 1592 est,
512 1543 665 1582 omnia
688 1543 864 1582 scilicet
887 1543 984 1583 eius
1007 1543 1200 1582 consilio
1222 1543 1337 1589 fieri,
1363 1549 1450 1583 etc.

336 1613 596 1653 Habuimus
618 1613 794 1664 aliquot
815 1613 1125 1653 scholasticos
1142 1613 1416 1653 confitentes
1438 1620 1483 1653 et
1499 1614 1640 1654 etiam
1662 1614 1887 1665 quosdam

257 1685 656 1724 communicantes
678 1684 723 1723 in
745 1683 864 1724 festo
886 1683 1059 1724 Beatae
1082 1684 1307 1734 Virginis.
1334 1683 1551 1724 Gaudent
1573 1691 1726 1724 autem
1754 1686 1886 1736 pueri

256 1755 436 1795 discere
457 1755 827 1795 cathechismum
856 1762 1081 1795 nostrum.

334 1826 591 1866 Maximum
627 1826 681 1866 de
716 1827 850 1866 nobis
885 1838 1120 1866 rumorem
1166 1827 1327 1878 spargi
1362 1827 1484 1878 apud
1517 1838 1792 1878 germanos,
1830 1839 1885 1867 ac

255 1898 530 1948 praesertim
552 1897 675 1948 apud
703 1897 1025 1937 Mai-chionem
1054 1897 1571 1948 Brandembu1·gensem
1599 1898 1612 1917 ²
1639 1905 1683 1938 et
1705 1898 1884 1938 Ducem

254 1967 490 2008 Saxoniae
511 1966 540 2017 ³,
563 1970 718 2008 retulit
741 1969 871 2008 nobis
894 1968 950 2007 D.
977 1967 1297 2008 Marschalcus
1319 1967 1333 1986 ‘²
1351 1981 1377 2008 a
1394 1969 1526 2019 regia
1543 1968 1789 2009 Maiestate
1807 1969 1883 2009 de-

252 2039 409 2079 fensor
432 2039 566 2078 nobis
594 2040 886 2091 constitutus:
917 2039 1094 2079 utinam
1122 2039 1326 2079 omnium
1354 2040 1667 2090 expectationi
1699 2040 1885 2080 satisfa-

253 2121 361 2149 cere
381 2110 532 2150 liceat.

334 2179 554 2221 Nostrum
589 2180 846 2231 Collegium
882 2181 927 2220 in
961 2181 1166 2221 ciuitatis
1201 2181 1453 2221 meditullio
1488 2182 1627 2221 situm
1657 2188 1746 2231 est,
1779 2183 1881 2222 loco

255 2252 575 2301 saluberrim03
601 2251 834 2302 quondam
857 2258 1090 2291 trecentos
1112 2252 1280 2292 dicitur
1302 2252 1522 2306 habuisse
1540 2251 1708 2292 fratres
1727 2252 1890 2293 Domi—

307 2434 317 2453 ¹
357 2433 422 2467 Sic;
438 2434 540 2461 illum
558 2434 838 2467 BRAUNSBERGER,
857 2435 875 2461 1.
891 2441 929 2466 c.¹
948 2441 1027 2468 pag.
1045 2434 1106 2461 772.

307 2481 320 2499 ‘2
357 2480 526 2513 “Joachim
546 2481 585 2514 11,
603 2482 756 2508 marchio
772 2481 1105 2515 brandenburgensis
1121 2486 1153 2508 et
1170 2480 1300 2514 imperii
1325 2481 1462 2512 elector,
1486 2482 1527 2507 ab
1551 2481 1695 2508 ecclesia
1710 2482 1881 2509 catholiea

254 2529 295 2554 ad
311 2527 501 2555 Lutherum
516 2529 718 2561 defece1·at.„
733 2529 1017 2561 BRAUNSBERGER,
1034 2528 1124 2560 Ibz'd,
1139 2533 1252 2555 annot.
1267 2529 1293 2555 4.

308 2576 321 2594 5
358 2576 577 2608 “Augustum
594 2576 725 2610 imperii
740 2577 954 2608 electorem„
969 2575 1017 2603 ΙΙ).
1033 2575 1125 2608 Ibid,
1139 2580 1251 2602 annot.
1265 2576 1291 2603 ἴ).

307 2623 321 2642 4
358 2622 556 2649 “Ladislaus
567 2624 668 2657 Popel
683 2624 722 2649 de
732 2623 942 2650 Lobkowitz.
954 2623 1003 2650 In.
1016 2623 1118 2655 Ihici„
1135 2628 1247 2649 annot.
1257 2623 1283 2655 6,
1297 2624 1457 2650 lectorem
1480 2624 1656 2650 remittens
1675 2623 1718 2651 ad
1730 2630 1809 2657 pag.
1820 2622 1883 2653 607.

253 2673 368 2697 annot.
382 2670 408 2703 6,
425 2670 479 2696 ubi
495 2670 578 2696 haec
595 2671 810 2704 scripserat,„
828 2670 1010 2704 Supremus
1025 2671 1121 2704 regni
1134 2670 1317 2697 Bohemiae
1331 2671 1578 2697 mareschallus
1593 2670 1796 2698 Bertholdus
1811 2677 1878 2697 von

254 2717 314 2743 der
334 2716 416 2750 LeIp
442 2718 473 2743 in
489 2717 639 2744 Krumau
662 2718 763 2744 fuisse
783 2718 943 2744 traditur.
959 2717 1074 2752 Neque
1096 2722 1210 2744 tamen
1226 2718 1311 2744 hune
1338 2717 1493 2744 Canisius
1513 2717 1707 2751 significare
1729 2717 1878 2754 videtur⁷

254 2764 311 2790 sed
327 2763 525 2791 Ladislaum
540 2764 569 2790 I[
598 2764 699 2798 Popel
712 2765 751 2791 de
763 2765 962 2792 Lobkowitz
978 2764 1166 2797 (mim-1581),
1183 2765 1237 2798 qui
1250 2765 1364 2791 curiae
1376 2765 1467 2798 regis
1480 2765 1660 2792 Bohemiae
1672 2764 1877 2792 mareschal-

253 2809 317 2842 lus,
331 2811 460 2844 primus
475 2819 614 2844 praeses
627 2813 877 2845 appellationis,
893 2820 1070 2846 supremus
1085 2813 1179 2845 regni
1196 2812 1391 2845 praefectus
1406 2809 1479 2838 fu'it.
1495 2811 1581 2838 Nam
1596 2813 1637 2839 ab
1653 2811 1878 2845 historiogra-

253 2859 320 2892 pho
335 2859 533 2892 provinciae
548 2859 744 2885 bohemicae
762 2858 793 2885 S.
810 2859 837 2891 J.
854 2860 943 2886 inter
958 2860 1085 2886 nobiles
1100 2859 1300 2891 catholicos.
1325 2859 1380 2892 qui
1398 2857 1605 2885 Societatem
1630 2859 1662 2885 in
1683 2858 1880 2886 Bohemiam

252 2906 499 2939 ingredientem
513 2906 718 2938 adjuverint,
736 2906 918 2940 Leipenses
934 2914 998 2934 non
1013 2911 1245 2939 recensentur,
1261 2906 1469 2933 Lobkowicii
1491 2913 1605 2933 omnes
1620 2905 1797 2940 religionis
1810 2909 1878 2933 stu-

252 2953 432 2980 diosissimi
453 2953 555 2979 fuisse
580 2953 773 2989 traduntur.
789 2953 878 2986 Quos
894 2954 1057 2981 Societati
1074 2954 1116 2981 ab
1132 2954 1227 2981 initio
1245 2954 1344 2980 valde
1368 2954 1494 2980 favisse
1519 2954 1623 2980 etiam
1648 2953 1783 2980 aliunde
1799 2960 1877 2980 con-

251 3005 323 3028 stat
337 3000 443 3034 (Hosii
460 3001 634 3034 Epistolae
653 3008 685 3033 Π,
704 3001 781 3027 1027.
798 3000 948 3028 Schmidl
964 3003 984 3028 l.
1001 3009 1027 3029 e.
1044 3009 1065 3033 1,
1077 3001 1123 3028 67.
1141 3001 1168 3028 1.
1183 3001 1241 3028 W.
1256 3000 1376 3034 Imhof,
1389 3000 1520 3027 Notitia
1535 3000 1625 3027 sacri
1639 3000 1779 3028 Romani
1795 3000 1879 3027 Ger·

253 3048 375 3075 manici
392 3047 527 3082 Imperii
546 3048 727 3075 Procerum
743 3048 792 3074 ed.
809 3049 835 3075 5.
852 3056 924 3075 cur.
939 3048 963 3075 Ι.
981 3048 1019 3076 D.
1038 3049 1171 3075 Koeleri
1190 3049 1375 3082 [Tubingae
1393 3047 1484 3080 17321,
1505 3048 1710 3081 1›.5-304-395l„
