<?xml version="1.0" encoding="UTF-8"?>
<!DOCTYPE html PUBLIC "-//W3C//DTD XHTML 1.0 Transitional//EN"
    "http://www.w3.org/TR/xhtml1/DTD/xhtml1-transitional.dtd">
<html xmlns="http://www.w3.org/1999/xhtml" xml:lang="en" lang="en">
 <head>
  <title>
</title>
<meta http-equiv="Content-Type" content="text/html;charset=utf-8" />
  <meta name='ocr-system' content='tesseract 3.04.00' />
  <meta name='ocr-capabilities' content='ocr_page ocr_carea ocr_par ocr_line ocrx_word'/>
</head>
<body>
  <div class='ocr_page' id='page_1' title='image "./litteraequadrime16lain/litteraequadrime16lain_0586.png"; bbox 0 0 2020 3342; ppageno 0'>
   <div class='ocr_carea' id='block_1_1' title="bbox 288 227 1398 272">
    <p class='ocr_par' dir='ltr' id='par_1_1' title="bbox 288 227 1398 272">
     <span class='ocr_line' id='line_1_1' title="bbox 288 227 1398 272; baseline -0.003 -3"><span class='ocrx_word' id='word_1_1' title='bbox 288 229 366 269; x_wconf 54' lang='lat'>2580</span> <span class='ocrx_word' id='word_1_2' title='bbox 790 227 1015 268; x_wconf 81' lang='lat' dir='ltr'><strong>LITTERAE</strong></span> <span class='ocrx_word' id='word_1_3' title='bbox 1032 234 1398 272; x_wconf 68' lang='lat' dir='ltr'>&#39;QUADRIMESTRES</span> 
     </span>
    </p>
   </div>
   <div class='ocr_carea' id='block_1_2' title="bbox 286 322 1918 658">
    <p class='ocr_par' dir='ltr' id='par_1_2' title="bbox 286 322 1918 658">
     <span class='ocr_line' id='line_1_2' title="bbox 296 322 1918 378; baseline -0.001 -13"><span class='ocrx_word' id='word_1_4' title='bbox 296 325 572 378; x_wconf 73' lang='lat' dir='ltr'>plorandum</span> <span class='ocrx_word' id='word_1_5' title='bbox 591 324 760 375; x_wconf 64' lang='lat' dir='ltr'>vmagis</span> <span class='ocrx_word' id='word_1_6' title='bbox 777 334 943 374; x_wconf 61' lang='lat' dir='ltr'>‚quam</span> <span class='ocrx_word' id='word_1_7' title='bbox 970 322 1268 368; x_wconf 85' lang='lat' dir='ltr'>excitandum</span> <span class='ocrx_word' id='word_1_8' title='bbox 1283 364 1289 366; x_wconf 80' lang='grc'><strong>,</strong></span> <span class='ocrx_word' id='word_1_9' title='bbox 1307 323 1573 374; x_wconf 83' lang='lat' dir='ltr'>uidebatur)</span> <span class='ocrx_word' id='word_1_10' title='bbox 1593 322 1918 375; x_wconf 51' lang='lat' dir='ltr'>uindicatum,</span> 
     </span>
     <span class='ocr_line' id='line_1_3' title="bbox 294 393 1917 446; baseline -0.001 -9"><span class='ocrx_word' id='word_1_11' title='bbox 294 397 420 437; x_wconf 90' lang='lat' dir='ltr'>omni</span> <span class='ocrx_word' id='word_1_12' title='bbox 454 401 624 436; x_wconf 90' lang='lat' dir='ltr'>conatu</span> <span class='ocrx_word' id='word_1_13' title='bbox 660 394 705 434; x_wconf 92' lang='lat' dir='ltr'>id</span> <span class='ocrx_word' id='word_1_14' title='bbox 739 393 877 433; x_wconf 91' lang='lat' dir='ltr'>modo</span> <span class='ocrx_word' id='word_1_15' title='bbox 912 398 1093 444; x_wconf 90' lang='lat' dir='ltr'>spectat</span> <span class='ocrx_word' id='word_1_16' title='bbox 1128 400 1171 433; x_wconf 92' lang='lat' dir='ltr'>et</span> <span class='ocrx_word' id='word_1_17' title='bbox 1206 393 1346 439; x_wconf 86' lang='lat' dir='ltr'>rectis</span> <span class='ocrx_word' id='word_1_18' title='bbox 1381 394 1549 440; x_wconf 87' lang='lat' dir='ltr'>studiis</span> <span class='ocrx_word' id='word_1_19' title='bbox 1583 395 1837 446; x_wconf 82' lang='lat' dir='ltr'><strong>contendit,</strong></span> <span class='ocrx_word' id='word_1_20' title='bbox 1869 402 1917 435; x_wconf 92' lang='lat' dir='ltr'>ut</span> 
     </span>
     <span class='ocr_line' id='line_1_4' title="bbox 292 463 1914 516; baseline -0.001 -9"><span class='ocrx_word' id='word_1_21' title='bbox 292 473 420 507; x_wconf 84' lang='lat' dir='ltr'>tanto</span> <span class='ocrx_word' id='word_1_22' title='bbox 442 477 563 507; x_wconf 89' lang='lat' dir='ltr'>nunc</span> <span class='ocrx_word' id='word_1_23' title='bbox 587 465 745 515; x_wconf 88' lang='lat' dir='ltr'>uitam,</span> <span class='ocrx_word' id='word_1_24' title='bbox 769 463 1044 514; x_wconf 78' lang='lat' dir='ltr'>religionem</span> <span class='ocrx_word' id='word_1_25' title='bbox 1066 474 1341 515; x_wconf 89' lang='lat' dir='ltr'>omnemque</span> <span class='ocrx_word' id='word_1_26' title='bbox 1363 474 1553 516; x_wconf 80' lang='lat' dir='ltr'>operam</span> <span class='ocrx_word' id='word_1_27' title='bbox 1575 475 1707 511; x_wconf 85' lang='lat' dir='ltr'>suam</span> <span class='ocrx_word' id='word_1_28' title='bbox 1729 464 1914 505; x_wconf 89' lang='lat' dir='ltr'>Christo</span> 
     </span>
     <span class='ocr_line' id='line_1_5' title="bbox 290 534 1914 586; baseline -0.001 -9"><span class='ocrx_word' id='word_1_29' title='bbox 290 537 513 577; x_wconf 78' lang='lat' dir='ltr'>assertori</span> <span class='ocrx_word' id='word_1_30' title='bbox 546 535 849 586; x_wconf 85' lang='lat' dir='ltr'>integriorem</span> <span class='ocrx_word' id='word_1_31' title='bbox 880 534 1337 586; x_wconf 89' lang='lat' dir='ltr'>constantioremque</span> <span class='ocrx_word' id='word_1_32' title='bbox 1364 535 1584 586; x_wconf 87' lang='lat' dir='ltr'>probent,</span> <span class='ocrx_word' id='word_1_33' title='bbox 1613 541 1787 586; x_wconf 89' lang='lat' dir='ltr'>quanto</span> <span class='ocrx_word' id='word_1_34' title='bbox 1815 536 1914 576; x_wconf 92' lang='lat' dir='ltr'>eius</span> 
     </span>
     <span class='ocr_line' id='line_1_6' title="bbox 286 604 1913 658; baseline -0.001 -10"><span class='ocrx_word' id='word_1_35' title='bbox 286 607 609 648; x_wconf 89' lang='lat' dir='ltr'>sanctissimos</span> <span class='ocrx_word' id='word_1_36' title='bbox 630 605 795 646; x_wconf 91' lang='lat' dir='ltr'>ductus</span> <span class='ocrx_word' id='word_1_37' title='bbox 817 605 1090 656; x_wconf 87' lang='lat' dir='ltr'>improbiori</span> <span class='ocrx_word' id='word_1_38' title='bbox 1110 604 1321 645; x_wconf 89' lang='lat' dir='ltr'>desertos</span> <span class='ocrx_word' id='word_1_39' title='bbox 1336 605 1531 657; x_wconf 86' lang='lat' dir='ltr'>perfidia</span> <span class='ocrx_word' id='word_1_40' title='bbox 1549 618 1604 646; x_wconf 93' lang='lat' dir='ltr'>ac</span> <span class='ocrx_word' id='word_1_41' title='bbox 1620 605 1828 658; x_wconf 83' lang='lat' dir='ltr'>nequitia</span> <span class='ocrx_word' id='word_1_42' title='bbox 1844 618 1913 646; x_wconf 86' lang='lat' dir='ltr'>re-</span> 
     </span>
    </p>
   </div>
   <div class='ocr_carea' id='block_1_3' title="bbox 285 679 1912 799">
    <p class='ocr_par' dir='ltr' id='par_1_3' title="bbox 285 679 1912 799">
     <span class='ocr_line' id='line_1_7' title="bbox 285 679 610 731; baseline -0.009 -12"><span class='ocrx_word' id='word_1_43' title='bbox 285 679 610 731; x_wconf 88' lang='lat' dir='ltr'>pudiauerant.</span> 
     </span>
     <span class='ocr_line' id='line_1_8' title="bbox 363 746 1912 799; baseline -0.001 -10"><span class='ocrx_word' id='word_1_44' title='bbox 363 749 531 790; x_wconf 80' lang='lat' dir='ltr'>lisdem</span> <span class='ocrx_word' id='word_1_45' title='bbox 566 759 678 788; x_wconf 90' lang='lat' dir='ltr'>uero</span> <span class='ocrx_word' id='word_1_46' title='bbox 713 747 879 787; x_wconf 88' lang='lat' dir='ltr'>studiis</span> <span class='ocrx_word' id='word_1_47' title='bbox 913 747 1003 787; x_wconf 89' lang='lat' dir='ltr'>illis</span> <span class='ocrx_word' id='word_1_48' title='bbox 1037 753 1175 799; x_wconf 90' lang='lat' dir='ltr'>atque</span> <span class='ocrx_word' id='word_1_49' title='bbox 1211 747 1439 787; x_wconf 89' lang='lat' dir='ltr'>industria</span> <span class='ocrx_word' id='word_1_50' title='bbox 1476 746 1725 788; x_wconf 83' lang='lat' dir='ltr'>Societatis</span> <span class='ocrx_word' id='word_1_51' title='bbox 1759 747 1912 788; x_wconf 91' lang='lat' dir='ltr'>Deum</span> 
     </span>
    </p>
   </div>
   <div class='ocr_carea' id='block_1_4' title="bbox 244 818 1911 2869">
    <p class='ocr_par' dir='ltr' id='par_1_4' title="bbox 264 818 1911 1928">
     <span class='ocr_line' id='line_1_9' title="bbox 284 818 1911 870; baseline -0.001 -9"><span class='ocrx_word' id='word_1_52' title='bbox 284 822 582 861; x_wconf 84' lang='lat' dir='ltr'>uehementer</span> <span class='ocrx_word' id='word_1_53' title='bbox 609 819 697 859; x_wconf 91' lang='lat' dir='ltr'>sibi</span> <span class='ocrx_word' id='word_1_54' title='bbox 723 818 882 858; x_wconf 86' lang='lat' dir='ltr'>Esium</span> <span class='ocrx_word' id='word_1_55' title='bbox 914 818 924 836; x_wconf 86' lang='lat'>¹</span> <span class='ocrx_word' id='word_1_56' title='bbox 960 819 1196 869; x_wconf 89' lang='lat' dir='ltr'>placatum</span> <span class='ocrx_word' id='word_1_57' title='bbox 1231 819 1374 858; x_wconf 90' lang='lat' dir='ltr'>sensit</span> <span class='ocrx_word' id='word_1_58' title='bbox 1409 830 1464 858; x_wconf 89' lang='lat' dir='ltr'>ac</span> <span class='ocrx_word' id='word_1_59' title='bbox 1498 818 1768 870; x_wconf 90' lang='lat' dir='ltr'>propitium.</span> <span class='ocrx_word' id='word_1_60' title='bbox 1804 818 1911 859; x_wconf 89' lang='lat' dir='ltr'>Duo</span> 
     </span>
     <span class='ocr_line' id='line_1_10' title="bbox 282 889 1910 942; baseline -0.001 -12"><span class='ocrx_word' id='word_1_61' title='bbox 282 903 482 942; x_wconf 88' lang='lat' dir='ltr'>namque</span> <span class='ocrx_word' id='word_1_62' title='bbox 504 902 562 930; x_wconf 80' lang='lat' dir='ltr'>ex</span> <span class='ocrx_word' id='word_1_63' title='bbox 582 889 756 930; x_wconf 93' lang='lat' dir='ltr'>nostris</span> <span class='ocrx_word' id='word_1_64' title='bbox 773 889 961 941; x_wconf 92' lang='lat' dir='ltr'>quidem</span> <span class='ocrx_word' id='word_1_65' title='bbox 978 889 1086 929; x_wconf 89' lang='lat' dir='ltr'>illuc</span> <span class='ocrx_word' id='word_1_66' title='bbox 1104 895 1451 939; x_wconf 88' lang='lat' dir='ltr'>concesserunt,</span> <span class='ocrx_word' id='word_1_67' title='bbox 1472 889 1548 928; x_wconf 90' lang='lat' dir='ltr'>ubi</span> <span class='ocrx_word' id='word_1_68' title='bbox 1564 895 1750 940; x_wconf 90' lang='lat' dir='ltr'>praeter</span> <span class='ocrx_word' id='word_1_69' title='bbox 1765 889 1910 929; x_wconf 76' lang='lat' dir='ltr'>incre-</span> 
     </span>
     <span class='ocr_line' id='line_1_11' title="bbox 280 960 1908 1013; baseline 0 -12"><span class='ocrx_word' id='word_1_70' title='bbox 280 962 463 1012; x_wconf 67' lang='lat' dir='ltr'>dibiles,</span> <span class='ocrx_word' id='word_1_71' title='bbox 485 973 602 1013; x_wconf 94' lang='lat' dir='ltr'>quos</span> <span class='ocrx_word' id='word_1_72' title='bbox 624 961 685 1001; x_wconf 89' lang='lat' dir='ltr'>ibi</span> <span class='ocrx_word' id='word_1_73' title='bbox 707 960 889 1000; x_wconf 87' lang='lat' dir='ltr'>fructus</span> <span class='ocrx_word' id='word_1_74' title='bbox 909 960 1200 1012; x_wconf 68' lang='lat' dir='ltr'>excitarunt,</span> <span class='ocrx_word' id='word_1_75' title='bbox 1224 961 1390 1011; x_wconf 90' lang='lat' dir='ltr'>ingens</span> <span class='ocrx_word' id='word_1_76' title='bbox 1411 962 1580 1011; x_wconf 89' lang='lat' dir='ltr'>populo</span> <span class='ocrx_word' id='word_1_77' title='bbox 1604 962 1678 1000; x_wconf 89' lang='grc'><strong>1161</strong></span> <span class='ocrx_word' id='word_1_78' title='bbox 1696 972 1908 1012; x_wconf 90' lang='lat' dir='ltr'>perman-</span> 
     </span>
     <span class='ocr_line' id='line_1_12' title="bbox 279 1031 1909 1084; baseline 0 -11"><span class='ocrx_word' id='word_1_79' title='bbox 279 1034 447 1084; x_wconf 81' lang='lat' dir='ltr'>sionis,</span> <span class='ocrx_word' id='word_1_80' title='bbox 479 1034 551 1072; x_wconf 89' lang='grc'><strong>1161</strong></span> <span class='ocrx_word' id='word_1_81' title='bbox 581 1039 791 1072; x_wconf 88' lang='lat' dir='ltr'>maturae</span> <span class='ocrx_word' id='word_1_82' title='bbox 820 1038 864 1071; x_wconf 90' lang='lat' dir='ltr'>et</span> <span class='ocrx_word' id='word_1_83' title='bbox 893 1032 1147 1083; x_wconf 82' lang='lat' dir='ltr'>frequentis</span> <span class='ocrx_word' id='word_1_84' title='bbox 1172 1032 1458 1071; x_wconf 88' lang='lat' dir='ltr'>reuersionis</span> <span class='ocrx_word' id='word_1_85' title='bbox 1487 1043 1599 1072; x_wconf 90' lang='lat' dir='ltr'>suae</span> <span class='ocrx_word' id='word_1_86' title='bbox 1629 1031 1909 1073; x_wconf 89' lang='lat' dir='ltr'>desiderium</span> 
     </span>
     <span class='ocr_line' id='line_1_13' title="bbox 277 1103 1907 1155; baseline 0 -11"><span class='ocrx_word' id='word_1_87' title='bbox 277 1106 580 1155; x_wconf 87' lang='lat' dir='ltr'>reliquerunt.</span> <span class='ocrx_word' id='word_1_88' title='bbox 603 1103 655 1143; x_wconf 92' lang='lat' dir='ltr'>Id</span> <span class='ocrx_word' id='word_1_89' title='bbox 677 1103 814 1153; x_wconf 90' lang='lat' dir='ltr'>enim,</span> <span class='ocrx_word' id='word_1_90' title='bbox 846 1110 1033 1154; x_wconf 89' lang='lat' dir='ltr'>praeter</span> <span class='ocrx_word' id='word_1_91' title='bbox 1055 1103 1260 1143; x_wconf 90' lang='lat' dir='ltr'>omnium</span> <span class='ocrx_word' id='word_1_92' title='bbox 1292 1114 1422 1155; x_wconf 89' lang='lat' dir='ltr'>spem</span> <span class='ocrx_word' id='word_1_93' title='bbox 1450 1114 1505 1143; x_wconf 91' lang='lat' dir='ltr'>ac</span> <span class='ocrx_word' id='word_1_94' title='bbox 1534 1103 1907 1154; x_wconf 80' lang='lat' dir='ltr'>expectationem</span> 
     </span>
     <span class='ocr_line' id='line_1_14' title="bbox 276 1173 1905 1225; baseline 0.001 -11"><span class='ocrx_word' id='word_1_95' title='bbox 276 1175 350 1225; x_wconf 75' lang='lat' dir='ltr'>(ut</span> <span class='ocrx_word' id='word_1_96' title='bbox 375 1174 610 1225; x_wconf 73' lang='lat' dir='ltr'>funditus</span> <span class='ocrx_word' id='word_1_97' title='bbox 636 1179 756 1225; x_wconf 75' lang='lat' dir='ltr'>pene</span> <span class='ocrx_word' id='word_1_98' title='bbox 789 1173 1126 1224; x_wconf 65' lang='lat' dir='ltr'>labefactatum</span> <span class='ocrx_word' id='word_1_99' title='bbox 1131 1174 1178 1225; x_wconf 28' lang='lat'>)·.</span> <span class='ocrx_word' id='word_1_100' title='bbox 1206 1177 1249 1213; x_wconf 84' lang='lat' dir='ltr'>et</span> <span class='ocrx_word' id='word_1_101' title='bbox 1275 1174 1367 1213; x_wconf 71' lang='lat' dir='ltr'>sibi</span> <span class='ocrx_word' id='word_1_102' title='bbox 1389 1177 1432 1213; x_wconf 82' lang='lat' dir='ltr'>et</span> <span class='ocrx_word' id='word_1_103' title='bbox 1452 1173 1632 1225; x_wconf 78' lang='lat' dir='ltr'>populo</span> <span class='ocrx_word' id='word_1_104' title='bbox 1660 1173 1905 1225; x_wconf 78' lang='lat' dir='ltr'>integrum</span> 
     </span>
     <span class='ocr_line' id='line_1_15' title="bbox 274 1245 1905 1297; baseline 0.001 -12"><span class='ocrx_word' id='word_1_105' title='bbox 274 1250 413 1297; x_wconf 70' lang='lat' dir='ltr'>atque</span> <span class='ocrx_word' id='word_1_106' title='bbox 450 1245 681 1285; x_wconf 72' lang='lat' dir='ltr'>incolmne</span> <span class='ocrx_word' id='word_1_107' title='bbox 721 1245 908 1285; x_wconf 84' lang='lat' dir='ltr'>Christo</span> <span class='ocrx_word' id='word_1_108' title='bbox 949 1246 1137 1285; x_wconf 87' lang='lat' dir='ltr'>iuuante</span> <span class='ocrx_word' id='word_1_109' title='bbox 1178 1252 1316 1296; x_wconf 88' lang='lat' dir='ltr'>atque</span> <span class='ocrx_word' id='word_1_110' title='bbox 1362 1245 1582 1297; x_wconf 83' lang='lat' dir='ltr'>Episcopi</span> <span class='ocrx_word' id='word_1_111' title='bbox 1621 1246 1905 1287; x_wconf 80' lang='lat' dir='ltr'>authoritate</span> 
     </span>
     <span class='ocr_line' id='line_1_16' title="bbox 274 1316 1905 1368; baseline 0.001 -11"><span class='ocrx_word' id='word_1_112' title='bbox 274 1317 578 1368; x_wconf 67' lang='lat' dir='ltr'>suffragante,</span> <span class='ocrx_word' id='word_1_113' title='bbox 607 1317 957 1368; x_wconf 76' lang='lat' dir='ltr'>praestiterunt,</span> <span class='ocrx_word' id='word_1_114' title='bbox 990 1317 1036 1356; x_wconf 90' lang='lat' dir='ltr'>in</span> <span class='ocrx_word' id='word_1_115' title='bbox 1063 1328 1152 1367; x_wconf 91' lang='lat' dir='ltr'>quo</span> <span class='ocrx_word' id='word_1_116' title='bbox 1189 1316 1332 1356; x_wconf 87' lang='lat' dir='ltr'>cardo</span> <span class='ocrx_word' id='word_1_117' title='bbox 1369 1317 1531 1356; x_wconf 89' lang='lat' dir='ltr'>salutis</span> <span class='ocrx_word' id='word_1_118' title='bbox 1566 1317 1665 1356; x_wconf 93' lang='lat' dir='ltr'>eius</span> <span class='ocrx_word' id='word_1_119' title='bbox 1700 1317 1905 1364; x_wconf 85' lang='lat' dir='ltr'>ciuitatis</span> 
     </span>
     <span class='ocr_line' id='line_1_17' title="bbox 274 1387 1904 1441; baseline 0 -13"><span class='ocrx_word' id='word_1_120' title='bbox 274 1389 487 1440; x_wconf 73' lang='lat' dir='ltr'>uertitur,</span> <span class='ocrx_word' id='word_1_121' title='bbox 519 1400 582 1428; x_wconf 62' lang='lat' dir='ltr'>ex</span> <span class='ocrx_word' id='word_1_122' title='bbox 609 1388 773 1427; x_wconf 71' lang='lat' dir='ltr'>ordine</span> <span class='ocrx_word' id='word_1_123' title='bbox 803 1388 1033 1439; x_wconf 70' lang='lat' dir='ltr'>siquidem</span> <span class='ocrx_word' id='word_1_124' title='bbox 1064 1387 1355 1427; x_wconf 69' lang='lat' dir='ltr'>sacerdotali</span> <span class='ocrx_word' id='word_1_125' title='bbox 1379 1387 1485 1438; x_wconf 75' lang='lat' dir='ltr'>(qm</span> <span class='ocrx_word' id='word_1_126' title='bbox 1510 1393 1800 1440; x_wconf 76' lang='lat' dir='ltr'>magnopere</span> <span class='ocrx_word' id='word_1_127' title='bbox 1813 1394 1904 1441; x_wconf 80' lang='lat' dir='ltr'>per</span> 
     </span>
     <span class='ocr_line' id='line_1_18' title="bbox 272 1459 1903 1511; baseline 0.001 -12"><span class='ocrx_word' id='word_1_128' title='bbox 272 1463 466 1500; x_wconf 71' lang='lat' dir='ltr'>nostros</span> <span class='ocrx_word' id='word_1_129' title='bbox 486 1460 873 1510; x_wconf 75' lang='lat' dir='ltr'>estl&#39;mmnlclltts)</span> <span class='ocrx_word' id='word_1_130' title='bbox 902 1460 1064 1510; x_wconf 85' lang='lat' dir='ltr'>grauis</span> <span class='ocrx_word' id='word_1_131' title='bbox 1094 1459 1141 1498; x_wconf 92' lang='lat' dir='ltr'>in</span> <span class='ocrx_word' id='word_1_132' title='bbox 1169 1471 1353 1499; x_wconf 91' lang='lat' dir='ltr'>omnem</span> <span class='ocrx_word' id='word_1_133' title='bbox 1380 1461 1600 1511; x_wconf 87' lang='lat' dir='ltr'>populum</span> <span class='ocrx_word' id='word_1_134' title='bbox 1631 1459 1903 1501; x_wconf 82' lang='lat' dir='ltr'>offensionis</span> 
     </span>
     <span class='ocr_line' id='line_1_19' title="bbox 272 1530 1898 1583; baseline 0.001 -12"><span class='ocrx_word' id='word_1_135' title='bbox 272 1538 315 1571; x_wconf 90' lang='lat' dir='ltr'>et</span> <span class='ocrx_word' id='word_1_136' title='bbox 336 1533 565 1571; x_wconf 87' lang='lat' dir='ltr'>scelerum</span> <span class='ocrx_word' id='word_1_137' title='bbox 588 1531 807 1581; x_wconf 85' lang='lat' dir='ltr'>contagio</span> <span class='ocrx_word' id='word_1_138' title='bbox 829 1531 1067 1570; x_wconf 79' lang='lat' dir='ltr'>manabat.</span> <span class='ocrx_word' id='word_1_139' title='bbox 1093 1531 1225 1570; x_wconf 79' lang='lat' dir='ltr'>Idem</span> <span class='ocrx_word' id='word_1_140' title='bbox 1236 1531 1348 1580; x_wconf 71' lang='lat' dir='ltr'>sere</span> <span class='ocrx_word' id='word_1_141' title='bbox 1369 1530 1546 1582; x_wconf 81' lang='lat' dir='ltr'>Asculi,</span> <span class='ocrx_word' id='word_1_142' title='bbox 1581 1530 1771 1583; x_wconf 87' lang='lat' dir='ltr'>Offidae,</span> <span class='ocrx_word' id='word_1_143' title='bbox 1800 1531 1898 1572; x_wconf 89' lang='lat' dir='ltr'>Fir-</span> 
     </span>
     <span class='ocr_line' id='line_1_20' title="bbox 270 1601 1901 1654; baseline 0.001 -12"><span class='ocrx_word' id='word_1_144' title='bbox 270 1603 364 1654; x_wconf 89' lang='lat' dir='ltr'>mii,</span> <span class='ocrx_word' id='word_1_145' title='bbox 389 1603 435 1642; x_wconf 90' lang='lat' dir='ltr'>in</span> <span class='ocrx_word' id='word_1_146' title='bbox 456 1603 613 1643; x_wconf 88' lang='lat' dir='ltr'>Monte</span> <span class='ocrx_word' id='word_1_147' title='bbox 641 1602 850 1653; x_wconf 86' lang='lat' dir='ltr'>Lupone,</span> <span class='ocrx_word' id='word_1_148' title='bbox 881 1602 1041 1652; x_wconf 86' lang='lat' dir='ltr'>Morri,</span> <span class='ocrx_word' id='word_1_149' title='bbox 1073 1602 1085 1620; x_wconf 72' lang='lat'><em>²</em></span> <span class='ocrx_word' id='word_1_150' title='bbox 1116 1602 1356 1642; x_wconf 88' lang='lat' dir='ltr'>Monticuli</span> <span class='ocrx_word' id='word_1_151' title='bbox 1384 1601 1412 1650; x_wconf 77' lang='lat'>⁵,</span> <span class='ocrx_word' id='word_1_152' title='bbox 1442 1602 1668 1653; x_wconf 85' lang='lat' dir='ltr'>singulari</span> <span class='ocrx_word' id='word_1_153' title='bbox 1696 1603 1901 1648; x_wconf 85' lang='lat' dir='ltr'>omnium</span> 
     </span>
     <span class='ocr_line' id='line_1_21' title="bbox 268 1673 1898 1725; baseline 0.001 -12"><span class='ocrx_word' id='word_1_154' title='bbox 268 1685 382 1724; x_wconf 88' lang='lat' dir='ltr'>erga</span> <span class='ocrx_word' id='word_1_155' title='bbox 401 1673 683 1714; x_wconf 80' lang='lat' dir='ltr'>Societatem</span> <span class='ocrx_word' id='word_1_156' title='bbox 702 1675 955 1722; x_wconf 83' lang='lat' dir='ltr'>uoluntate,</span> <span class='ocrx_word' id='word_1_157' title='bbox 975 1673 1202 1723; x_wconf 72' lang='lat' dir='ltr'>effectum</span> <span class='ocrx_word' id='word_1_158' title='bbox 1219 1677 1302 1713; x_wconf 78' lang='lat' dir='ltr'>est.</span> <span class='ocrx_word' id='word_1_159' title='bbox 1324 1673 1508 1725; x_wconf 89' lang='lat' dir='ltr'>Vbique</span> <span class='ocrx_word' id='word_1_160' title='bbox 1526 1681 1681 1714; x_wconf 91' lang='lat' dir='ltr'>autem</span> <span class='ocrx_word' id='word_1_161' title='bbox 1697 1674 1898 1715; x_wconf 86' lang='lat' dir='ltr'>nefanda</span> 
     </span>
     <span class='ocr_line' id='line_1_22' title="bbox 267 1744 1896 1797; baseline 0.001 -12"><span class='ocrx_word' id='word_1_162' title='bbox 267 1747 531 1796; x_wconf 84' lang='lat' dir='ltr'>complures</span> <span class='ocrx_word' id='word_1_163' title='bbox 548 1745 939 1796; x_wconf 87' lang='lat' dir='ltr'>grauissimorum</span> <span class='ocrx_word' id='word_1_164' title='bbox 960 1746 1189 1784; x_wconf 85' lang='lat' dir='ltr'>scelerum</span> <span class='ocrx_word' id='word_1_165' title='bbox 1210 1746 1449 1795; x_wconf 87' lang='lat' dir='ltr'>ergastula</span> <span class='ocrx_word' id='word_1_166' title='bbox 1477 1757 1504 1784; x_wconf 92' lang='lat' dir='ltr'>a</span> <span class='ocrx_word' id='word_1_167' title='bbox 1536 1745 1597 1796; x_wconf 76' lang='lat'>15,</span> <span class='ocrx_word' id='word_1_168' title='bbox 1629 1744 1695 1797; x_wconf 82' lang='lat'>20,</span> <span class='ocrx_word' id='word_1_169' title='bbox 1724 1744 1846 1786; x_wconf 81' lang='lat' dir='ltr'>30et</span> <span class='ocrx_word' id='word_1_170' title='bbox 1869 1758 1896 1786; x_wconf 87' lang='lat' dir='ltr'>a</span> 
     </span>
     <span class='ocr_line' id='line_1_23' title="bbox 267 1816 1896 1868; baseline 0.004 -13"><span class='ocrx_word' id='word_1_171' title='bbox 267 1816 335 1856; x_wconf 70' lang='lat'>35</span> <span class='ocrx_word' id='word_1_172' title='bbox 359 1817 492 1856; x_wconf 90' lang='lat' dir='ltr'>annis</span> <span class='ocrx_word' id='word_1_173' title='bbox 514 1817 722 1857; x_wconf 88' lang='lat' dir='ltr'>nonnulli</span> <span class='ocrx_word' id='word_1_174' title='bbox 743 1817 968 1867; x_wconf 88' lang='lat' dir='ltr'>perpessi,</span> <span class='ocrx_word' id='word_1_175' title='bbox 1008 1816 1193 1856; x_wconf 87' lang='lat' dir='ltr'>Christo</span> <span class='ocrx_word' id='word_1_176' title='bbox 1225 1816 1409 1856; x_wconf 85' lang='lat' dir='ltr'>vindice</span> <span class='ocrx_word' id='word_1_177' title='bbox 1436 1817 1587 1868; x_wconf 89' lang='lat' dir='ltr'>soluti,</span> <span class='ocrx_word' id='word_1_178' title='bbox 1620 1816 1667 1856; x_wconf 92' lang='lat' dir='ltr'>in</span> <span class='ocrx_word' id='word_1_179' title='bbox 1696 1816 1896 1861; x_wconf 86' lang='lat' dir='ltr'>filiorum</span> 
     </span>
     <span class='ocr_line' id='line_1_24' title="bbox 264 1888 997 1928; baseline 0 -1"><span class='ocrx_word' id='word_1_180' title='bbox 264 1888 352 1928; x_wconf 90' lang='lat' dir='ltr'>Dei</span> <span class='ocrx_word' id='word_1_181' title='bbox 373 1888 632 1928; x_wconf 89' lang='lat' dir='ltr'>libertatem</span> <span class='ocrx_word' id='word_1_182' title='bbox 654 1888 855 1928; x_wconf 87' lang='lat' dir='ltr'>restituti</span> <span class='ocrx_word' id='word_1_183' title='bbox 875 1895 997 1928; x_wconf 88' lang='lat' dir='ltr'>sunt.</span> 
     </span>
    </p>

    <p class='ocr_par' dir='ltr' id='par_1_5' title="bbox 261 1959 1894 2143">
     <span class='ocr_line' id='line_1_25' title="bbox 343 1959 1894 2011; baseline 0.001 -12"><span class='ocrx_word' id='word_1_184' title='bbox 343 1959 433 1999; x_wconf 79' lang='lat' dir='ltr'>Sed</span> <span class='ocrx_word' id='word_1_185' title='bbox 459 1960 574 1999; x_wconf 88' lang='lat' dir='ltr'>haec</span> <span class='ocrx_word' id='word_1_186' title='bbox 606 1960 652 1999; x_wconf 91' lang='lat' dir='ltr'>in</span> <span class='ocrx_word' id='word_1_187' title='bbox 680 1959 885 1999; x_wconf 88' lang='lat' dir='ltr'>finitimis</span> <span class='ocrx_word' id='word_1_188' title='bbox 913 1966 957 1999; x_wconf 90' lang='lat' dir='ltr'>et</span> <span class='ocrx_word' id='word_1_189' title='bbox 985 1960 1190 2000; x_wconf 79' lang='lat' dir='ltr'>externis</span> <span class='ocrx_word' id='word_1_190' title='bbox 1218 1960 1676 2011; x_wconf 88' lang='lat' dir='ltr'>peregrinationibus</span> <span class='ocrx_word' id='word_1_191' title='bbox 1698 1961 1894 2001; x_wconf 91' lang='lat' dir='ltr'>aestiuis</span> 
     </span>
     <span class='ocr_line' id='line_1_26' title="bbox 263 2031 1890 2083; baseline 0.001 -12"><span class='ocrx_word' id='word_1_192' title='bbox 263 2038 369 2071; x_wconf 89' lang='lat' dir='ltr'>acta</span> <span class='ocrx_word' id='word_1_193' title='bbox 391 2038 511 2071; x_wconf 88' lang='lat' dir='ltr'>sunt.</span> <span class='ocrx_word' id='word_1_194' title='bbox 537 2031 672 2082; x_wconf 84' lang='lat' dir='ltr'>Quod</span> <span class='ocrx_word' id='word_1_195' title='bbox 693 2032 924 2083; x_wconf 90' lang='lat' dir='ltr'>reliquum</span> <span class='ocrx_word' id='word_1_196' title='bbox 946 2038 1014 2071; x_wconf 91' lang='lat' dir='ltr'>est</span> <span class='ocrx_word' id='word_1_197' title='bbox 1033 2032 1272 2083; x_wconf 88' lang='lat' dir='ltr'>epistolae,</span> <span class='ocrx_word' id='word_1_198' title='bbox 1297 2032 1354 2072; x_wconf 89' lang='lat' dir='ltr'>ad</span> <span class='ocrx_word' id='word_1_199' title='bbox 1376 2032 1633 2073; x_wconf 88' lang='lat' dir='ltr'>domestica</span> <span class='ocrx_word' id='word_1_200' title='bbox 1655 2039 1700 2072; x_wconf 94' lang='lat' dir='ltr'>et</span> <span class='ocrx_word' id='word_1_201' title='bbox 1721 2033 1890 2073; x_wconf 89' lang='lat' dir='ltr'>Laure-</span> 
     </span>
     <span class='ocr_line' id='line_1_27' title="bbox 261 2103 701 2143; baseline -0.005 -1"><span class='ocrx_word' id='word_1_202' title='bbox 261 2109 371 2143; x_wconf 87' lang='lat' dir='ltr'>tana</span> <span class='ocrx_word' id='word_1_203' title='bbox 393 2103 701 2143; x_wconf 84' lang='lat' dir='ltr'>conferemus.</span> 
     </span>
    </p>

    <p class='ocr_par' dir='ltr' id='par_1_6' title="bbox 244 2175 1890 2869">
     <span class='ocr_line' id='line_1_28' title="bbox 338 2175 1890 2227; baseline 0.003 -14"><span class='ocrx_word' id='word_1_204' title='bbox 338 2175 466 2214; x_wconf 77' lang='lat' dir='ltr'>Dum</span> <span class='ocrx_word' id='word_1_205' title='bbox 488 2175 599 2214; x_wconf 70' lang='lat' dir='ltr'>llaec</span> <span class='ocrx_word' id='word_1_206' title='bbox 619 2175 780 2214; x_wconf 65' lang='lat' dir='ltr'>clz&#39;m&#39;no</span> <span class='ocrx_word' id='word_1_207' title='bbox 803 2186 997 2215; x_wconf 73' lang='lat' dir='ltr'>munere</span> <span class='ocrx_word' id='word_1_208' title='bbox 1008 2175 1144 2225; x_wconf 70' lang='lat' dir='ltr'>soris</span> <span class='ocrx_word' id='word_1_209' title='bbox 1165 2179 1424 2227; x_wconf 72' lang='lat' dir='ltr'>geruntur,</span> <span class='ocrx_word' id='word_1_210' title='bbox 1445 2177 1552 2217; x_wconf 91' lang='lat' dir='ltr'>licet</span> <span class='ocrx_word' id='word_1_211' title='bbox 1573 2177 1717 2216; x_wconf 89' lang='lat' dir='ltr'>multa</span> <span class='ocrx_word' id='word_1_212' title='bbox 1738 2176 1890 2217; x_wconf 85' lang='lat' dir='ltr'>forent</span> 
     </span>
     <span class='ocr_line' id='line_1_29' title="bbox 259 2245 1890 2298; baseline 0.002 -13"><span class='ocrx_word' id='word_1_213' title='bbox 259 2257 378 2297; x_wconf 91' lang='lat' dir='ltr'>quae</span> <span class='ocrx_word' id='word_1_214' title='bbox 409 2246 599 2286; x_wconf 84' lang='lat' dir='ltr'>votiuae</span> <span class='ocrx_word' id='word_1_215' title='bbox 635 2246 694 2286; x_wconf 89' lang='lat' dir='ltr'>ad</span> <span class='ocrx_word' id='word_1_216' title='bbox 729 2245 902 2286; x_wconf 79' lang='lat' dir='ltr'>Beatae</span> <span class='ocrx_word' id='word_1_217' title='bbox 940 2246 1154 2296; x_wconf 84' lang='lat' dir='ltr'>Virginis</span> <span class='ocrx_word' id='word_1_218' title='bbox 1189 2247 1352 2287; x_wconf 88' lang='lat' dir='ltr'>aedem</span> <span class='ocrx_word' id='word_1_219' title='bbox 1381 2248 1774 2298; x_wconf 88' lang='lat' dir='ltr'>peregrinationis</span> <span class='ocrx_word' id='word_1_220' title='bbox 1802 2247 1890 2288; x_wconf 88' lang='lat' dir='ltr'>sre-</span> 
     </span>
     <span class='ocr_line' id='line_1_30' title="bbox 256 2318 1888 2370; baseline 0.002 -14"><span class='ocrx_word' id='word_1_221' title='bbox 256 2318 492 2368; x_wconf 87' lang='lat' dir='ltr'>quentiam</span> <span class='ocrx_word' id='word_1_222' title='bbox 528 2318 805 2368; x_wconf 88' lang='lat' dir='ltr'>inhiberent,</span> <span class='ocrx_word' id='word_1_223' title='bbox 831 2318 1038 2357; x_wconf 85' lang='lat' dir='ltr'>continui</span> <span class='ocrx_word' id='word_1_224' title='bbox 1076 2319 1300 2358; x_wconf 87' lang='lat' dir='ltr'>bellorum</span> <span class='ocrx_word' id='word_1_225' title='bbox 1328 2320 1564 2370; x_wconf 87' lang='lat' dir='ltr'>tumultus,</span> <span class='ocrx_word' id='word_1_226' title='bbox 1597 2319 1888 2370; x_wconf 85' lang='lat' dir='ltr'>pestilentiae</span> 
     </span>
     <span class='ocr_line' id='line_1_31' title="bbox 253 2389 1885 2441; baseline 0.002 -14"><span class='ocrx_word' id='word_1_227' title='bbox 253 2389 518 2438; x_wconf 87' lang='lat' dir='ltr'>grassantis</span> <span class='ocrx_word' id='word_1_228' title='bbox 538 2389 738 2428; x_wconf 77' lang='lat' dir='ltr'>formido</span> <span class='ocrx_word' id='word_1_229' title='bbox 762 2396 901 2440; x_wconf 90' lang='lat' dir='ltr'>atque</span> <span class='ocrx_word' id='word_1_230' title='bbox 924 2389 1144 2440; x_wconf 89' lang='lat' dir='ltr'>suspicio,</span> <span class='ocrx_word' id='word_1_231' title='bbox 1168 2390 1323 2441; x_wconf 85' lang='lat' dir='ltr'>inopia</span> <span class='ocrx_word' id='word_1_232' title='bbox 1346 2391 1717 2440; x_wconf 86' lang='lat' dir='ltr'>ingrauescentis</span> <span class='ocrx_word' id='word_1_233' title='bbox 1745 2402 1885 2430; x_wconf 88' lang='lat' dir='ltr'>anno-</span> 
     </span>
     <span class='ocr_line' id='line_1_32' title="bbox 252 2460 1884 2509; baseline 0.002 -10"><span class='ocrx_word' id='word_1_234' title='bbox 252 2471 339 2499; x_wconf 89' lang='lat' dir='ltr'>nae</span> <span class='ocrx_word' id='word_1_235' title='bbox 361 2466 403 2499; x_wconf 90' lang='lat' dir='ltr'>et</span> <span class='ocrx_word' id='word_1_236' title='bbox 425 2460 684 2509; x_wconf 85' lang='lat' dir='ltr'>difficultas;</span> <span class='ocrx_word' id='word_1_237' title='bbox 709 2461 897 2500; x_wconf 84' lang='lat' dir='ltr'>fuerunt</span> <span class='ocrx_word' id='word_1_238' title='bbox 922 2467 1078 2500; x_wconf 88' lang='lat' dir='ltr'>tamen</span> <span class='ocrx_word' id='word_1_239' title='bbox 1100 2472 1261 2501; x_wconf 88' lang='lat' dir='ltr'>omnes</span> <span class='ocrx_word' id='word_1_240' title='bbox 1282 2462 1550 2501; x_wconf 84' lang='lat' dir='ltr'>sacerdotes</span> <span class='ocrx_word' id='word_1_241' title='bbox 1573 2462 1722 2502; x_wconf 84' lang='lat' dir='ltr'>solitis</span> <span class='ocrx_word' id='word_1_242' title='bbox 1749 2463 1884 2502; x_wconf 83' lang='lat' dir='ltr'>uehe-</span> 
     </span>
     <span class='ocr_line' id='line_1_33' title="bbox 251 2532 1884 2584; baseline 0.001 -14"><span class='ocrx_word' id='word_1_243' title='bbox 251 2537 429 2571; x_wconf 85' lang='lat' dir='ltr'>menter</span> <span class='ocrx_word' id='word_1_244' title='bbox 450 2532 868 2571; x_wconf 83' lang='lat' dir='ltr'>exercitationibus</span> <span class='ocrx_word' id='word_1_245' title='bbox 901 2533 1133 2583; x_wconf 85' lang='lat' dir='ltr'>occupati.</span> <span class='ocrx_word' id='word_1_246' title='bbox 1159 2533 1404 2583; x_wconf 82' lang='lat' dir='ltr'>Quoniam,</span> <span class='ocrx_word' id='word_1_247' title='bbox 1430 2534 1515 2572; x_wconf 85' lang='lat' dir='ltr'>etsi</span> <span class='ocrx_word' id='word_1_248' title='bbox 1535 2533 1884 2584; x_wconf 75' lang='lat' dir='ltr'>l&#39;nsrequentzor</span> 
     </span>
     <span class='ocr_line' id='line_1_34' title="bbox 249 2603 1881 2656; baseline 0.002 -16"><span class='ocrx_word' id='word_1_249' title='bbox 249 2606 503 2642; x_wconf 67' lang='lat' dir='ltr'>concurrat</span> <span class='ocrx_word' id='word_1_250' title='bbox 524 2603 839 2653; x_wconf 70' lang='lat' dir='ltr'>peregrinus,</span> <span class='ocrx_word' id='word_1_251' title='bbox 869 2615 955 2643; x_wconf 90' lang='lat' dir='ltr'>nec</span> <span class='ocrx_word' id='word_1_252' title='bbox 990 2603 1081 2643; x_wconf 88' lang='lat' dir='ltr'>nisi</span> <span class='ocrx_word' id='word_1_253' title='bbox 1116 2615 1263 2643; x_wconf 68' lang='lat' dir='ltr'>rarus</span> <span class='ocrx_word' id='word_1_254' title='bbox 1298 2604 1574 2654; x_wconf 81' lang='lat' dir='ltr'>admodum,</span> <span class='ocrx_word' id='word_1_255' title='bbox 1608 2605 1647 2644; x_wconf 92' lang='lat' dir='ltr'>si</span> <span class='ocrx_word' id='word_1_256' title='bbox 1680 2605 1881 2656; x_wconf 90' lang='lat' dir='ltr'>superio-</span> 
     </span>
     <span class='ocr_line' id='line_1_35' title="bbox 246 2674 1879 2726; baseline 0.002 -14"><span class='ocrx_word' id='word_1_257' title='bbox 246 2684 323 2713; x_wconf 85' lang='lat' dir='ltr'>res</span> <span class='ocrx_word' id='word_1_258' title='bbox 362 2685 509 2713; x_wconf 87' lang='lat' dir='ltr'>annos</span> <span class='ocrx_word' id='word_1_259' title='bbox 549 2681 828 2725; x_wconf 89' lang='lat' dir='ltr'>spectemus,</span> <span class='ocrx_word' id='word_1_260' title='bbox 870 2674 975 2714; x_wconf 90' lang='lat' dir='ltr'>sine</span> <span class='ocrx_word' id='word_1_261' title='bbox 1022 2675 1316 2715; x_wconf 88' lang='lat' dir='ltr'>accuratiore</span> <span class='ocrx_word' id='word_1_262' title='bbox 1362 2683 1665 2726; x_wconf 88' lang='lat' dir='ltr'>peccatorum</span> <span class='ocrx_word' id='word_1_263' title='bbox 1704 2675 1879 2716; x_wconf 81' lang='lat' dir='ltr'>confes-</span> 
     </span>
     <span class='ocr_line' id='line_1_36' title="bbox 246 2744 1879 2798; baseline 0.002 -15"><span class='ocrx_word' id='word_1_264' title='bbox 246 2744 374 2784; x_wconf 90' lang='lat' dir='ltr'>sione</span> <span class='ocrx_word' id='word_1_265' title='bbox 404 2751 560 2784; x_wconf 90' lang='lat' dir='ltr'>tamen</span> <span class='ocrx_word' id='word_1_266' title='bbox 589 2745 652 2794; x_wconf 87' lang='lat' dir='ltr'>(ut</span> <span class='ocrx_word' id='word_1_267' title='bbox 675 2746 751 2796; x_wconf 90' lang='lat' dir='ltr'>qui</span> <span class='ocrx_word' id='word_1_268' title='bbox 773 2744 833 2785; x_wconf 88' lang='lat' dir='ltr'>ad</span> <span class='ocrx_word' id='word_1_269' title='bbox 854 2757 958 2785; x_wconf 90' lang='lat' dir='ltr'>eam</span> <span class='ocrx_word' id='word_1_270' title='bbox 989 2745 1127 2786; x_wconf 92' lang='lat' dir='ltr'>modo</span> <span class='ocrx_word' id='word_1_271' title='bbox 1147 2746 1357 2797; x_wconf 85' lang='lat' dir='ltr'>plerique</span> <span class='ocrx_word' id='word_1_272' title='bbox 1379 2758 1437 2786; x_wconf 85' lang='lat' dir='ltr'>ex</span> <span class='ocrx_word' id='word_1_273' title='bbox 1458 2747 1714 2798; x_wconf 90' lang='lat' dir='ltr'>longinquo</span> <span class='ocrx_word' id='word_1_274' title='bbox 1737 2747 1879 2787; x_wconf 86' lang='lat' dir='ltr'>uenti-</span> 
     </span>
     <span class='ocr_line' id='line_1_37' title="bbox 244 2816 1880 2869; baseline 0.002 -14"><span class='ocrx_word' id='word_1_275' title='bbox 244 2821 344 2855; x_wconf 88' lang='lat' dir='ltr'>tare</span> <span class='ocrx_word' id='word_1_276' title='bbox 361 2818 687 2864; x_wconf 79' lang='lat' dir='ltr'>consuescant&gt;</span> <span class='ocrx_word' id='word_1_277' title='bbox 704 2816 842 2867; x_wconf 88' lang='lat' dir='ltr'>pauci</span> <span class='ocrx_word' id='word_1_278' title='bbox 859 2816 1098 2857; x_wconf 90' lang='lat' dir='ltr'>recedunt.</span> <span class='ocrx_word' id='word_1_279' title='bbox 1114 2817 1182 2857; x_wconf 90' lang='lat' dir='ltr'>Eo</span> <span class='ocrx_word' id='word_1_280' title='bbox 1196 2824 1366 2868; x_wconf 89' lang='lat' dir='ltr'>autem,</span> <span class='ocrx_word' id='word_1_281' title='bbox 1389 2824 1483 2858; x_wconf 89' lang='lat' dir='ltr'>tam</span> <span class='ocrx_word' id='word_1_282' title='bbox 1500 2818 1616 2858; x_wconf 90' lang='lat' dir='ltr'>bene</span> <span class='ocrx_word' id='word_1_283' title='bbox 1628 2825 1880 2869; x_wconf 82' lang='lat' dir='ltr'>sancteque</span> 
     </span>
    </p>
   </div>
   <div class='ocr_carea' id='block_1_5' title="bbox 295 2950 1871 2989">
    <p class='ocr_par' dir='ltr' id='par_1_7' title="bbox 295 2950 1871 2989">
     <span class='ocr_line' id='line_1_38' title="bbox 295 2950 1871 2989; baseline 0.003 -12"><span class='ocrx_word' id='word_1_284' title='bbox 295 2950 305 2970; x_wconf 92' lang='lat'>¹</span> <span class='ocrx_word' id='word_1_285' title='bbox 342 2950 545 2985; x_wconf 76' lang='lat' dir='ltr'>Jesz&#39;,·juxta</span> <span class='ocrx_word' id='word_1_286' title='bbox 560 2951 707 2985; x_wconf 86' lang='lat' dir='ltr'>fiuvium,</span> <span class='ocrx_word' id='word_1_287' title='bbox 725 2952 778 2986; x_wconf 93' lang='lat' dir='ltr'>qui</span> <span class='ocrx_word' id='word_1_288' title='bbox 795 2959 880 2979; x_wconf 86' lang='lat' dir='ltr'>nunc</span> <span class='ocrx_word' id='word_1_289' title='bbox 895 2952 1238 2989; x_wconf 75' lang='lat' dir='ltr'>Fiumesino,fiume</span> <span class='ocrx_word' id='word_1_290' title='bbox 1254 2953 1374 2988; x_wconf 78' lang='lat' dir='ltr'>Esz&#39;no,</span> <span class='ocrx_word' id='word_1_291' title='bbox 1389 2952 1524 2987; x_wconf 82' lang='lat' dir='ltr'>dicitur,</span> <span class='ocrx_word' id='word_1_292' title='bbox 1541 2954 1619 2982; x_wconf 92' lang='lat' dir='ltr'>olim</span> <span class='ocrx_word' id='word_1_293' title='bbox 1634 2954 1738 2982; x_wconf 88' lang='lat' dir='ltr'>latine</span> <span class='ocrx_word' id='word_1_294' title='bbox 1756 2953 1871 2982; x_wconf 82' lang='lat' dir='ltr'>Aesis.</span> 
     </span>
    </p>
   </div>
   <div class='ocr_carea' id='block_1_6' title="bbox 293 2998 641 3074">
    <p class='ocr_par' dir='ltr' id='par_1_8' title="bbox 293 2998 641 3074">
     <span class='ocr_line' id='line_1_39' title="bbox 293 2998 641 3027; baseline 0.003 -2"><span class='ocrx_word' id='word_1_295' title='bbox 293 2998 306 3017; x_wconf 63' lang='lat'><em>⁹</em></span> <span class='ocrx_word' id='word_1_296' title='bbox 343 2998 461 3026; x_wconf 85' lang='lat' dir='ltr'>Morro</span> <span class='ocrx_word' id='word_1_297' title='bbox 475 2999 514 3026; x_wconf 82' lang='lat' dir='ltr'>di</span> <span class='ocrx_word' id='word_1_298' title='bbox 535 2999 641 3027; x_wconf 81' lang='lat' dir='ltr'>Valle.</span> 
     </span>
     <span class='ocr_line' id='line_1_40' title="bbox 295 3044 557 3074; baseline 0.011 -3"><span class='ocrx_word' id='word_1_299' title='bbox 295 3044 310 3065; x_wconf 73' lang='grc' dir='ltr'><strong>ὅ</strong></span> <span class='ocrx_word' id='word_1_300' title='bbox 350 3045 557 3074; x_wconf 80' lang='lat' dir='ltr'>Monlechio.</span> 
     </span>
    </p>
   </div>
  </div>
 </body>
</html>
