2020 3342
821 242 903 280 ΑΝ.
941 241 1031 280 1556
1667 243 1737 281 563

114 340 343 382 desiderio
365 345 528 380 sancto
550 340 708 391 populi
727 339 865 380 huius
887 339 1139 380 admodum
1156 339 1311 380 deuoti
1329 339 1619 390 sitientisque
1637 352 1736 379 ver-

114 413 224 453 bum
245 411 348 452 Dei.

194 482 394 534 Quidam
416 495 441 522 a
464 482 598 522 nobis
618 481 782 522 moniti
803 488 853 523 vt
875 483 1026 523 aliena
1046 488 1152 522 ante
1170 481 1512 522 absolutionem
1529 481 1736 522 restitue-

114 560 216 595 rent
237 565 429 594 necesse
451 565 568 604 esse,
592 553 836 604 diligenter
860 553 1179 603 obediuerunt,
1204 553 1473 604 reuersique
1500 558 1606 593 sunt
1627 558 1737 603 pro-

114 629 220 676 pter
240 624 498 665 habendam
520 623 878 674 absolutionem,
898 628 941 664 et
965 628 1277 664 asseruerunt
1299 624 1422 675 quod
1441 623 1612 663 sz'czlz'z'¹
1633 636 1736 664 con-

116 695 303 736 fessarii
324 707 407 736 eos
428 695 493 746 (vt
515 707 600 735 nos
621 695 829 745 fecimus)
858 695 1199 746 astrinxissent,
1229 695 1388 746 vtique
1418 695 1539 735 idem
1566 695 1737 735 effecis-

117 773 235 807 sent.
271 765 343 806 De
378 766 591 807 omnibus
623 766 773 816 gloria
807 765 880 814 sit,
914 767 1015 806 laus
1044 772 1088 806 et
1123 766 1273 806 honor
1306 765 1423 816 De0‚
1462 765 1604 806 totius
1631 766 1739 806 boni

118 838 314 879 auctori.

198 909 268 950 Ex
291 909 362 959 iis,
387 909 463 960 qui
484 908 749 960 frequenter
773 910 838 956 (vt
859 919 1002 959 supra
1023 907 1134 957 dixi)
1156 908 1516 959 communicant,
1543 914 1637 948 tres
1654 908 1740 948 sal-

120 988 212 1022 tem
236 987 314 1021 aut
335 986 549 1032 quatuor,
572 986 615 1020 et
636 980 753 1020 forte
775 980 944 1030 plures,
968 991 1210 1031 speramus
1232 980 1278 1020 in
1306 980 1668 1030 capuccinorum
1696 986 1740 1020 et

121 1052 433 1093 zoculantium
456 1052 664 1092 ordinem
685 1051 777 1091 cito
802 1050 1126 1091 admittendos„
1150 1050 1350 1102 Quidam
1372 1051 1449 1092 alii
1470 1052 1515 1091 in
1532 1057 1740 1092 nostram

118 1124 312 1176 cupiunt
339 1123 520 1163 admitti
552 1122 848 1171 Societatem,
879 1128 922 1162 et
951 1122 1014 1162 illi
1043 1122 1308 1174 praecipue,
1343 1123 1399 1164 de
1430 1123 1594 1174 quibus
1623 1123 1740 1163 alias

116 1195 245 1236 Tuae
279 1194 333 1235 R.
373 1193 651 1245 significaui,
681 1199 984 1245 perseuerant
1011 1193 1056 1233 in
1083 1192 1245 1233 eodem
1272 1194 1528 1244 proposito,
1559 1193 1741 1245 cupien-

118 1272 188 1307 tes
209 1278 236 1306 a
257 1265 309 1306 T.
332 1265 386 1306 R.
412 1265 636 1305 certiores
656 1264 755 1304 fieri
776 1275 866 1316 quo
888 1269 933 1304 et
953 1264 1139 1316 quando
1160 1264 1317 1304 ituros
1338 1276 1438 1304 esse
1459 1264 1573 1304 velit
1600 1265 1628 1306 ².

199 1338 248 1378 In
269 1337 357 1377 hoc
388 1336 586 1387 collegio
614 1335 797 1376 Veneto
827 1347 948 1375 nunc
979 1341 1158 1375 tanturn
1188 1342 1388 1387 quatuor
1419 1347 1591 1376 sumus.
1625 1337 1740 1378 Tres

119 1408 389 1450 domesticis
423 1407 633 1458 negociis
664 1407 911 1457 diligenter
939 1406 1184 1447 attendunt
1213 1412 1256 1446 et
1290 1414 1338 1446 vt
1366 1407 1412 1447 in
1439 1408 1611 1448 virtute
1638 1420 1742 1460 pro-

117 1491 332 1531 gressum
364 1477 553 1519 faciant.
582 1478 771 1518 Placeat
798 1477 999 1518 Domino
1030 1476 1234 1529 N[ostro]
1267 1478 1497 1530 impartiri
1527 1480 1741 1520 omnibus

121 1552 324 1602 gratiam
345 1557 395 1590 vt
419 1560 763 1601 cognoscamus
784 1549 1077 1601 perfecteque
1098 1549 1373 1600 impleamus
1394 1550 1491 1590 eius
1506 1552 1739 1591 sanctissi-

117 1635 240 1664 mam
262 1624 566 1663 voluntatem.
592 1621 758 1661 Amen.

197 1693 424 1744 Venetiis,
448 1704 571 1733 nono
592 1692 684 1732 kal.
707 1691 987 1733 Nouembris
1013 1692 1126 1733 1556.

274 1765 327 1806 T.
352 1764 405 1806 R.
429 1764 478 1805 P.
503 1763 854 1815 indignissimus
872 1773 1037 1804 seruus
1059 1764 1105 1804 in
1126 1764 1290 1816 Xpow

1096 1905 1286 1947 CAESAR
1316 1907 1525 1948 HELMUS.

198 2122 259 2162 In
291 2121 445 2162 altera
467 2120 655 2172 pagina
683 2119 794 2160 haec
820 2131 964 2160 manu
991 2120 1145 2171 ipsius
1175 2120 1347 2160 Patris
1380 2121 1599 2162 Caesaris
1627 2121 1739 2162 scri-

112 2198 199 2245 pta
219 2193 479 2244 leguntur:
507 2192 714 2232 Litterae
740 2191 1104 2243 quadrimestres
1132 2192 1316 2242 collegii
1341 2191 1589 2233 Societatis
1613 2193 1739 2246 Jesu.

117 2265 344 2307 Venetiis.

198 2335 308 2376 Alia
337 2346 508 2375 manu:
540 2334 690 2388 Jesus.
729 2334 842 2374 1556.
873 2334 1099 2375 Venetiis.
1131 2334 1508 2385 Quadrimestres
1533 2336 1585 2376 24
1607 2335 1741 2377 Octo-

117 2408 228 2448 bris,

170 2589 178 2610 ¹
221 2589 453 2617 absolutionis
466 2590 598 2623 gratia,
615 2591 647 2616 et
664 2588 893 2623 affirmarunt
908 2590 998 2623 quod
1012 2590 1045 2617 si
1060 2589 1134 2618 alii.
1152 2590 1340 2620 Formam.

169 2638 184 2658 '-'
221 2639 311 2665 ituri
324 2638 408 2664 sint.
423 2637 471 2665 ID.
