2020 3342
287 230 359 269 336
796 230 1020 268 LITTERAE
1047 241 1403 272 QUADRIMESTRES

278 338 380 368 esse
415 334 511 367 toto
539 326 678 366 corde
703 327 867 377 sentio,
899 338 1081 367 necnon
1109 332 1152 367 et
1182 327 1379 368 aliorum
1407 327 1611 368 omnium
1637 327 1828 369 Patrum
1860 335 1904 370 et

278 396 527 438 Societatis
548 396 761 438 fratrum

357 468 530 509 Datum
549 467 731 519 Pragae
752 468 984 518 Boemiae,
1006 468 1229 509 vicesimo
1249 469 1414 520 primo,
1438 481 1596 510 mense
1617 470 1728 510 Maii
1750 469 1777 512 ¹.

356 539 415 580 V.
439 538 493 579 R.
516 538 566 579 P.
585 539 759 580 inutilis
781 550 946 579 seruus
968 546 1012 579 et
1032 538 1153 580 filius
1181 539 1228 579 in
1249 539 1346 590 X.⁰‚

1121 681 1375 722 URsMARus
1396 681 1697 723 G01ssomUs.,

354 893 705 946 superscriptio
744 894 793 933 in
827 893 1099 934 duodecima
1127 894 1340 945 pagina:
1373 895 1400 941 †
1433 893 1534 934 R.d0
1574 894 1619 934 in
1653 893 1735 935 X.⁰
1770 893 1898 935 Patri

273 964 500 1016 Magistro
516 964 697 1015 Ignatio
714 965 770 1005 de
786 964 964 1017 Loyola
981 964 1201 1006 Generali
1217 963 1489 1017 Praeposito
1505 964 1752 1006 Societatis
1767 965 1895 1019 Jesu.

273 1035 436 1077 Roma.

323 1099 325 1101 ¹
351 1107 514 1148 Manet
535 1106 697 1158 sigilli
714 1107 989 1158 vestigium.

995 1568 1162 1597 ORATIO

266 1655 308 1682 ad
324 1655 451 1689 Regem
468 1654 696 1681 Romanorum
710 1661 730 1681 a
746 1653 849 1681 Patre
864 1653 1030 1681 Ursmaro
1045 1652 1222 1681 Goissonio
1237 1654 1393 1682 habenda
1407 1661 1482 1682 cum
1506 1655 1534 1681 ei
1556 1662 1590 1682 se
1615 1658 1647 1682 et
1663 1654 1771 1682 socios
1783 1654 1888 1682 Roma

766 1701 885 1729 missos
900 1702 1046 1735 primum
1062 1700 1195 1735 Pragae
1210 1700 1348 1729 sisteret
1363 1700 1387 1729 ².

1027 1838 1125 1916 uis

353 2038 558 2079 Primum
579 2037 828 2077 exhibeant
851 2036 1021 2087 singuli
1042 2036 1368 2087 reuerentiam,
1394 2037 1536 2077 semel
1558 2043 1601 2076 et
1622 2037 1790 2077 iterum

407 2109 627 2161 poplitem
647 2107 940 2148 inflectendo:
963 2113 1125 2156 postea
1147 2119 1253 2147 cum
1275 2119 1434 2147 omnes
1455 2107 1616 2148 ordine
1637 2119 1742 2148 con-

608 2180 824 2230 stiterint,
848 2178 1041 2230 incipiat
1062 2185 1330 2219 reuerentes
1351 2178 1405 2219 N.
1431 2178 1483 2218 T.
1508 2177 1535 2219 ³.

340 2252 416 2293 P.a
473 2251 776 2292 Serenissime
795 2249 911 2300 Rex,
931 2248 1131 2290 Domine
1153 2255 1196 2290 et
1217 2249 1418 2290 Patrone
1440 2261 1621 2301 semper
1642 2250 1774 2291 nobis
1796 2251 1880 2291 cle-

512 2321 797 2363 mentissime
819 2327 957 2373 atque
979 2320 1419 2361 obseruandissime.

337 2393 404 2434 23
460 2393 696 2435 Adsumus
717 2393 792 2433 hic
812 2392 1000 2432 tandem
1022 2392 1282 2443 duodecim,
1306 2398 1444 2444 atque
1465 2393 1643 2433 utinam
1665 2393 1744 2442 illi,
1768 2404 1877 2445 qua-

511 2465 578 2505 les
612 2463 760 2504 Sacra
790 2462 1031 2515 Regiaque
1064 2462 1286 2503 Maiestas
1314 2463 1485 2504 Vestra
1522 2463 1640 2504 mitti
1667 2475 1726 2505 ex
1755 2463 1881 2505 Urbe

508 2535 805 2576 desiderauit.

309 2720 319 2741 ¹
360 2720 599 2748 Praetermisit
617 2719 815 2747 Goissonius
830 2727 953 2747 annum
968 2727 1151 2754 apponere,
1162 2720 1219 2747 secl
1233 2725 1362 2747 certum
1377 2724 1428 2748 est
1444 2721 1506 2748 has
1522 2721 1656 2748 litteras
1671 2721 1802 2749 dedisse
1815 2721 1878 2750 hoc

255 2775 342 2796 anno
358 2768 436 2795 1556.

307 2816 320 2835 2
358 2815 539 2849 Inscriptio
555 2815 639 2842 haec
654 2819 771 2842 nostra
793 2821 853 2849 est;
875 2820 971 2842 caret
992 2816 1080 2842 enim
1101 2815 1325 2850 archetypum
1347 2816 1743 2850 inscriptione.-Exstat
1765 2819 1878 2844 autem

253 2864 339 2891 haec
354 2863 465 2891 oratio
483 2863 515 2890 in
530 2863 647 2890 eodem
662 2864 729 2890 vol.
744 2862 1083 2896 ‚Quadrimestrr'zm1‚
1098 2863 1257 2894 1553-54‚
1275 2864 1305 2890 in
1322 2863 1401 2891 folio
1424 2864 1531 2896 unico,
1545 2864 1638 2897 cujus
1652 2864 1795 2898 primam
1807 2868 1879 2891 tan-

253 2916 323 2938 tum
339 2911 500 2945 paginam
513 2910 641 2945 implet,
658 2918 688 2937 n.
703 2910 891 2938 281.—Vide
907 2918 1010 2945 supra
1025 2911 1117 2938 dicta
1134 2918 1212 2944 pag.
1234 2911 1297 2945 331,
1319 2916 1433 2938 annot.
1454 2911 1635 2938 l--Manus
1656 2916 1705 2938 <st
1727 2911 1877 2946 ejusdem

253 2959 384 2986 librarii
402 2958 457 2992 qui
472 2958 718 2991 praecedentes
739 2957 906 2985 Goissonii
924 2958 1062 2985 litteras
1077 2958 1225 2992 scripsit.

304 3005 318 3024 ⁵
355 3005 419 3033 Ubi
436 3013 495 3032 nos
510 3005 690 3032 scribimus
710 3005 743 3037 T.
757 3010 808 3032 est
824 3006 856 3032 in
871 3006 1061 3041 archetypo
1082 3006 1213 3039 signum
1235 3006 1414 3040 quoddam,
1430 3006 1554 3040 raptim
1575 3010 1766 3040 exaratum,
1788 3006 1874 3040 quod

251 3053 319 3087 legi
334 3057 446 3088 potest
467 3052 503 3086 T,
524 3052 553 3080 U
565 3057 597 3080 et
613 3053 718 3080 etiam
732 3052 771 3086 Z,-
787 3053 844 3080 sed
861 3053 902 3087 id,
920 3053 961 3080 ad
978 3053 1064 3087 quod
1080 3053 1212 3081 accedit
1230 3054 1349 3088 magis,
1364 3057 1416 3081 est
1439 3053 1473 3080 T.
