2020 3342
837 260 920 297 AN.
951 259 1042 297 1556
1680 253 1748 290 133

127 362 230 401 cula
253 360 467 412 quadarn,
492 359 658 410 quibus
678 358 953 399 lectionibus
972 357 1119 407 multi,
1143 356 1220 408 qui
1241 355 1427 395 scholas
1448 359 1634 393 nostras
1655 362 1747 390 non

131 431 505 483 frequentabant,
529 430 793 470 interfuere.
816 429 999 469 Auctus
1019 427 1103 467 fuit
1124 439 1183 466 ex
1205 438 1257 466 eo
1279 432 1486 476 tempore
1509 424 1747 464 scholasti-

131 514 291 543 corum
313 512 548 551 numerUS,
572 501 649 552 qui
671 501 809 541 etiam
831 501 877 540 in
899 500 996 539 dies
1027 499 1237 548 singulos
1264 497 1327 536 ita
1356 496 1545 545 crescit,
1579 501 1627 534 ut
1657 506 1750 533 non

136 574 255 614 desit
276 573 658 626 praeceptoribus
685 572 902 621 materia,
934 572 979 611 in
1006 581 1096 621 qua
1125 569 1301 620 ingenii
1328 573 1468 618 atque
1494 565 1750 605 industriae

131 656 244 684 suae
265 645 388 684 uires
412 655 631 684 exercere
652 643 845 694 possint3
868 641 923 681 de
945 652 1142 692 quorum
1161 639 1344 691 quidem
1376 637 1635 688 diligentia,
1660 643 1752 675 stu-

134 715 209 755 dio
232 715 552 766 charitateque
574 726 687 765 erga
709 713 975 764 discipulos,
999 723 1092 751 non
1115 716 1184 751 est
1204 710 1327 761 quod
1344 709 1418 748 hic
1436 709 1580 748 multa
1597 706 1752 746 dican-

130 792 219 836 tur,
245 798 349 825 cum
376 786 655 837 praesertim
683 783 1094 832 scholasticorum,
1119 793 1223 821 cum
1254 781 1301 820 in
1321 780 1488 829 literis,
1514 786 1612 818 tum
1641 789 1753 817 uero

132 857 335 896 maxime
356 857 403 896 in
424 868 604 896 morum
627 856 910 905 integritate,
934 853 1170 905 profectus
1191 852 1360 892 tacitus
1383 851 1565 897 clamet,
1589 859 1754 899 meque

132 933 330 977 tacente,
355 938 515 967 curam
536 925 984 976 sollicitudinemque
1012 935 1173 964 eorum
1203 922 1416 962 omnibus
1445 919 1752 968 commendet,

141 999 218 1049 qui
240 998 278 1038 si
298 1003 632 1050 torpescerent,
657 1009 751 1037 non
773 997 868 1046 ille,
893 996 970 1047 qui
991 995 1036 1035 in
1058 993 1353 1034 scholasticis
1374 997 1591 1044 apparet,
1614 990 1755 1029 uirtu-

136 1070 198 1109 tis
218 1069 548 1119 literarumque
570 1068 788 1120 splendor
808 1068 1106 1107 elucesceret.
1132 1065 1408 1105 Benedictus
1430 1064 1488 1103 sit
1509 1061 1753 1109 Dominus,

135 1140 213 1191 qui
240 1140 328 1180 illis
358 1140 480 1179 hanc
508 1146 709 1178 mentem
737 1139 899 1187 donat,
929 1137 1352 1188 discipulorumque
1380 1134 1560 1174 animos
1582 1133 1645 1172 ita
1666 1139 1756 1171 tra-

140 1211 335 1251 ctabiles
369 1210 520 1250 reddit
541 1242 548 1260 ,
585 1216 633 1249 ut
667 1209 888 1249 bonitatis
922 1208 1125 1259 sigillum
1158 1207 1293 1247 facile
1328 1205 1596 1256 suscipiant.
1634 1202 1758 1243 Nihil

136 1282 249 1322 noui
284 1281 454 1321 accidit
485 1292 544 1320 ex
573 1281 661 1320 hoc
690 1287 919 1331 tempore,
951 1279 1032 1319 sed
1061 1278 1216 1319 omnia
1242 1278 1290 1317 in
1319 1276 1490 1317 scholis
1518 1286 1602 1325 pro
1631 1284 1758 1313 more

138 1352 322 1392 fiebant.

216 1423 278 1462 At
298 1423 523 1474 postridie
544 1422 725 1462 Natalis
746 1421 937 1461 Domini
959 1420 1118 1460 habita
1139 1419 1224 1459 fuit
1246 1419 1395 1459 oratio
1417 1418 1578 1458 eodem
1595 1417 1639 1456 in
1657 1418 1760 1456 loco

139 1505 230 1544 quo
261 1500 490 1543 caeterae,
521 1504 546 1532 a
577 1493 778 1543 quodam
812 1503 957 1543 puero
993 1491 1049 1530 de
1084 1496 1358 1542 paupertate
1392 1489 1578 1529 Domini
1611 1488 1760 1527 nostri

135 1564 246 1617 Jesu
267 1563 392 1615 Xpi.,
417 1575 556 1615 quam
578 1564 675 1615 ipse
697 1575 722 1603 a
745 1563 917 1603 teneris
939 1562 1074 1602 annis
1100 1568 1324 1612 tanquam
1352 1560 1541 1600 filiolam
1570 1564 1639 1598 est
1667 1569 1761 1597 am-

140 1635 356 1685 plexatus
378 1645 524 1684 suam3
547 1634 632 1674 fuit
653 1634 718 1674 ita
738 1633 957 1685 frequens
987 1633 1226 1672 hominum
1257 1643 1533 1679 concursus,
1566 1636 1615 1669 ut
1643 1628 1760 1669 affir—

139 1717 268 1745 mare
296 1717 389 1745 non
415 1705 617 1745 dubitem
659 1711 858 1756 quatuor
893 1705 1036 1744 millia
1071 1704 1311 1743 hominum
1346 1702 1554 1751 affuisse3
1582 1701 1759 1751 fuitque

138 1777 358 1816 uniuersa
382 1777 548 1816 ciuitas
569 1782 698 1816 tanto
721 1787 833 1827 erga
855 1787 942 1815 nos
964 1775 1116 1815 studio
1140 1786 1363 1823 accensa,
1389 1780 1437 1813 ut
1458 1773 1530 1812 die
1551 1778 1760 1824 postero,

137 1848 215 1899 qui
249 1847 333 1886 fuit
360 1847 470 1887 Diui
499 1846 743 1898 Stephani,
776 1848 932 1899 plures
959 1847 1109 1886 adhuc
1136 1845 1438 1885 conuenerint
1464 1844 1511 1883 in
1545 1842 1757 1883 eumdem

139 1919 305 1967 locum,
330 1918 389 1958 ad
421 1919 702 1958 audiendum
730 1920 941 1969 eclogam
971 1918 1026 1957 de
1054 1917 1208 1957 Natali
1234 1916 1446 1965 Domini,
1477 1926 1594 1966 quae
1626 1914 1762 1953 simul

141 2000 246 2029 cum
267 1989 553 2029 carminibus
575 1989 677 2028 aliis
699 1989 754 2028 de
775 1994 1050 2040 paupertate
1071 1988 1278 2027 exhibita
1295 1987 1393 2035 fuit,
1414 1992 1551 2037 atque
1568 1986 1614 2024 in
1631 1991 1762 2024 tanta

140 2060 431 2099 multitudine
454 2071 510 2099 ne
531 2060 749 2099 minimus
779 2059 964 2111 quidem
993 2060 1215 2099 tumultus
1241 2058 1326 2098 fuit
1353 2058 1604 2106 excitatus,
1634 2055 1761 2106 quin-

141 2130 233 2170 imo
256 2131 320 2170 ita
342 2130 477 2170 auide
500 2130 764 2181 audiebant,
787 2137 850 2180 ut,
870 2132 1073 2181 peractis
1090 2130 1229 2169 rebus
1246 2129 1471 2177 omnibus,
1491 2127 1669 2167 immoti
1686 2126 1761 2165 ad·

141 2201 230 2241 huc
252 2201 593 2252 permanserint
615 2201 788 2252 aliquid
811 2201 934 2241 aliud
957 2207 1272 2251 expectantes:
1296 2200 1412 2239 adeo
1435 2204 1568 2238 erant
1589 2197 1763 2248 stipati,

140 2276 190 2310 ut
219 2271 467 2322 Episcopo,
494 2271 717 2311 interesse
744 2272 961 2322 cupienti,
993 2283 1106 2323 prae
1128 2271 1366 2310 hominum
1388 2275 1579 2309 caterua
1611 2267 1764 2307 aditus

142 2353 236 2381 non
256 2342 472 2396 patuerit.
496 2341 611 2381 Rem
633 2342 754 2381 hanc
776 2342 956 2382 animos
976 2342 1148 2381 ciuium
1168 2341 1476 2381 commouisse
1494 2339 1581 2378 hoc
1596 2338 1677 2378 tibi
1695 2349 1764 2376 ar-

143 2419 364 2462 gumento
386 2424 488 2452 esse
508 2419 676 2463 potest,
701 2413 823 2464 quod
844 2420 953 2452 tunc
974 2412 1196 2463 temporis
1217 2412 1348 2451 multi
1367 2411 1538 2450 liberos
1554 2420 1662 2448 suos
1680 2408 1764 2447 sub

144 2488 303 2522 nostra
335 2482 579 2533 disciplina
614 2483 892 2522 erudiendos
927 2482 1237 2531 tradiderunt,
1269 2482 1467 2521 aliorum
1497 2485 1764 2531 praecepto—

144 2563 247 2592 rum
269 2559 518 2603 arguentes
538 2553 794 2603 ignauiam,
819 2565 844 2592 a
867 2553 1032 2604 quibus
1052 2564 1291 2603 nunquam
1312 2551 1421 2603 quid
1441 2550 1588 2590 simile
1610 2555 1766 2589 actum

144 2628 229 2662 est.
253 2622 348 2662 Nec
370 2623 499 2666 deest
520 2624 613 2674 qui,
636 2624 815 2663 habens
836 2624 959 2663 domi
980 2630 1348 2674 praeceptorem,
1373 2622 1450 2673 qui
1468 2622 1637 2661 liberos
1654 2630 1765 2659 suos

145 2693 341 2743 erudiat,
366 2693 569 2744 quotidie
591 2694 650 2734 ad
670 2706 755 2734 nos
772 2694 994 2733 maiorem
1012 2700 1123 2733 natu
1139 2693 1283 2733 filium
1298 2693 1466 2732 mittat.
1486 2689 1767 2731 Scholastici

146 2774 308 2802 omnes
328 2755 697 2804 ducentesimum
718 2763 972 2815 adimplent
992 2775 1251 2813 numerum,
1271 2763 1347 2814 qui
1365 2763 1411 2802 in
1428 2762 1629 2813 quinque
1652 2761 1769 2799 clas-

144 2844 219 2872 ses
240 2839 345 2873 sunt
367 2833 519 2884 diuisi;
541 2835 789 2885 pluresque
810 2840 980 2884 essent,
1004 2834 1042 2873 si
1062 2835 1215 2874 locum
1236 2833 1600 2873 commodiorem
1628 2831 1767 2870 habe-

145 2914 315 2953 remus,
340 2915 492 2955 quem,
516 2903 617 2944 Deo
639 2905 793 2955 dante,
816 2904 947 2945 breui
970 2904 979 2923 ²
1004 2905 1255 2955 adepturos
1276 2913 1534 2955 speramus;
1557 2902 1603 2941 in
1625 2900 1778 2941 maxi*

203 3060 212 3080 Ι
251 3061 345 3087 breui
361 3068 431 3088 7105.
445 3061 631 3088 PoLANCUS.
